[
  {
    "source_url": "https://www.coles.com.au/product/britannia-bourbon-chocolate-flavoured-cream-biscuits-400g-2157229",
    "name": "Britannia Bourbon Chocolate Flavoured Cream Biscuits | 400g",
    "image_url": "https://www.coles.com.au/_next/image?url=https%3A%2F%2Fproductimages.coles.com.au%2Fproductimages%2F2%2F2157229.jpg&w=640&q=90",
    "barcode": "8901063136441",
    "shop": "coles",
    "weight": "400g",
    "prices": {
      "vic": "123",
      "qld": "123",
      "sa": "123"
    }
  },
  {
    "source_url": "https://www.woolworths.com.au/shop/productdetails/753062/britannia-bourbon-chocolate-biscuits",
    "name": "Britannia Bourbon Chocolate Biscuits 390g",
    "image_url": "https://cdn1.woolworths.media/content/wowproductimages/large/753062.jpg",
    "barcode": "8901063136441",
    "shop": "Woolworths",
    "weight": "100G",
    "prices": {
      "nsw": "495",
      "nsw_price_per_unit": "127",
      "nsw_unit": "G",
      "vic": "495"
    }
  },
  {
    "source_url": "https://www.coles.com.au/product/britannia-little-hearts-75g-2603030",
    "name": "Britannia Little Hearts | 75g",
    "image_url": "https://www.coles.com.au/_next/image?url=https%3A%2F%2Fproductimages.coles.com.au%2Fproductimages%2F2%2F2603030.jpg&w=640&q=90",
    "barcode": "8901063136250",
    "shop": "coles",
    "weight": "75g",
    "prices": {
      "vic": "167",
      "qld": "167",
      "sa": "167",
      "tas": "167"
    }
  },
  {
    "source_url": "https://www.woolworths.com.au/shop/productdetails/761613/britannia-little-hearts",
    "name": "Britannia Little Hearts 75g",
    "image_url": "https://cdn1.woolworths.media/content/wowproductimages/large/761613.jpg",
    "barcode": "8901063136250",
    "shop": "Woolworths",
    "weight": "100G",
    "prices": {
      "nsw": "125",
      "nsw_price_per_unit": "167",
      "nsw_unit": "G",
      "vic": "125"
    }
  },
  {
    "source_url": "https://www.coles.com.au/product/red-label-tea-20-pack-1872740",
    "name": "Red Label Tea | 20 Pack",
    "image_url": "https://www.coles.com.au/_next/image?url=https%3A%2F%2Fproductimages.coles.com.au%2Fproductimages%2F1%2F1872740.jpg&w=640&q=90",
    "barcode": "8901030083044",
    "shop": "coles",
    "weight": "20pack",
    "prices": {
      "vic": "70",
      "qld": "70",
      "sa": "70"
    }
  },
  {
    "source_url": "https://www.woolworths.com.au/shop/productdetails/431071/brooke-bond-red-label-black-leaf-tea",
    "name": "Brooke Bond Red Label Black Leaf Tea 900g",
    "image_url": "https://cdn1.woolworths.media/content/wowproductimages/large/431071.jpg",
    "barcode": "8901030083044",
    "shop": "Woolworths",
    "weight": "100G",
    "prices": {
      "nsw": "1400",
      "nsw_price_per_unit": "156",
      "nsw_unit": "G"
    }
  },
  {
    "source_url": "https://www.coles.com.au/product/frooti-mango-drink-500ml-2132137",
    "name": "Frooti Mango Drink | 500mL",
    "image_url": "https://www.coles.com.au/_next/image?url=https%3A%2F%2Fproductimages.coles.com.au%2Fproductimages%2F2%2F2132137.jpg&w=640&q=90",
    "barcode": "8902579104016",
    "shop": "coles",
    "weight": "500ml",
    "prices": {
      "vic": "430",
      "qld": "430",
      "sa": "430"
    }
  },
  {
    "source_url": "https://www.woolworths.com.au/shop/productdetails/794544/frooti-mango-drink",
    "name": "Frooti Mango Drink 500ml",
    "image_url": "https://cdn1.woolworths.media/content/wowproductimages/large/794544.jpg",
    "barcode": "8902579104016",
    "shop": "Woolworths",
    "weight": "1L",
    "prices": {
      "nsw": "215",
      "nsw_price_per_unit": "430",
      "nsw_unit": "L",
      "vic": "215"
    }
  },
  {
    "source_url": "https://www.coles.com.au/product/katoomba-crushed-garlic-1kg-3222508",
    "name": "Katoomba Crushed Garlic | 1kg",
    "image_url": "https://www.coles.com.au/_next/image?url=https%3A%2F%2Fproductimages.coles.com.au%2Fproductimages%2F3%2F3222508.jpg&w=640&q=90",
    "barcode": "9317471188368",
    "shop": "coles",
    "weight": "1kg",
    "prices": {
      "vic": "550"
    }
  },
  {
    "source_url": "https://www.woolworths.com.au/shop/productdetails/753907/katoomba-garlic",
    "name": "Katoomba Garlic 1kg",
    "image_url": "https://cdn1.woolworths.media/content/wowproductimages/large/753907.jpg",
    "barcode": "9317471188368",
    "shop": "Woolworths",
    "weight": "100G",
    "prices": {
      "nsw": "550",
      "nsw_price_per_unit": "55.00000000000001",
      "nsw_unit": "G",
      "vic": "550",
      "sa": "550",
      "tas": "550"
    }
  },
  {
    "source_url": "https://www.coles.com.au/product/katoomba-red-lentils-1kg-4683608",
    "name": "Katoomba Red Lentils | 1kg",
    "image_url": "https://www.coles.com.au/_next/image?url=https%3A%2F%2Fproductimages.coles.com.au%2Fproductimages%2F4%2F4683608.jpg&w=640&q=90",
    "barcode": "9317471189051",
    "shop": "coles",
    "weight": "1kg",
    "prices": {
      "vic": "360",
      "sa": "360"
    }
  },
  {
    "source_url": "https://www.woolworths.com.au/shop/productdetails/753947/katoomba-ingredients-red-lentils",
    "name": "Katoomba Ingredients Red Lentils 1kg",
    "image_url": "https://cdn1.woolworths.media/content/wowproductimages/large/753947.jpg",
    "barcode": "9317471189051",
    "shop": "Woolworths",
    "weight": "100G",
    "prices": {
      "nsw": "400",
      "nsw_price_per_unit": "40",
      "nsw_unit": "G",
      "vic": "400",
      "sa": "400",
      "tas": "400"
    }
  },
  {
    "source_url": "https://www.coles.com.au/product/katoomba-tyson-chick-peas-1kg-4683619",
    "name": "Katoomba Tyson Chick Peas | 1KG",
    "image_url": "https://www.coles.com.au/_next/image?url=https%3A%2F%2Fproductimages.coles.com.au%2Fproductimages%2F4%2F4683619.jpg&w=640&q=90",
    "barcode": "9317471189082",
    "shop": "coles",
    "weight": "1kg",
    "prices": {
      "vic": "225",
      "sa": "225"
    }
  },
  {
    "source_url": "https://www.woolworths.com.au/shop/productdetails/753984/katoomba-ingredients-tyson-chickpeas",
    "name": "Katoomba Ingredients Tyson Chickpeas 1kg",
    "image_url": "https://cdn1.woolworths.media/content/wowproductimages/large/753984.jpg",
    "barcode": "9317471189082",
    "shop": "Woolworths",
    "weight": "100G",
    "prices": {
      "nsw": "250",
      "nsw_price_per_unit": "25",
      "nsw_unit": "G",
      "vic": "250"
    }
  },
  {
    "source_url": "https://www.coles.com.au/product/katoomba-moong-beans-1kg-4713072",
    "name": "Katoomba Moong Beans | 1kg",
    "image_url": "https://www.coles.com.au/_next/image?url=https%3A%2F%2Fproductimages.coles.com.au%2Fproductimages%2F4%2F4713072.jpg&w=640&q=90",
    "barcode": "9317471183219",
    "shop": "coles",
    "weight": "1kg",
    "prices": {
      "vic": "360",
      "sa": "360"
    }
  },
  {
    "source_url": "https://www.woolworths.com.au/shop/productdetails/753946/katoomba-mung-beans",
    "name": "Katoomba Mung Beans 1kg",
    "image_url": "https://cdn1.woolworths.media/content/wowproductimages/large/753946.jpg",
    "barcode": "9317471183219",
    "shop": "Woolworths",
    "weight": "100G",
    "prices": {
      "nsw": "400",
      "nsw_price_per_unit": "40",
      "nsw_unit": "G",
      "vic": "NaN"
    }
  },
  {
    "source_url": "https://www.coles.com.au/product/kozhikoden's-banana-chips-200g-5254979",
    "name": "Kozhikoden's Banana Chips | 200g",
    "image_url": "https://www.coles.com.au/_next/image?url=https%3A%2F%2Fproductimages.coles.com.au%2Fproductimages%2F5%2F5254979.jpg&w=640&q=90",
    "barcode": "8906064701018",
    "shop": "coles",
    "weight": "200g",
    "prices": {
      "vic": "175",
      "qld": "175",
      "sa": "175"
    }
  },
  {
    "source_url": "https://www.woolworths.com.au/shop/productdetails/742628/kozhikoden-banana-chips",
    "name": "Kozhikoden Banana Chips 200g",
    "image_url": "https://cdn1.woolworths.media/content/wowproductimages/large/742628.jpg",
    "barcode": "8906064701018",
    "shop": "Woolworths",
    "weight": "100G",
    "prices": {
      "nsw": "350",
      "nsw_price_per_unit": "175",
      "nsw_unit": "G",
      "vic": "350"
    }
  },
  {
    "source_url": "https://www.coles.com.au/product/kozhikoden's-kerala-mixture-200g-5255166",
    "name": "Kozhikoden's Kerala Mixture | 200g",
    "image_url": "https://www.coles.com.au/_next/image?url=https%3A%2F%2Fproductimages.coles.com.au%2Fproductimages%2F5%2F5255166.jpg&w=640&q=90",
    "barcode": "8906064701124",
    "shop": "coles",
    "weight": "200g",
    "prices": {
      "vic": "175",
      "qld": "175",
      "sa": "175"
    }
  },
  {
    "source_url": "https://www.woolworths.com.au/shop/productdetails/742651/kozhikoden-kerala-mix",
    "name": "Kozhikoden Kerala Mix 200g",
    "image_url": "https://cdn1.woolworths.media/content/wowproductimages/large/742651.jpg",
    "barcode": "8906064701124",
    "shop": "Woolworths",
    "weight": "100G",
    "prices": {
      "nsw": "350",
      "nsw_price_per_unit": "175",
      "nsw_unit": "G",
      "vic": "350"
    }
  },
  {
    "source_url": "https://www.coles.com.au/product/kushi-lychee-juice-1l-5255370",
    "name": "Kushi Lychee Juice | 1L",
    "image_url": "https://www.coles.com.au/_next/image?url=https%3A%2F%2Fproductimages.coles.com.au%2Fproductimages%2F5%2F5255370.jpg&w=640&q=90",
    "barcode": "9317471001735",
    "shop": "coles",
    "weight": "1l",
    "prices": {
      "vic": "400",
      "qld": "400",
      "sa": "400"
    }
  },
  {
    "source_url": "https://www.woolworths.com.au/shop/productdetails/667709/kushi-lychee-juice",
    "name": "Kushi Lychee Juice 1l",
    "image_url": "https://cdn1.woolworths.media/content/wowproductimages/large/667709.jpg",
    "barcode": "9317471001735",
    "shop": "Woolworths",
    "weight": "100ML",
    "prices": {
      "nsw": "400",
      "nsw_price_per_unit": "40",
      "nsw_unit": "ML",
      "vic": "400",
      "sa": "400",
      "tas": "400"
    }
  },
  {
    "source_url": "https://www.coles.com.au/product/kushi-mango-juice-1l-5255381",
    "name": "Kushi Mango Juice | 1L",
    "image_url": "https://www.coles.com.au/_next/image?url=https%3A%2F%2Fproductimages.coles.com.au%2Fproductimages%2F5%2F5255381.jpg&w=640&q=90",
    "barcode": "9317471001704",
    "shop": "coles",
    "weight": "1l",
    "prices": {
      "vic": "400",
      "qld": "400",
      "sa": "400"
    }
  },
  {
    "source_url": "https://www.woolworths.com.au/shop/productdetails/667708/kushi-mango-juice",
    "name": "Kushi Mango Juice 1l",
    "image_url": "https://cdn1.woolworths.media/content/wowproductimages/large/667708.jpg",
    "barcode": "9317471001704",
    "shop": "Woolworths",
    "weight": "100ML",
    "prices": {
      "nsw": "400",
      "nsw_price_per_unit": "40",
      "nsw_unit": "ML",
      "vic": "400",
      "sa": "400",
      "tas": "400"
    }
  },
  {
    "source_url": "https://www.coles.com.au/product/maggi-2-minute-noodles-masala-560g-3336187",
    "name": "Maggi 2 Minute Noodles Masala | 560g",
    "image_url": "https://www.coles.com.au/_next/image?url=https%3A%2F%2Fproductimages.coles.com.au%2Fproductimages%2F3%2F3336187.jpg&w=640&q=90",
    "barcode": "8901058823844",
    "shop": "coles",
    "weight": "560g",
    "prices": {
      "vic": "80",
      "qld": "80",
      "sa": "80",
      "tas": "80"
    }
  },
  {
    "source_url": "https://www.woolworths.com.au/shop/productdetails/742654/maggi-masala-noodles",
    "name": "Maggi Masala Noodles 8 Pack",
    "image_url": "https://cdn1.woolworths.media/content/wowproductimages/large/742654.jpg",
    "barcode": "8901058823844",
    "shop": "Woolworths",
    "weight": "100G",
    "prices": {
      "nsw": "450",
      "nsw_price_per_unit": "80",
      "nsw_unit": "G",
      "vic": "450"
    }
  },
  {
    "source_url": "https://www.coles.com.au/product/maharajah's-choice-cardamon-green-pod-50gram-4715475",
    "name": "Maharajah's Choice Cardamon Green Pod | 50GRAM",
    "image_url": "https://www.coles.com.au/_next/image?url=https%3A%2F%2Fproductimages.coles.com.au%2Fproductimages%2F4%2F4715475.jpg&w=640&q=90",
    "barcode": "9311503100311",
    "shop": "coles",
    "weight": "50gram",
    "prices": {
      "sa": "80"
    }
  },
  {
    "source_url": "https://www.woolworths.com.au/shop/productdetails/124845/maharajah-s-choice-cardamom-green-pods",
    "name": "Maharajah's Choice Cardamom Green Pods 50g",
    "image_url": "https://cdn1.woolworths.media/content/wowproductimages/large/124845.jpg",
    "barcode": "9311503100311",
    "shop": "Woolworths",
    "weight": "100G",
    "prices": {
      "nsw": "480",
      "nsw_price_per_unit": "960",
      "nsw_unit": "G",
      "vic": "480"
    }
  },
  {
    "source_url": "https://www.coles.com.au/product/maharajah's-choice-crushed-chilli-250g-7209862",
    "name": "Maharajah's Choice Crushed Chilli | 250g",
    "image_url": "https://www.coles.com.au/_next/image?url=https%3A%2F%2Fproductimages.coles.com.au%2Fproductimages%2F7%2F7209862.jpg&w=640&q=90",
    "barcode": "9311503107136",
    "shop": "coles",
    "weight": "250g",
    "prices": {
      "vic": "8"
    }
  },
  {
    "source_url": "https://www.woolworths.com.au/shop/productdetails/433185/maharajah-s-choice-crushed-chilli-spice",
    "name": "Maharajah's Choice Crushed Chilli Spice 250g",
    "image_url": "https://cdn1.woolworths.media/content/wowproductimages/large/433185.jpg",
    "barcode": "9311503107136",
    "shop": "Woolworths",
    "weight": "10G",
    "prices": {
      "nsw": "250",
      "nsw_price_per_unit": "10",
      "nsw_unit": "G",
      "vic": "250"
    }
  },
  {
    "source_url": "https://www.coles.com.au/product/maharajah's-choice-cumin-seeds-250g-7200020",
    "name": "Maharajah's Choice Cumin Seeds | 250g",
    "image_url": "https://www.coles.com.au/_next/image?url=https%3A%2F%2Fproductimages.coles.com.au%2Fproductimages%2F7%2F7200020.jpg&w=640&q=90",
    "barcode": "9311503107266",
    "shop": "coles",
    "weight": "250g",
    "prices": {
      "vic": "10",
      "sa": "10"
    }
  },
  {
    "source_url": "https://www.woolworths.com.au/shop/productdetails/798354/maharajah-s-choice-cumin-seed",
    "name": "Maharajah's Choice Cumin Seed 250g",
    "image_url": "https://cdn1.woolworths.media/content/wowproductimages/large/798354.jpg",
    "barcode": "9311503107266",
    "shop": "Woolworths",
    "weight": "100G",
    "prices": {
      "nsw": "300",
      "nsw_price_per_unit": "120",
      "nsw_unit": "G",
      "vic": "300"
    }
  },
  {
    "source_url": "https://www.coles.com.au/product/maharajah's-choice-garam-masala-250gram-7977467",
    "name": "Maharajah's Choice Garam Masala | 250GRAM",
    "image_url": "https://www.coles.com.au/_next/image?url=https%3A%2F%2Fproductimages.coles.com.au%2Fproductimages%2F7%2F7977467.jpg&w=640&q=90",
    "barcode": "9311503107341",
    "shop": "coles",
    "weight": "250gram",
    "prices": {
      "vic": "12",
      "sa": "12"
    }
  },
  {
    "source_url": "https://www.woolworths.com.au/shop/productdetails/802417/maharajah-s-choice-garam-masala",
    "name": "Maharajah's Choice Garam Masala 250g",
    "image_url": "https://cdn1.woolworths.media/content/wowproductimages/large/802417.jpg",
    "barcode": "9311503107341",
    "shop": "Woolworths",
    "weight": "100G",
    "prices": {
      "nsw": "385",
      "nsw_price_per_unit": "154",
      "nsw_unit": "G",
      "vic": "385"
    }
  },
  {
    "source_url": "https://www.coles.com.au/product/maharajah's-choice-garlic-pappadams-100g-293340",
    "name": "Maharajah's Choice Garlic Pappadams | 100g",
    "image_url": "https://www.coles.com.au/_next/image?url=https%3A%2F%2Fproductimages.coles.com.au%2Fproductimages%2F2%2F293340.jpg&w=640&q=90",
    "barcode": "9311503361033",
    "shop": "coles",
    "weight": "100g",
    "prices": {
      "vic": "200",
      "qld": "200",
      "wa": "200",
      "sa": "200",
      "tas": "200"
    }
  },
  {
    "source_url": "https://www.woolworths.com.au/shop/productdetails/3925/maharajah-s-choice-garlic-pappadams",
    "name": "Maharajah's Choice Garlic Pappadams 100g",
    "image_url": "https://cdn1.woolworths.media/content/wowproductimages/large/003925.jpg",
    "barcode": "9311503361033",
    "shop": "Woolworths",
    "weight": "100G",
    "prices": {
      "nsw": "100",
      "nsw_price_per_unit": "100",
      "nsw_unit": "G",
      "vic": "100",
      "qld": "NaN",
      "wa": "100",
      "sa": "100",
      "tas": "100"
    }
  },
  {
    "source_url": "https://www.coles.com.au/product/maharajah's-choice-pure-ghee-300g-9743547",
    "name": "Maharajah's Choice Pure Ghee | 300g",
    "image_url": "https://www.coles.com.au/_next/image?url=https%3A%2F%2Fproductimages.coles.com.au%2Fproductimages%2F9%2F9743547.jpg&w=640&q=90",
    "barcode": "9311503141208",
    "shop": "coles",
    "weight": "300g",
    "prices": {
      "nsw": "207",
      "nsw_price_per_unit": "620",
      "nsw_unit": "g",
      "vic": "207",
      "qld": "207",
      "wa": "207",
      "sa": "207",
      "tas": "207"
    }
  },
  {
    "source_url": "https://www.woolworths.com.au/shop/productdetails/223725/maharajah-s-choice-ingredients-ghee-pure",
    "name": "Maharajah's Choice Ingredients Ghee Pure 300ml",
    "image_url": "https://cdn1.woolworths.media/content/wowproductimages/large/223725.jpg",
    "barcode": "9311503141208",
    "shop": "Woolworths",
    "weight": "100ML",
    "prices": {
      "nsw": "620",
      "nsw_price_per_unit": "206.99999999999997",
      "nsw_unit": "ML",
      "vic": "620",
      "qld": "620",
      "wa": "620",
      "sa": "620",
      "tas": "620"
    }
  },
  {
    "source_url": "https://www.coles.com.au/product/maharajah's-choice-plain-pappadams-100g-419448",
    "name": "Maharajah's Choice Plain Pappadams | 100g",
    "image_url": "https://www.coles.com.au/_next/image?url=https%3A%2F%2Fproductimages.coles.com.au%2Fproductimages%2F4%2F419448.jpg&w=640&q=90",
    "barcode": "9311503361019",
    "shop": "coles",
    "weight": "100g",
    "prices": {
      "nsw": "200",
      "nsw_price_per_unit": "200",
      "nsw_unit": "g",
      "vic": "200",
      "qld": "200",
      "wa": "200",
      "sa": "200",
      "tas": "200"
    }
  },
  {
    "source_url": "https://www.woolworths.com.au/shop/productdetails/3927/maharajah-s-choice-plain-pappadam-pappadams",
    "name": "Maharajah's Choice Plain Pappadam 100g",
    "image_url": "https://cdn1.woolworths.media/content/wowproductimages/large/003927.jpg",
    "barcode": "9311503361019",
    "shop": "Woolworths",
    "weight": "100G",
    "prices": {
      "nsw": "100",
      "nsw_price_per_unit": "100",
      "nsw_unit": "G",
      "vic": "100",
      "qld": "100",
      "wa": "100",
      "sa": "100",
      "tas": "100"
    }
  },
  {
    "source_url": "https://www.coles.com.au/product/maharajah's-choice-poha-rice-flakes-500g-7978211",
    "name": "Maharajah's Choice Poha Rice Flakes | 500g",
    "image_url": "https://www.coles.com.au/_next/image?url=https%3A%2F%2Fproductimages.coles.com.au%2Fproductimages%2F7%2F7978211.jpg&w=640&q=90",
    "barcode": "9311503364850",
    "shop": "coles",
    "weight": "500g",
    "prices": {
      "vic": "44",
      "qld": "44",
      "sa": "44"
    }
  },
  {
    "source_url": "https://www.woolworths.com.au/shop/productdetails/799787/maharajah-s-choice-rice-flakes",
    "name": "Maharajah's Choice Rice Flakes 500g",
    "image_url": "https://cdn1.woolworths.media/content/wowproductimages/large/799787.jpg",
    "barcode": "9311503364850",
    "shop": "Woolworths",
    "weight": "100G",
    "prices": {
      "nsw": "220.00000000000003",
      "nsw_price_per_unit": "44",
      "nsw_unit": "G",
      "vic": "220.00000000000003"
    }
  },
  {
    "source_url": "https://www.coles.com.au/product/maharajah's-choice-semolina-coarse-1kg-7978186",
    "name": "Maharajah's Choice Semolina Coarse | 1kg",
    "image_url": "https://www.coles.com.au/_next/image?url=https%3A%2F%2Fproductimages.coles.com.au%2Fproductimages%2F7%2F7978186.jpg&w=640&q=90",
    "barcode": "9311503260886",
    "shop": "coles",
    "weight": "1kg",
    "prices": {
      "vic": "285",
      "qld": "285",
      "sa": "285"
    }
  },
  {
    "source_url": "https://www.woolworths.com.au/shop/productdetails/431225/maharajah-s-choice-semolina-flour",
    "name": "Maharajah's Choice Semolina Flour 1kg",
    "image_url": "https://cdn1.woolworths.media/content/wowproductimages/large/431225.jpg",
    "barcode": "9311503260886",
    "shop": "Woolworths",
    "weight": "100G",
    "prices": {
      "nsw": "285",
      "nsw_price_per_unit": "28.999999999999996",
      "nsw_unit": "G",
      "vic": "285"
    }
  },
  {
    "source_url": "https://www.coles.com.au/product/mission-garlic-herb-naan-4-pack-280g-5193637",
    "name": "Mission Garlic Herb Naan 4 Pack | 280g",
    "image_url": "https://www.coles.com.au/_next/image?url=https%3A%2F%2Fproductimages.coles.com.au%2Fproductimages%2F5%2F5193637.jpg&w=640&q=90",
    "barcode": "9317224400907",
    "shop": "coles",
    "weight": "280g",
    "prices": {
      "nsw": "146",
      "nsw_price_per_unit": "410",
      "nsw_unit": "g",
      "vic": "146",
      "qld": "146",
      "wa": "146",
      "sa": "146",
      "tas": "146"
    }
  },
  {
    "source_url": "https://www.woolworths.com.au/shop/productdetails/339439/mission-naan-bread-garlic-herb",
    "name": "Mission Naan Bread Garlic & Herb 4 Pack",
    "image_url": "https://cdn1.woolworths.media/content/wowproductimages/large/339439.jpg",
    "barcode": "9317224400907",
    "shop": "Woolworths",
    "weight": "100G",
    "prices": {
      "nsw": "409.99999999999994",
      "nsw_price_per_unit": "146",
      "nsw_unit": "G",
      "qld": "409.99999999999994",
      "wa": "409.99999999999994",
      "sa": "409.99999999999994"
    }
  },
  {
    "source_url": "https://www.coles.com.au/product/mission-plain-naan-4-pack-280g-5193681",
    "name": "Mission Plain Naan 4 Pack | 280g",
    "image_url": "https://www.coles.com.au/_next/image?url=https%3A%2F%2Fproductimages.coles.com.au%2Fproductimages%2F5%2F5193681.jpg&w=640&q=90",
    "barcode": "9317224400891",
    "shop": "coles",
    "weight": "280g",
    "prices": {
      "vic": "146",
      "qld": "146",
      "wa": "146",
      "sa": "146",
      "tas": "146"
    }
  },
  {
    "source_url": "https://www.woolworths.com.au/shop/productdetails/339435/mission-naan-bread-plain",
    "name": "Mission Naan Bread Plain 4 Pack 280g",
    "image_url": "https://cdn1.woolworths.media/content/wowproductimages/large/339435.jpg",
    "barcode": "9317224400891",
    "shop": "Woolworths",
    "weight": "100G",
    "prices": {
      "nsw": "409.99999999999994",
      "nsw_price_per_unit": "146",
      "nsw_unit": "G",
      "qld": "409.99999999999994",
      "wa": "409.99999999999994",
      "sa": "409.99999999999994"
    }
  },
  {
    "source_url": "https://www.coles.com.au/product/mtr-dal-makhani-mild-300g-2194270",
    "name": "MTR Dal Makhani Mild | 300g",
    "image_url": "https://www.coles.com.au/_next/image?url=https%3A%2F%2Fproductimages.coles.com.au%2Fproductimages%2F2%2F2194270.jpg&w=640&q=90",
    "barcode": "8901042957517",
    "shop": "coles",
    "weight": "300g",
    "prices": {
      "vic": "117",
      "qld": "117",
      "sa": "117"
    }
  },
  {
    "source_url": "https://www.woolworths.com.au/shop/productdetails/356673/mtr-ready-to-eat-dal-makhani",
    "name": "MTR Ready To Eat Dal Makhani 300g",
    "image_url": "https://cdn1.woolworths.media/content/wowproductimages/large/356673.jpg",
    "barcode": "8901042957517",
    "shop": "Woolworths",
    "weight": "100G",
    "prices": {
      "nsw": "350",
      "nsw_price_per_unit": "117",
      "nsw_unit": "G",
      "vic": "350"
    }
  },
  {
    "source_url": "https://www.coles.com.au/product/parle-g-gluco-biscuits-376g-2057461",
    "name": "Parle-G Gluco Biscuits | 376g",
    "image_url": "https://www.coles.com.au/_next/image?url=https%3A%2F%2Fproductimages.coles.com.au%2Fproductimages%2F2%2F2057461.jpg&w=640&q=90",
    "barcode": "8901719101083",
    "shop": "coles",
    "weight": "376g",
    "prices": {
      "vic": "53",
      "qld": "53",
      "sa": "53"
    }
  },
  {
    "source_url": "https://www.woolworths.com.au/shop/productdetails/754976/parle-glucose-biscuits-snack",
    "name": "Parle Glucose Biscuits Snack 376g",
    "image_url": "https://cdn1.woolworths.media/content/wowproductimages/large/754976.jpg",
    "barcode": "8901719101083",
    "shop": "Woolworths",
    "weight": "100G",
    "prices": {
      "nsw": "200",
      "nsw_price_per_unit": "53",
      "nsw_unit": "G",
      "vic": "200"
    }
  },
  {
    "source_url": "https://www.coles.com.au/product/parle-premium-rusks-200g-3322251",
    "name": "Parle Premium Rusks | 200g",
    "image_url": "https://www.coles.com.au/_next/image?url=https%3A%2F%2Fproductimages.coles.com.au%2Fproductimages%2F3%2F3322251.jpg&w=640&q=90",
    "barcode": "8901719101625",
    "shop": "coles",
    "weight": "200g",
    "prices": {
      "vic": "90",
      "qld": "90",
      "sa": "90"
    }
  },
  {
    "source_url": "https://www.woolworths.com.au/shop/productdetails/934387/parle-rusk-biscuit",
    "name": "Parle Rusk Biscuit 200g",
    "image_url": "https://cdn1.woolworths.media/content/wowproductimages/large/934387.jpg",
    "barcode": "8901719101625",
    "shop": "Woolworths",
    "weight": "100G",
    "prices": {
      "nsw": "180",
      "nsw_price_per_unit": "90",
      "nsw_unit": "G",
      "vic": "180"
    }
  },
  {
    "source_url": "https://www.coles.com.au/product/passage-foods-passage-to-india-butter-chicken-simmer-sauce-pouch-375g-9781499",
    "name": "Passage Foods Passage To India Butter Chicken Simmer Sauce Po ... 375g",
    "image_url": "https://www.coles.com.au/_next/image?url=https%3A%2F%2Fproductimages.coles.com.au%2Fproductimages%2F9%2F9781499.jpg&w=640&q=90",
    "barcode": "9325763000038",
    "shop": "coles",
    "weight": "375g",
    "prices": {
      "nsw": "168",
      "nsw_price_per_unit": "630",
      "nsw_unit": "g",
      "vic": "168",
      "qld": "168",
      "wa": "168",
      "sa": "168",
      "tas": "168"
    }
  },
  {
    "source_url": "https://www.woolworths.com.au/shop/productdetails/186114/passage-to-india-simmer-sauce-butter-chicken",
    "name": "Passage To India Simmer Sauce Butter Chicken 375G",
    "image_url": "https://cdn1.woolworths.media/content/wowproductimages/large/186114.jpg",
    "barcode": "9325763000038",
    "shop": "Woolworths",
    "weight": "100G",
    "prices": {
      "nsw": "630",
      "nsw_price_per_unit": "168",
      "nsw_unit": "G",
      "vic": "630",
      "qld": "630",
      "wa": "630",
      "sa": "630",
      "tas": "630"
    }
  },
  {
    "source_url": "https://www.coles.com.au/product/passage-foods-passage-to-india-korma-curry-simmer-sauce-pouch-375g-9781580",
    "name": "Passage Foods Passage To India Korma Curry Simmer Sauce Po ... 375g",
    "image_url": "https://www.coles.com.au/_next/image?url=https%3A%2F%2Fproductimages.coles.com.au%2Fproductimages%2F9%2F9781580.jpg&w=640&q=90",
    "barcode": "9325763000052",
    "shop": "coles",
    "weight": "375g",
    "prices": {
      "nsw": "168",
      "nsw_price_per_unit": "630",
      "nsw_unit": "g",
      "vic": "168",
      "qld": "168",
      "wa": "168",
      "sa": "168",
      "tas": "168"
    }
  },
  {
    "source_url": "https://www.woolworths.com.au/shop/productdetails/186115/passage-to-india-simmer-sauce-curry-korma",
    "name": "Passage To India Simmer Sauce Curry Korma 375G",
    "image_url": "https://cdn1.woolworths.media/content/wowproductimages/large/186115.jpg",
    "barcode": "9325763000052",
    "shop": "Woolworths",
    "weight": "100G",
    "prices": {
      "nsw": "630",
      "nsw_price_per_unit": "168",
      "nsw_unit": "G",
      "vic": "630",
      "qld": "630",
      "wa": "630",
      "sa": "630",
      "tas": "630"
    }
  },
  {
    "source_url": "https://www.coles.com.au/product/passage-foods-passage-to-india-butter-chicken-simmer-sauce-pouch-extra-mild-375g-2360991",
    "name": "Passage Foods Passage To India Butter Chicken Simmer Sauce Po ... 375g",
    "image_url": "https://www.coles.com.au/_next/image?url=https%3A%2F%2Fproductimages.coles.com.au%2Fproductimages%2F2%2F2360991.jpg&w=640&q=90",
    "barcode": "9334279003860",
    "shop": "coles",
    "weight": "375g",
    "prices": {
      "nsw": "168",
      "nsw_price_per_unit": "630",
      "nsw_unit": "g",
      "vic": "168",
      "qld": "168",
      "wa": "168",
      "sa": "168",
      "tas": "168"
    }
  },
  {
    "source_url": "https://www.woolworths.com.au/shop/productdetails/826262/passage-to-india-simmer-sauce-extra-mild-butter-chicken",
    "name": "Passage To India Simmer Sauce Extra Mild Butter Chicken 375G",
    "image_url": "https://cdn1.woolworths.media/content/wowproductimages/large/826262.jpg",
    "barcode": "9334279003860",
    "shop": "Woolworths",
    "weight": "100G",
    "prices": {
      "nsw": "630",
      "nsw_price_per_unit": "168",
      "nsw_unit": "G",
      "vic": "630",
      "qld": "630",
      "wa": "630",
      "sa": "630",
      "tas": "630"
    }
  },
  {
    "source_url": "https://www.coles.com.au/product/passage-foods-passage-to-india-rogan-josh-simmer-sauce-pouch-375g-4699040",
    "name": "Passage Foods Passage To India Rogan Josh Simmer Sauce Pouch | 375g",
    "image_url": "https://www.coles.com.au/_next/image?url=https%3A%2F%2Fproductimages.coles.com.au%2Fproductimages%2F4%2F4699040.jpg&w=640&q=90",
    "barcode": "9325763000090",
    "shop": "coles",
    "weight": "375g",
    "prices": {
      "nsw": "168",
      "nsw_price_per_unit": "630",
      "nsw_unit": "g",
      "vic": "168",
      "qld": "168",
      "wa": "168",
      "sa": "168",
      "tas": "168"
    }
  },
  {
    "source_url": "https://www.woolworths.com.au/shop/productdetails/186117/passage-to-india-simmer-sauce-rogan-josh",
    "name": "Passage To India Simmer Sauce Rogan Josh 375G",
    "image_url": "https://cdn1.woolworths.media/content/wowproductimages/large/186117.jpg",
    "barcode": "9325763000090",
    "shop": "Woolworths",
    "weight": "100G",
    "prices": {
      "nsw": "630",
      "nsw_price_per_unit": "168",
      "nsw_unit": "G",
      "vic": "630",
      "qld": "630",
      "wa": "630",
      "sa": "630",
      "tas": "630"
    }
  },
  {
    "source_url": "https://www.coles.com.au/product/passage-foods-passage-to-india-tikka-masala-simmer-sauce-pouch-375g-4699030",
    "name": "Passage Foods Passage To India Tikka Masala Simmer Sauce Po ... 375g",
    "image_url": "https://www.coles.com.au/_next/image?url=https%3A%2F%2Fproductimages.coles.com.au%2Fproductimages%2F4%2F4699030.jpg&w=640&q=90",
    "barcode": "9325763000083",
    "shop": "coles",
    "weight": "375g",
    "prices": {
      "nsw": "168",
      "nsw_price_per_unit": "630",
      "nsw_unit": "g",
      "vic": "168",
      "qld": "168",
      "wa": "168",
      "sa": "168",
      "tas": "168"
    }
  },
  {
    "source_url": "https://www.woolworths.com.au/shop/productdetails/186116/passage-to-india-simmer-sauce-tikka-masala",
    "name": "Passage To India Simmer Sauce Tikka Masala 375G",
    "image_url": "https://cdn1.woolworths.media/content/wowproductimages/large/186116.jpg",
    "barcode": "9325763000083",
    "shop": "Woolworths",
    "weight": "100G",
    "prices": {
      "nsw": "630",
      "nsw_price_per_unit": "168",
      "nsw_unit": "G",
      "vic": "630",
      "qld": "630",
      "wa": "630",
      "sa": "630",
      "tas": "630"
    }
  },
  {
    "source_url": "https://www.coles.com.au/product/passage-foods-passage-to-india-vindaloo-simmer-sauce-pouch-375g-6293943",
    "name": "Passage Foods Passage to India Vindaloo Simmer Sauce Pouch | 375g",
    "image_url": "https://www.coles.com.au/_next/image?url=https%3A%2F%2Fproductimages.coles.com.au%2Fproductimages%2F6%2F6293943.jpg&w=640&q=90",
    "barcode": "9325763000076",
    "shop": "coles",
    "weight": "375g",
    "prices": {
      "nsw": "168",
      "nsw_price_per_unit": "630",
      "nsw_unit": "g",
      "vic": "168",
      "qld": "168",
      "wa": "168",
      "sa": "168",
      "tas": "168"
    }
  },
  {
    "source_url": "https://www.woolworths.com.au/shop/productdetails/186118/passage-to-india-simmer-sauce-vindaloo-hot",
    "name": "Passage To India Simmer Sauce Vindaloo Hot 375G",
    "image_url": "https://cdn1.woolworths.media/content/wowproductimages/large/186118.jpg",
    "barcode": "9325763000076",
    "shop": "Woolworths",
    "weight": "100G",
    "prices": {
      "nsw": "630",
      "nsw_price_per_unit": "168",
      "nsw_unit": "G",
      "qld": "630",
      "wa": "630",
      "sa": "630"
    }
  },
  {
    "source_url": "https://www.coles.com.au/product/passage-to-india-slow-cook-butter-chicken-500gram-6541626",
    "name": "Passage TO India Slow Cook Butter Chicken | 500GRAM",
    "image_url": "https://www.coles.com.au/_next/image?url=https%3A%2F%2Fproductimages.coles.com.au%2Fproductimages%2F6%2F6541626.jpg&w=640&q=90",
    "barcode": "9334279007295",
    "shop": "coles",
    "weight": "500gram",
    "prices": {
      "nsw": "130",
      "nsw_price_per_unit": "650",
      "nsw_unit": "gram",
      "vic": "130",
      "qld": "130",
      "wa": "130",
      "sa": "130",
      "tas": "130"
    }
  },
  {
    "source_url": "https://www.woolworths.com.au/shop/productdetails/159185/passage-to-india-slow-cook-butter-chicken",
    "name": "Passage To India Slow Cook Butter Chicken 500g",
    "image_url": "https://cdn1.woolworths.media/content/wowproductimages/large/159185.jpg",
    "barcode": "9334279007295",
    "shop": "Woolworths",
    "weight": "100G",
    "prices": {
      "nsw": "650",
      "nsw_price_per_unit": "130",
      "nsw_unit": "G",
      "qld": "650",
      "wa": "650",
      "sa": "650"
    }
  },
  {
    "source_url": "https://www.coles.com.au/product/patak's-butter-chicken-curry-paste-312g-9311087",
    "name": "Patak's Butter Chicken Curry Paste | 312g",
    "image_url": "https://www.coles.com.au/_next/image?url=https%3A%2F%2Fproductimages.coles.com.au%2Fproductimages%2F9%2F9311087.jpg&w=640&q=90",
    "barcode": "5011308012065",
    "shop": "coles",
    "weight": "312g",
    "prices": {
      "nsw": "240",
      "nsw_price_per_unit": "750",
      "nsw_unit": "g",
      "vic": "240",
      "qld": "240",
      "wa": "240",
      "sa": "240",
      "tas": "240"
    }
  },
  {
    "source_url": "https://www.woolworths.com.au/shop/productdetails/174742/patak-s-butter-chicken-curry-paste-paste",
    "name": "Patak's Butter Chicken Curry Paste 312g",
    "image_url": "https://cdn1.woolworths.media/content/wowproductimages/large/174742.jpg",
    "barcode": "5011308012065",
    "shop": "Woolworths",
    "weight": "100G",
    "prices": {
      "nsw": "750",
      "nsw_price_per_unit": "240",
      "nsw_unit": "G",
      "vic": "750",
      "qld": "750",
      "wa": "750",
      "sa": "750",
      "tas": "750"
    }
  },
  {
    "source_url": "https://www.coles.com.au/product/patak's-butter-chicken-simmer-sauce-medium-450g-2917796",
    "name": "Patak's Butter Chicken Simmer Sauce Medium | 450g",
    "image_url": "https://www.coles.com.au/_next/image?url=https%3A%2F%2Fproductimages.coles.com.au%2Fproductimages%2F2%2F2917796.jpg&w=640&q=90",
    "barcode": "5011308901482",
    "shop": "coles",
    "weight": "450g",
    "prices": {
      "nsw": "100",
      "nsw_price_per_unit": "450",
      "nsw_unit": "g",
      "vic": "100",
      "qld": "100",
      "wa": "100",
      "sa": "100",
      "tas": "100"
    }
  },
  {
    "source_url": "https://www.woolworths.com.au/shop/productdetails/909273/patak-s-butter-chicken-simmer-sauce-medium",
    "name": "Patak's Butter Chicken Simmer Sauce Medium 450g",
    "image_url": "https://cdn1.woolworths.media/content/wowproductimages/large/909273.jpg",
    "barcode": "5011308901482",
    "shop": "Woolworths",
    "weight": "100G",
    "prices": {
      "nsw": "450",
      "nsw_price_per_unit": "100",
      "nsw_unit": "G",
      "qld": "450",
      "wa": "450",
      "sa": "450"
    }
  },
  {
    "source_url": "https://www.coles.com.au/product/patak's-pickled-eggplant-312g-5616060",
    "name": "Patak's Pickled Eggplant | 312g",
    "image_url": "https://www.coles.com.au/_next/image?url=https%3A%2F%2Fproductimages.coles.com.au%2Fproductimages%2F5%2F5616060.jpg&w=640&q=90",
    "barcode": "5011308012072",
    "shop": "coles",
    "weight": "312g",
    "prices": {
      "vic": "240",
      "qld": "240",
      "wa": "240",
      "sa": "240",
      "tas": "240"
    }
  },
  {
    "source_url": "https://www.woolworths.com.au/shop/productdetails/256933/patak-s-eggplant-pickle",
    "name": "Patak's Eggplant Pickle 312g",
    "image_url": "https://cdn1.woolworths.media/content/wowproductimages/large/256933.jpg",
    "barcode": "5011308012072",
    "shop": "Woolworths",
    "weight": "100G",
    "prices": {
      "nsw": "750",
      "nsw_price_per_unit": "240",
      "nsw_unit": "G",
      "qld": "750",
      "wa": "750",
      "sa": "750"
    }
  },
  {
    "source_url": "https://www.coles.com.au/product/patak's-korma-curry-paste-mild-290g-5666513",
    "name": "Patak's Korma Curry Paste Mild | 290g",
    "image_url": "https://www.coles.com.au/_next/image?url=https%3A%2F%2Fproductimages.coles.com.au%2Fproductimages%2F5%2F5666513.jpg&w=640&q=90",
    "barcode": "5011308000314",
    "shop": "coles",
    "weight": "290g",
    "prices": {
      "nsw": "259",
      "nsw_price_per_unit": "750",
      "nsw_unit": "g",
      "vic": "259",
      "qld": "259",
      "wa": "259",
      "sa": "259",
      "tas": "259"
    }
  },
  {
    "source_url": "https://www.woolworths.com.au/shop/productdetails/79822/patak-s-korma-curry-paste",
    "name": "Patak's Korma Curry Paste 283g",
    "image_url": "https://cdn1.woolworths.media/content/wowproductimages/large/079822.jpg",
    "barcode": "5011308000314",
    "shop": "Woolworths",
    "weight": "100G",
    "prices": {
      "nsw": "750",
      "nsw_price_per_unit": "259",
      "nsw_unit": "G",
      "vic": "750",
      "qld": "750",
      "wa": "750",
      "sa": "750",
      "tas": "750"
    }
  },
  {
    "source_url": "https://www.coles.com.au/product/patak's-korma-simmer-sauce-mild-450g-2917720",
    "name": "Patak's Korma Simmer Sauce Mild | 450g",
    "image_url": "https://www.coles.com.au/_next/image?url=https%3A%2F%2Fproductimages.coles.com.au%2Fproductimages%2F2%2F2917720.jpg&w=640&q=90",
    "barcode": "5011308901505",
    "shop": "coles",
    "weight": "450g",
    "prices": {
      "nsw": "100",
      "nsw_price_per_unit": "450",
      "nsw_unit": "g",
      "vic": "100",
      "qld": "100",
      "wa": "100",
      "sa": "100",
      "tas": "100"
    }
  },
  {
    "source_url": "https://www.woolworths.com.au/shop/productdetails/580625/patak-s-korma-curry-simmer-sauce-sauce",
    "name": "Patak's Korma Curry Simmer Sauce Sauce 450g",
    "image_url": "https://cdn1.woolworths.media/content/wowproductimages/large/580625.jpg",
    "barcode": "5011308901505",
    "shop": "Woolworths",
    "weight": "100G",
    "prices": {
      "nsw": "450",
      "nsw_price_per_unit": "100",
      "nsw_unit": "G",
      "vic": "450",
      "qld": "450",
      "wa": "450",
      "sa": "450",
      "tas": "450"
    }
  },
  {
    "source_url": "https://www.coles.com.au/product/patak's-butter-chicken-simmer-sauce-mild-450g-2917763",
    "name": "Patak's Butter Chicken Simmer Sauce Mild | 450g",
    "image_url": "https://www.coles.com.au/_next/image?url=https%3A%2F%2Fproductimages.coles.com.au%2Fproductimages%2F2%2F2917763.jpg&w=640&q=90",
    "barcode": "5011308901536",
    "shop": "coles",
    "weight": "450g",
    "prices": {
      "nsw": "100",
      "nsw_price_per_unit": "450",
      "nsw_unit": "g",
      "vic": "100",
      "qld": "100",
      "wa": "100",
      "sa": "100",
      "tas": "100"
    }
  },
  {
    "source_url": "https://www.woolworths.com.au/shop/productdetails/580621/patak-s-mild-butter-chicken-simmer-sauce",
    "name": "Patak's Mild Butter Chicken Simmer Sauce 450g",
    "image_url": "https://cdn1.woolworths.media/content/wowproductimages/large/580621.jpg",
    "barcode": "5011308901536",
    "shop": "Woolworths",
    "weight": "100G",
    "prices": {
      "nsw": "450",
      "nsw_price_per_unit": "100",
      "nsw_unit": "G",
      "vic": "450",
      "qld": "450",
      "wa": "450",
      "sa": "450",
      "tas": "450"
    }
  },
  {
    "source_url": "https://www.coles.com.au/product/patak's-tandoori-paste-marinade-295g-5030734",
    "name": "Patak's Tandoori Paste Marinade | 295g",
    "image_url": "https://www.coles.com.au/_next/image?url=https%3A%2F%2Fproductimages.coles.com.au%2Fproductimages%2F5%2F5030734.jpg&w=640&q=90",
    "barcode": "5011308002219",
    "shop": "coles",
    "weight": "295g",
    "prices": {
      "nsw": "254",
      "nsw_price_per_unit": "750",
      "nsw_unit": "g",
      "vic": "254",
      "qld": "254",
      "wa": "254",
      "sa": "254",
      "tas": "254"
    }
  },
  {
    "source_url": "https://www.woolworths.com.au/shop/productdetails/256680/patak-s-mild-tandoori-indian-paste-marinade",
    "name": "Patak's Mild Tandoori Indian Paste Marinade 295g",
    "image_url": "https://cdn1.woolworths.media/content/wowproductimages/large/256680.jpg",
    "barcode": "5011308002219",
    "shop": "Woolworths",
    "weight": "100G",
    "prices": {
      "nsw": "750",
      "nsw_price_per_unit": "254",
      "nsw_unit": "G",
      "vic": "750",
      "qld": "750",
      "wa": "750",
      "sa": "750",
      "tas": "750"
    }
  },
  {
    "source_url": "https://www.coles.com.au/product/patak's-rogan-josh-curry-paste-medium-283g-5292989",
    "name": "Patak's Rogan Josh Curry Paste Medium | 283g",
    "image_url": "https://www.coles.com.au/_next/image?url=https%3A%2F%2Fproductimages.coles.com.au%2Fproductimages%2F5%2F5292989.jpg&w=640&q=90",
    "barcode": "5011308001922",
    "shop": "coles",
    "weight": "283g",
    "prices": {
      "vic": "265",
      "qld": "265",
      "wa": "265",
      "sa": "265",
      "tas": "265"
    }
  },
  {
    "source_url": "https://www.woolworths.com.au/shop/productdetails/59025/patak-s-rogan-josh-curry-paste-paste",
    "name": "Patak's Rogan Josh Curry Paste 283g",
    "image_url": "https://cdn1.woolworths.media/content/wowproductimages/large/059025.jpg",
    "barcode": "5011308001922",
    "shop": "Woolworths",
    "weight": "100G",
    "prices": {
      "nsw": "750",
      "nsw_price_per_unit": "265",
      "nsw_unit": "G",
      "vic": "750",
      "qld": "750",
      "wa": "750",
      "sa": "750",
      "tas": "750"
    }
  },
  {
    "source_url": "https://www.coles.com.au/product/patak's-tikka-masala-curry-paste-medium-283g-7306177",
    "name": "Patak's Tikka Masala Curry Paste Medium | 283g",
    "image_url": "https://www.coles.com.au/_next/image?url=https%3A%2F%2Fproductimages.coles.com.au%2Fproductimages%2F7%2F7306177.jpg&w=640&q=90",
    "barcode": "5011308000994",
    "shop": "coles",
    "weight": "283g",
    "prices": {
      "nsw": "265",
      "nsw_price_per_unit": "750",
      "nsw_unit": "g",
      "vic": "265",
      "qld": "265",
      "wa": "265",
      "sa": "265",
      "tas": "265"
    }
  },
  {
    "source_url": "https://www.woolworths.com.au/shop/productdetails/24275/patak-s-tikka-masala-curry-paste-paste",
    "name": "Patak's Tikka Masala Curry Paste 283g",
    "image_url": "https://cdn1.woolworths.media/content/wowproductimages/large/024275.jpg",
    "barcode": "5011308000994",
    "shop": "Woolworths",
    "weight": "100G",
    "prices": {
      "nsw": "750",
      "nsw_price_per_unit": "265",
      "nsw_unit": "G",
      "vic": "750",
      "qld": "750",
      "wa": "750",
      "sa": "750",
      "tas": "750"
    }
  },
  {
    "source_url": "https://www.coles.com.au/product/pillsbury-chakki-atta-whole-wheat-flour-5kg-2155008",
    "name": "Pillsbury Chakki Atta Whole Wheat Flour | 5kg",
    "image_url": "https://www.coles.com.au/_next/image?url=https%3A%2F%2Fproductimages.coles.com.au%2Fproductimages%2F2%2F2155008.jpg&w=640&q=90",
    "barcode": "8906000210048",
    "shop": "coles",
    "weight": "5kg",
    "prices": {
      "vic": "300",
      "qld": "300",
      "sa": "300",
      "tas": "300"
    }
  },
  {
    "source_url": "https://www.woolworths.com.au/shop/productdetails/754150/pillsbury-wheat-flour",
    "name": "Pillsbury Wheat Flour 5Kg",
    "image_url": "https://cdn1.woolworths.media/content/wowproductimages/large/754150.jpg",
    "barcode": "8906000210048",
    "shop": "Woolworths",
    "weight": "100G",
    "prices": {
      "nsw": "1500",
      "nsw_price_per_unit": "30",
      "nsw_unit": "G",
      "vic": "NaN"
    }
  },
  {
    "source_url": "https://www.coles.com.au/product/sharwood's-extra-creamy-butter-chicken-simmer-sauce-420g-3474362",
    "name": "Sharwood's Extra Creamy Butter Chicken Simmer Sauce | 420g",
    "image_url": "https://www.coles.com.au/_next/image?url=https%3A%2F%2Fproductimages.coles.com.au%2Fproductimages%2F3%2F3474362.jpg&w=640&q=90",
    "barcode": "5000354908408",
    "shop": "coles",
    "weight": "420g",
    "prices": {
      "vic": "119"
    }
  },
  {
    "source_url": "https://www.woolworths.com.au/shop/productdetails/674494/sharwood-s-creamy-butter-chicken",
    "name": "Sharwood's Creamy Butter Chicken 420g",
    "image_url": "https://cdn1.woolworths.media/content/wowproductimages/large/674494.jpg",
    "barcode": "5000354908408",
    "shop": "Woolworths",
    "weight": "100G",
    "prices": {
      "nsw": "500",
      "nsw_price_per_unit": "119",
      "nsw_unit": "G",
      "vic": "500",
      "qld": "500",
      "wa": "500",
      "sa": "500",
      "tas": "500"
    }
  },
  {
    "source_url": "https://www.coles.com.au/product/sharwood's-butter-chicken-simmer-sauce-420g-4505337",
    "name": "Sharwood's Butter Chicken Simmer Sauce | 420g",
    "image_url": "https://www.coles.com.au/_next/image?url=https%3A%2F%2Fproductimages.coles.com.au%2Fproductimages%2F4%2F4505337.jpg&w=640&q=90",
    "barcode": "5000197152655",
    "shop": "coles",
    "weight": "420g",
    "prices": {
      "nsw": "119",
      "nsw_price_per_unit": "500",
      "nsw_unit": "g",
      "vic": "119",
      "qld": "119",
      "wa": "119",
      "sa": "119",
      "tas": "119"
    }
  },
  {
    "source_url": "https://www.woolworths.com.au/shop/productdetails/222325/sharwood-s-simmer-sauce-butter-chicken",
    "name": "Sharwood's Simmer Sauce Butter Chicken 420g",
    "image_url": "https://cdn1.woolworths.media/content/wowproductimages/large/222325.jpg",
    "barcode": "5000197152655",
    "shop": "Woolworths",
    "weight": "100G",
    "prices": {
      "nsw": "500",
      "nsw_price_per_unit": "119",
      "nsw_unit": "G",
      "vic": "500",
      "qld": "500",
      "wa": "500",
      "sa": "500",
      "tas": "500"
    }
  },
  {
    "source_url": "https://www.coles.com.au/product/sharwood's-korma-simmer-sauce-420g-4699368",
    "name": "Sharwood's Korma Simmer Sauce | 420g",
    "image_url": "https://www.coles.com.au/_next/image?url=https%3A%2F%2Fproductimages.coles.com.au%2Fproductimages%2F4%2F4699368.jpg&w=640&q=90",
    "barcode": "5000197152662",
    "shop": "coles",
    "weight": "420g",
    "prices": {
      "nsw": "119",
      "nsw_price_per_unit": "500",
      "nsw_unit": "g",
      "vic": "119",
      "qld": "119",
      "wa": "119",
      "sa": "119",
      "tas": "119"
    }
  },
  {
    "source_url": "https://www.woolworths.com.au/shop/productdetails/222307/sharwood-s-simmer-sauce-korma",
    "name": "Sharwood's Simmer Sauce Korma 420g",
    "image_url": "https://cdn1.woolworths.media/content/wowproductimages/large/222307.jpg",
    "barcode": "5000197152662",
    "shop": "Woolworths",
    "weight": "100G",
    "prices": {
      "nsw": "500",
      "nsw_price_per_unit": "119",
      "nsw_unit": "G",
      "qld": "500",
      "wa": "500",
      "sa": "500"
    }
  },
  {
    "source_url": "https://www.coles.com.au/product/sharwood's-tikka-masala-simmer-sauce-420g-4699357",
    "name": "Sharwood's Tikka Masala Simmer Sauce | 420g",
    "image_url": "https://www.coles.com.au/_next/image?url=https%3A%2F%2Fproductimages.coles.com.au%2Fproductimages%2F4%2F4699357.jpg&w=640&q=90",
    "barcode": "5000197152709",
    "shop": "coles",
    "weight": "420g",
    "prices": {
      "nsw": "119",
      "nsw_price_per_unit": "500",
      "nsw_unit": "g",
      "vic": "119",
      "qld": "119",
      "wa": "119",
      "sa": "119",
      "tas": "119"
    }
  },
  {
    "source_url": "https://www.woolworths.com.au/shop/productdetails/222301/sharwood-s-simmer-sauce-tikka-masala",
    "name": "Sharwood's Simmer Sauce Tikka Masala 420g",
    "image_url": "https://cdn1.woolworths.media/content/wowproductimages/large/222301.jpg",
    "barcode": "5000197152709",
    "shop": "Woolworths",
    "weight": "100G",
    "prices": {
      "nsw": "500",
      "nsw_price_per_unit": "119",
      "nsw_unit": "G",
      "vic": "500",
      "qld": "500",
      "wa": "500",
      "sa": "500",
      "tas": "500"
    }
  },
  {
    "source_url": "https://www.coles.com.au/product/tata-salt-1kg-4389633",
    "name": "Tata Salt | 1kg",
    "image_url": "https://www.coles.com.au/_next/image?url=https%3A%2F%2Fproductimages.coles.com.au%2Fproductimages%2F4%2F4389633.jpg&w=640&q=90",
    "barcode": "8904043904108",
    "shop": "coles",
    "weight": "1kg",
    "prices": {
      "vic": "2",
      "qld": "2",
      "sa": "2"
    }
  },
  {
    "source_url": "https://www.woolworths.com.au/shop/productdetails/316746/tata-iodised-sea-salt",
    "name": "Tata Iodised Sea Salt 1kg",
    "image_url": "https://cdn1.woolworths.media/content/wowproductimages/large/316746.jpg",
    "barcode": "8904043904108",
    "shop": "Woolworths",
    "weight": "10G",
    "prices": {
      "nsw": "220.00000000000003",
      "nsw_price_per_unit": "2",
      "nsw_unit": "G",
      "vic": "220.00000000000003"
    }
  },
  {
    "source_url": "https://www.coles.com.au/product/the-spice-tailor-classic-butter-chicken-300g-2361190",
    "name": "The Spice Tailor Classic Butter Chicken | 300g",
    "image_url": "https://www.coles.com.au/_next/image?url=https%3A%2F%2Fproductimages.coles.com.au%2Fproductimages%2F2%2F2361190.jpg&w=640&q=90",
    "barcode": "5052675000224",
    "shop": "coles",
    "weight": "300g",
    "prices": {
      "nsw": "165",
      "nsw_price_per_unit": "495",
      "nsw_unit": "g",
      "vic": "165",
      "qld": "165",
      "wa": "165",
      "sa": "165",
      "tas": "165"
    }
  },
  {
    "source_url": "https://www.woolworths.com.au/shop/productdetails/452266/the-spice-tailor-classic-butter-chicken",
    "name": "The Spice Tailor Classic Butter Chicken 300g",
    "image_url": "https://cdn1.woolworths.media/content/wowproductimages/large/452266.jpg",
    "barcode": "5052675000224",
    "shop": "Woolworths",
    "weight": "100G",
    "prices": {
      "nsw": "495",
      "nsw_price_per_unit": "165",
      "nsw_unit": "G",
      "vic": "495",
      "qld": "NaN",
      "wa": "495",
      "sa": "495",
      "tas": "495"
    }
  },
  {
    "source_url": "https://www.coles.com.au/product/the-spice-tailor-classic-lentil-tarka-daal-500g-2803425",
    "name": "The Spice Tailor Classic Lentil Tarka Daal | 500g",
    "image_url": "https://www.coles.com.au/_next/image?url=https%3A%2F%2Fproductimages.coles.com.au%2Fproductimages%2F2%2F2803425.jpg&w=640&q=90",
    "barcode": "5052675001139",
    "shop": "coles",
    "weight": "500g",
    "prices": {
      "vic": "99",
      "qld": "99",
      "wa": "99",
      "sa": "99",
      "tas": "99"
    }
  },
  {
    "source_url": "https://www.woolworths.com.au/shop/productdetails/578151/the-spice-tailor-classic-tarka-daal",
    "name": "The Spice Tailor Classic Tarka Daal 500g",
    "image_url": "https://cdn1.woolworths.media/content/wowproductimages/large/578151.jpg",
    "barcode": "5052675001139",
    "shop": "Woolworths",
    "weight": "100G",
    "prices": {
      "nsw": "620",
      "nsw_price_per_unit": "124",
      "nsw_unit": "G",
      "qld": "620",
      "wa": "620",
      "sa": "620"
    }
  },
  {
    "source_url": "https://www.coles.com.au/product/the-spice-tailor-delhi-biryani-360g-3760463",
    "name": "The Spice Tailor Delhi Biryani | 360g",
    "image_url": "https://www.coles.com.au/_next/image?url=https%3A%2F%2Fproductimages.coles.com.au%2Fproductimages%2F3%2F3760463.jpg&w=640&q=90",
    "barcode": "5052675001009",
    "shop": "coles",
    "weight": "360g",
    "prices": {
      "nsw": "138",
      "nsw_price_per_unit": "495",
      "nsw_unit": "g",
      "vic": "138",
      "qld": "138",
      "wa": "138",
      "sa": "138",
      "tas": "138"
    }
  },
  {
    "source_url": "https://www.woolworths.com.au/shop/productdetails/846448/the-spice-tailor-delhi-biryani",
    "name": "The Spice Tailor Delhi Biryani 360g",
    "image_url": "https://cdn1.woolworths.media/content/wowproductimages/large/846448.jpg",
    "barcode": "5052675001009",
    "shop": "Woolworths",
    "weight": "100G",
    "prices": {
      "nsw": "620",
      "nsw_price_per_unit": "172",
      "nsw_unit": "G",
      "qld": "620",
      "wa": "620",
      "sa": "620"
    }
  },
  {
    "source_url": "https://www.coles.com.au/product/the-spice-tailor-delicate-korma-curry-300g-1330168",
    "name": "The Spice Tailor Delicate Korma Curry | 300g",
    "image_url": "https://www.coles.com.au/_next/image?url=https%3A%2F%2Fproductimages.coles.com.au%2Fproductimages%2F1%2F1330168.jpg&w=640&q=90",
    "barcode": "5052675000200",
    "shop": "coles",
    "weight": "300g",
    "prices": {
      "nsw": "165",
      "nsw_price_per_unit": "495",
      "nsw_unit": "g",
      "vic": "165",
      "qld": "165",
      "wa": "165",
      "sa": "165",
      "tas": "165"
    }
  },
  {
    "source_url": "https://www.woolworths.com.au/shop/productdetails/452500/the-spice-tailor-delicate-korma-curry",
    "name": "The Spice Tailor Delicate Korma Curry 300g",
    "image_url": "https://cdn1.woolworths.media/content/wowproductimages/large/452500.jpg",
    "barcode": "5052675000200",
    "shop": "Woolworths",
    "weight": "100G",
    "prices": {
      "nsw": "495",
      "nsw_price_per_unit": "165",
      "nsw_unit": "G",
      "vic": "495",
      "qld": "495",
      "wa": "495",
      "sa": "495",
      "tas": "495"
    }
  },
  {
    "source_url": "https://www.coles.com.au/product/the-spice-tailor-fiery-goan-curry-300g-2361203",
    "name": "The Spice Tailor Fiery Goan Curry | 300g",
    "image_url": "https://www.coles.com.au/_next/image?url=https%3A%2F%2Fproductimages.coles.com.au%2Fproductimages%2F2%2F2361203.jpg&w=640&q=90",
    "barcode": "5052675000248",
    "shop": "coles",
    "weight": "300g",
    "prices": {
      "vic": "165",
      "qld": "165",
      "wa": "165",
      "sa": "165",
      "tas": "165"
    }
  },
  {
    "source_url": "https://www.woolworths.com.au/shop/productdetails/580245/the-spice-tailor-fiery-goan-curry",
    "name": "The Spice Tailor Fiery Goan Curry 300g",
    "image_url": "https://cdn1.woolworths.media/content/wowproductimages/large/580245.jpg",
    "barcode": "5052675000248",
    "shop": "Woolworths",
    "weight": "100G",
    "prices": {
      "nsw": "495",
      "nsw_price_per_unit": "165",
      "nsw_unit": "G",
      "vic": "495",
      "qld": "495",
      "wa": "495",
      "sa": "495",
      "tas": "495"
    }
  },
  {
    "source_url": "https://www.coles.com.au/product/the-spice-tailor-keralan-coconut-curry-225g-1311345",
    "name": "The Spice Tailor Keralan Coconut Curry | 225g",
    "image_url": "https://www.coles.com.au/_next/image?url=https%3A%2F%2Fproductimages.coles.com.au%2Fproductimages%2F1%2F1311345.jpg&w=640&q=90",
    "barcode": "5052675030009",
    "shop": "coles",
    "weight": "225g",
    "prices": {
      "vic": "220",
      "qld": "220",
      "wa": "220",
      "sa": "220",
      "tas": "220"
    }
  },
  {
    "source_url": "https://www.woolworths.com.au/shop/productdetails/452268/the-spice-tailor-keralan-coconut-curry",
    "name": "The Spice Tailor Keralan Coconut Curry 225g",
    "image_url": "https://cdn1.woolworths.media/content/wowproductimages/large/452268.jpg",
    "barcode": "5052675030009",
    "shop": "Woolworths",
    "weight": "100G",
    "prices": {
      "nsw": "495",
      "nsw_price_per_unit": "220.00000000000003",
      "nsw_unit": "G",
      "vic": "495",
      "qld": "495",
      "wa": "495",
      "sa": "495",
      "tas": "495"
    }
  },
  {
    "source_url": "https://www.coles.com.au/product/the-spice-tailor-original-tikka-masala-300g-1330204",
    "name": "The Spice Tailor Original Tikka Masala | 300g",
    "image_url": "https://www.coles.com.au/_next/image?url=https%3A%2F%2Fproductimages.coles.com.au%2Fproductimages%2F1%2F1330204.jpg&w=640&q=90",
    "barcode": "5052675040206",
    "shop": "coles",
    "weight": "300g",
    "prices": {
      "nsw": "165",
      "nsw_price_per_unit": "495",
      "nsw_unit": "g",
      "vic": "165",
      "qld": "165",
      "wa": "165",
      "sa": "165",
      "tas": "165"
    }
  },
  {
    "source_url": "https://www.woolworths.com.au/shop/productdetails/452267/the-spice-tailor-original-tikka-masala",
    "name": "The Spice Tailor Original Tikka Masala 300g",
    "image_url": "https://cdn1.woolworths.media/content/wowproductimages/large/452267.jpg",
    "barcode": "5052675040206",
    "shop": "Woolworths",
    "weight": "100G",
    "prices": {
      "nsw": "495",
      "nsw_price_per_unit": "165",
      "nsw_unit": "G",
      "vic": "495",
      "qld": "495",
      "wa": "495",
      "sa": "495",
      "tas": "495"
    }
  },
  {
    "source_url": "https://www.coles.com.au/product/the-spice-tailor-rustic-rogan-josh-300g-1330180",
    "name": "The Spice Tailor Rustic Rogan Josh | 300g",
    "image_url": "https://www.coles.com.au/_next/image?url=https%3A%2F%2Fproductimages.coles.com.au%2Fproductimages%2F1%2F1330180.jpg&w=640&q=90",
    "barcode": "5052675060204",
    "shop": "coles",
    "weight": "300g",
    "prices": {
      "nsw": "165",
      "nsw_price_per_unit": "495",
      "nsw_unit": "g",
      "vic": "165",
      "qld": "165",
      "wa": "165",
      "sa": "165",
      "tas": "165"
    }
  },
  {
    "source_url": "https://www.woolworths.com.au/shop/productdetails/452464/the-spice-tailor-rustic-rogan-josh",
    "name": "The Spice Tailor Rustic Rogan Josh 300g",
    "image_url": "https://cdn1.woolworths.media/content/wowproductimages/large/452464.jpg",
    "barcode": "5052675060204",
    "shop": "Woolworths",
    "weight": "100G",
    "prices": {
      "nsw": "495",
      "nsw_price_per_unit": "165",
      "nsw_unit": "G",
      "vic": "495",
      "qld": "495",
      "wa": "495",
      "sa": "495",
      "tas": "495"
    }
  },
  {
    "source_url": "https://www.coles.com.au/product/haldirams-nutcracker-200g-5258437",
    "name": "Haldirams Nutcracker | 200g",
    "image_url": "https://www.coles.com.au/_next/image?url=https%3A%2F%2Fproductimages.coles.com.au%2Fproductimages%2F5%2F5258437.jpg&w=640&q=90",
    "barcode": "8904063200198",
    "shop": "coles",
    "weight": "200g",
    "prices": {
      "vic": "88",
      "qld": "88",
      "sa": "88"
    }
  },
  {
    "source_url": "https://www.woolworths.com.au/shop/productdetails/280457/haldiram-s-nut-cracker",
    "name": "Haldiram's Nut Cracker 200g",
    "image_url": "https://cdn1.woolworths.media/content/wowproductimages/large/280457.jpg",
    "barcode": "8904063200198",
    "shop": "Woolworths",
    "weight": "100G",
    "prices": {
      "vic": "350"
    }
  },
  {
    "source_url": "https://www.coles.com.au/product/idhayam-gingelly-oil-1litre-4695458",
    "name": "Idhayam Gingelly Oil | 1LITRE",
    "image_url": "https://www.coles.com.au/_next/image?url=https%3A%2F%2Fproductimages.coles.com.au%2Fproductimages%2F4%2F4695458.jpg&w=640&q=90",
    "barcode": "8904001800237",
    "shop": "coles",
    "weight": "1litre",
    "prices": {
      "vic": "102",
      "sa": "102"
    }
  },
  {
    "source_url": "https://www.woolworths.com.au/shop/productdetails/576700/idyham-gingerly-oil",
    "name": "Idyham Gingerly Oil 1l",
    "image_url": "https://cdn1.woolworths.media/content/wowproductimages/large/576700.jpg",
    "barcode": "8904001800237",
    "shop": "Woolworths",
    "weight": "100ML",
    "prices": {
      "vic": "1019.9999999999999"
    }
  },
  {
    "source_url": "https://www.coles.com.au/product/indya-mustard-oil-1l-4928410",
    "name": "Indya Mustard Oil | 1L",
    "image_url": "https://www.coles.com.au/_next/image?url=https%3A%2F%2Fproductimages.coles.com.au%2Fproductimages%2F4%2F4928410.jpg&w=640&q=90",
    "barcode": "9339209000919",
    "shop": "coles",
    "weight": "1l",
    "prices": {
      "vic": "600"
    }
  },
  {
    "source_url": "https://www.woolworths.com.au/shop/productdetails/208404/indya-mustard-oil-mustard-oil",
    "name": "Indya Mustard Oil 1L",
    "image_url": "https://cdn1.woolworths.media/content/wowproductimages/large/208404.jpg",
    "barcode": "9339209000919",
    "shop": "Woolworths",
    "weight": "100ML",
    "prices": {
      "vic": "600"
    }
  },
  {
    "source_url": "https://www.coles.com.au/product/maharajah's-choice-chilli-ground-250g-7209975",
    "name": "Maharajah's Choice Chilli Ground | 250g",
    "image_url": "https://www.coles.com.au/_next/image?url=https%3A%2F%2Fproductimages.coles.com.au%2Fproductimages%2F7%2F7209975.jpg&w=640&q=90",
    "barcode": "9311503107143",
    "shop": "coles",
    "weight": "250g",
    "prices": {
      "vic": "8"
    }
  },
  {
    "source_url": "https://www.woolworths.com.au/shop/productdetails/433266/maharajah-s-choice-chilli-powder-spice",
    "name": "Maharajah's Choice Chilli Powder Spice 250g",
    "image_url": "https://cdn1.woolworths.media/content/wowproductimages/large/433266.jpg",
    "barcode": "9311503107143",
    "shop": "Woolworths",
    "weight": "10G",
    "prices": {
      "vic": "250"
    }
  },
  {
    "source_url": "https://www.coles.com.au/product/maharajah's-choice-fennel-seeds-250g-7977434",
    "name": "Maharajah's Choice Fennel Seeds | 250g",
    "image_url": "https://www.coles.com.au/_next/image?url=https%3A%2F%2Fproductimages.coles.com.au%2Fproductimages%2F7%2F7977434.jpg&w=640&q=90",
    "barcode": "9311503107297",
    "shop": "coles",
    "weight": "250g",
    "prices": {
      "vic": "8"
    }
  },
  {
    "source_url": "https://www.woolworths.com.au/shop/productdetails/433281/maharajah-s-choice-fennel-seed-spice",
    "name": "Maharajah's Choice Fennel Seed Spice 250g",
    "image_url": "https://cdn1.woolworths.media/content/wowproductimages/large/433281.jpg",
    "barcode": "9311503107297",
    "shop": "Woolworths",
    "weight": "10G",
    "prices": {
      "vic": "250"
    }
  },
  {
    "source_url": "https://www.coles.com.au/product/maharajah's-choice-cumin-ground-250g-7210001",
    "name": "Maharajah's Choice Cumin Ground | 250g",
    "image_url": "https://www.coles.com.au/_next/image?url=https%3A%2F%2Fproductimages.coles.com.au%2Fproductimages%2F7%2F7210001.jpg&w=640&q=90",
    "barcode": "9311503107259",
    "shop": "coles",
    "weight": "250g",
    "prices": {
      "vic": "10",
      "sa": "10"
    }
  },
  {
    "source_url": "https://www.woolworths.com.au/shop/productdetails/433259/maharajah-s-choice-ground-cumin-spice",
    "name": "Maharajah's Choice Ground Cumin Spice 250g",
    "image_url": "https://cdn1.woolworths.media/content/wowproductimages/large/433259.jpg",
    "barcode": "9311503107259",
    "shop": "Woolworths",
    "weight": "10G",
    "prices": {
      "vic": "NaN"
    }
  },
  {
    "source_url": "https://www.coles.com.au/product/mtr-chana-masala-medium-300g-2194258",
    "name": "MTR Chana Masala Medium | 300g",
    "image_url": "https://www.coles.com.au/_next/image?url=https%3A%2F%2Fproductimages.coles.com.au%2Fproductimages%2F2%2F2194258.jpg&w=640&q=90",
    "barcode": "8901042956008",
    "shop": "coles",
    "weight": "300g",
    "prices": {
      "vic": "117",
      "qld": "117",
      "sa": "117"
    }
  },
  {
    "source_url": "https://www.woolworths.com.au/shop/productdetails/356676/mtr-ready-to-eat-chana-masala",
    "name": "MTR Ready To Eat Chana Masala 300g",
    "image_url": "https://cdn1.woolworths.media/content/wowproductimages/large/356676.jpg",
    "barcode": "8901042956008",
    "shop": "Woolworths",
    "weight": "100G",
    "prices": {
      "vic": "350"
    }
  },
  {
    "source_url": "https://www.coles.com.au/product/mtr-dal-fry-mild-300g-2194269",
    "name": "MTR Dal Fry Mild | 300g",
    "image_url": "https://www.coles.com.au/_next/image?url=https%3A%2F%2Fproductimages.coles.com.au%2Fproductimages%2F2%2F2194269.jpg&w=640&q=90",
    "barcode": "8901042955988",
    "shop": "coles",
    "weight": "300g",
    "prices": {
      "vic": "117",
      "sa": "117"
    }
  },
  {
    "source_url": "https://www.woolworths.com.au/shop/productdetails/752585/mtr-ready-to-eat-dal-fry",
    "name": "MTR Ready To Eat Dal Fry 300g",
    "image_url": "https://cdn1.woolworths.media/content/wowproductimages/large/752585.jpg",
    "barcode": "8901042955988",
    "shop": "Woolworths",
    "weight": "100G",
    "prices": {
      "vic": "350"
    }
  },
  {
    "source_url": "https://www.coles.com.au/product/parle-krackjack-biscuits-5x60g-300g-4313948",
    "name": "Parle Krackjack Biscuits 5x60g | 300g",
    "image_url": "https://www.coles.com.au/_next/image?url=https%3A%2F%2Fproductimages.coles.com.au%2Fproductimages%2F4%2F4313948.jpg&w=640&q=90",
    "barcode": "8901719901393",
    "shop": "coles",
    "weight": "300g",
    "prices": {
      "vic": "167",
      "qld": "167",
      "sa": "167"
    }
  },
  {
    "source_url": "https://www.woolworths.com.au/shop/productdetails/577174/parle-krackjack",
    "name": "Parle Krackjack 5 Pack",
    "image_url": "https://cdn1.woolworths.media/content/wowproductimages/large/577174.jpg",
    "barcode": "8901719901393",
    "shop": "Woolworths",
    "weight": "100G",
    "prices": {
      "vic": "500"
    }
  },
  {
    "source_url": "https://www.coles.com.au/product/patak's-lime-pickle-medium-283g-9725090",
    "name": "Patak's Lime Pickle Medium | 283g",
    "image_url": "https://www.coles.com.au/_next/image?url=https%3A%2F%2Fproductimages.coles.com.au%2Fproductimages%2F9%2F9725090.jpg&w=640&q=90",
    "barcode": "5011308000307",
    "shop": "coles",
    "weight": "283g",
    "prices": {
      "nsw": "265",
      "nsw_price_per_unit": "750",
      "nsw_unit": "g",
      "vic": "265",
      "qld": "265",
      "wa": "265",
      "sa": "265",
      "tas": "265"
    }
  },
  {
    "source_url": "https://www.woolworths.com.au/shop/productdetails/87353/patak-s-lime-pickle-medium-lime-medium-pickle",
    "name": "Patak's Lime Pickle Medium 283g",
    "image_url": "https://cdn1.woolworths.media/content/wowproductimages/large/087353.jpg",
    "barcode": "5011308000307",
    "shop": "Woolworths",
    "weight": "100G",
    "prices": {
      "vic": "750",
      "qld": "750",
      "wa": "750",
      "sa": "750",
      "tas": "750"
    }
  },
  {
    "source_url": "https://www.coles.com.au/product/patak's-tikka-masala-simmer-sauce-medium-450g-2917785",
    "name": "Patak's Tikka Masala Simmer Sauce Medium | 450g",
    "image_url": "https://www.coles.com.au/_next/image?url=https%3A%2F%2Fproductimages.coles.com.au%2Fproductimages%2F2%2F2917785.jpg&w=640&q=90",
    "barcode": "5011308901499",
    "shop": "coles",
    "weight": "450g",
    "prices": {
      "vic": "100",
      "qld": "100",
      "wa": "100",
      "sa": "100",
      "tas": "100"
    }
  },
  {
    "source_url": "https://www.woolworths.com.au/shop/productdetails/580638/patak-s-tikka-masala-simmer-sauce",
    "name": "Patak's Tikka Masala Simmer Sauce 450g",
    "image_url": "https://cdn1.woolworths.media/content/wowproductimages/large/580638.jpg",
    "barcode": "5011308901499",
    "shop": "Woolworths",
    "weight": "100G",
    "prices": {
      "vic": "450",
      "qld": "450",
      "wa": "450",
      "sa": "450",
      "tas": "450"
    }
  },
  {
    "source_url": "https://www.coles.com.au/product/maharajah's-choice-large-plain-pappadams-100g-3475693",
    "name": "Maharajah's Choice Large Plain Pappadams | 100g",
    "image_url": "https://www.coles.com.au/_next/image?url=https%3A%2F%2Fproductimages.coles.com.au%2Fproductimages%2F3%2F3475693.jpg&w=640&q=90",
    "barcode": "9311503361187",
    "shop": "coles",
    "weight": "100g",
    "prices": {
      "vic": "300",
      "qld": "300",
      "wa": "300",
      "sa": "300",
      "tas": "300"
    }
  },
  {
    "source_url": "https://www.woolworths.com.au/shop/productdetails/252245/maharajah-s-choice-pappadam-plain-large",
    "name": "Maharajah's Choice Pappadam Plain Large 100g",
    "image_url": "https://cdn1.woolworths.media/content/wowproductimages/large/252245.jpg",
    "barcode": "9311503361187",
    "shop": "Woolworths",
    "weight": "100G",
    "prices": {
      "qld": "300",
      "wa": "300",
      "sa": "300"
    }
  },
  {
    "source_url": "https://www.coles.com.au/product/passage-to-india-extra-spicy-butter-chicken-simmer-sauce-375g-6510746",
    "name": "Passage To India Extra Spicy Butter Chicken Simmer Sauce | 375g",
    "image_url": "https://www.coles.com.au/_next/image?url=https%3A%2F%2Fproductimages.coles.com.au%2Fproductimages%2F6%2F6510746.jpg&w=640&q=90",
    "barcode": "9334279007301",
    "shop": "coles",
    "weight": "375g",
    "prices": {
      "vic": "168",
      "qld": "168",
      "wa": "168",
      "sa": "168",
      "tas": "168"
    }
  },
  {
    "source_url": "https://www.woolworths.com.au/shop/productdetails/158950/passage-to-india-extra-spicy-butter-chicken-simmer-sauce",
    "name": "Passage To India Extra Spicy Butter Chicken Simmer Sauce 375g",
    "image_url": "https://cdn1.woolworths.media/content/wowproductimages/large/158950.jpg",
    "barcode": "9334279007301",
    "shop": "Woolworths",
    "weight": "100G",
    "prices": {
      "qld": "630",
      "wa": "630",
      "sa": "630"
    }
  },
  {
    "source_url": "https://www.coles.com.au/product/passage-foods-passage-to-india-sri-lanka-chicken-curry-simmer-sauce-375g-1329170",
    "name": "Passage Foods Passage To India Sri Lanka Chicken Curry Simmer Sau ... 375g",
    "image_url": "https://www.coles.com.au/_next/image?url=https%3A%2F%2Fproductimages.coles.com.au%2Fproductimages%2F1%2F1329170.jpg&w=640&q=90",
    "barcode": "9334279001910",
    "shop": "coles",
    "weight": "375g",
    "prices": {
      "vic": "168",
      "qld": "168",
      "wa": "168",
      "sa": "168",
      "tas": "168"
    }
  },
  {
    "source_url": "https://www.woolworths.com.au/shop/productdetails/715602/passage-to-india-sri-lanka-simmer-sauce-chicken-curry",
    "name": "Passage To India Sri Lanka Simmer Sauce Chicken Curry 375g",
    "image_url": "https://cdn1.woolworths.media/content/wowproductimages/large/715602.jpg",
    "barcode": "9334279001910",
    "shop": "Woolworths",
    "weight": "100G",
    "prices": {
      "qld": "630",
      "wa": "630",
      "sa": "630"
    }
  },
  {
    "source_url": "https://www.coles.com.au/product/passage-foods-passage-to-india-sri-lankan-coconut-and-cashew-chicken-simmer-sauce-pouch-375g-1329180",
    "name": "Passage Foods Passage to India Sri Lankan Coconut & Cashew Chicken ... 375g",
    "image_url": "https://www.coles.com.au/_next/image?url=https%3A%2F%2Fproductimages.coles.com.au%2Fproductimages%2F1%2F1329180.jpg&w=640&q=90",
    "barcode": "9334279001927",
    "shop": "coles",
    "weight": "375g",
    "prices": {
      "nsw": "168",
      "nsw_price_per_unit": "630",
      "nsw_unit": "g",
      "vic": "168",
      "qld": "168",
      "wa": "168",
      "sa": "168",
      "tas": "168"
    }
  },
  {
    "source_url": "https://www.woolworths.com.au/shop/productdetails/715568/passage-to-india-sri-lanka-simmer-sauce-coconut-cashew-chicken",
    "name": "Passage To India Sri Lanka Simmer Sauce Coconut & Cashew Chicken 375G",
    "image_url": "https://cdn1.woolworths.media/content/wowproductimages/large/715568.jpg",
    "barcode": "9334279001927",
    "shop": "Woolworths",
    "weight": "100G",
    "prices": {
      "qld": "630",
      "wa": "630",
      "sa": "630"
    }
  },
  {
    "source_url": "https://www.coles.com.au/product/patak's-curry-kit-butter-chicken-313g-3229642",
    "name": "Patak's Curry Kit Butter Chicken | 313g",
    "image_url": "https://www.coles.com.au/_next/image?url=https%3A%2F%2Fproductimages.coles.com.au%2Fproductimages%2F3%2F3229642.jpg&w=640&q=90",
    "barcode": "5011308300988",
    "shop": "coles",
    "weight": "313g",
    "prices": {
      "nsw": "208",
      "nsw_price_per_unit": "650",
      "nsw_unit": "g",
      "vic": "208",
      "qld": "208",
      "wa": "208",
      "sa": "208",
      "tas": "208"
    }
  },
  {
    "source_url": "https://www.woolworths.com.au/shop/productdetails/803570/patak-s-butter-chicken-curry-kit",
    "name": "Patak's Butter Chicken Curry Kit 313g",
    "image_url": "https://cdn1.woolworths.media/content/wowproductimages/large/803570.jpg",
    "barcode": "5011308300988",
    "shop": "Woolworths",
    "weight": "100G",
    "prices": {
      "qld": "650",
      "wa": "650",
      "sa": "650"
    }
  },
  {
    "source_url": "https://www.coles.com.au/product/patak's-vindaloo-curry-paste-hot-283g-5029917",
    "name": "Patak's Vindaloo Curry Paste Hot | 283g",
    "image_url": "https://www.coles.com.au/_next/image?url=https%3A%2F%2Fproductimages.coles.com.au%2Fproductimages%2F5%2F5029917.jpg&w=640&q=90",
    "barcode": "5011308001700",
    "shop": "coles",
    "weight": "283g",
    "prices": {
      "vic": "265",
      "qld": "265",
      "wa": "265",
      "sa": "265",
      "tas": "265"
    }
  },
  {
    "source_url": "https://www.woolworths.com.au/shop/productdetails/76988/patak-s-paste-curry-vindaloo",
    "name": "Patak's Paste Curry Vindaloo 283g",
    "image_url": "https://cdn1.woolworths.media/content/wowproductimages/large/076988.jpg",
    "barcode": "5011308001700",
    "shop": "Woolworths",
    "weight": "100G",
    "prices": {
      "qld": "750",
      "wa": "750",
      "sa": "750"
    }
  },
  {
    "source_url": "https://www.coles.com.au/product/patak's-ready-to-eat-mini-garlic-herb-pappadum-75g-5193502",
    "name": "Patak's Ready To Eat Mini Garlic Herb Pappadum | 75g",
    "image_url": "https://www.coles.com.au/_next/image?url=https%3A%2F%2Fproductimages.coles.com.au%2Fproductimages%2F5%2F5193502.jpg&w=640&q=90",
    "barcode": "5011308501552",
    "shop": "coles",
    "weight": "75g",
    "prices": {
      "vic": "640",
      "qld": "640",
      "wa": "640",
      "sa": "640",
      "tas": "640"
    }
  },
  {
    "source_url": "https://www.woolworths.com.au/shop/productdetails/311849/patak-s-ready-to-eat-mini-pappadums-garlic-herb",
    "name": "Patak's Ready To Eat Mini Pappadums Garlic & Herb 75g",
    "image_url": "https://cdn1.woolworths.media/content/wowproductimages/large/311849.jpg",
    "barcode": "5011308501552",
    "shop": "Woolworths",
    "weight": "100G",
    "prices": {
      "qld": "480",
      "wa": "480",
      "sa": "480"
    }
  },
  {
    "source_url": "https://www.coles.com.au/product/patak's-rogan-josh-simmer-sauce-medium-450g-2917752",
    "name": "Patak's Rogan Josh Simmer Sauce Medium | 450g",
    "image_url": "https://www.coles.com.au/_next/image?url=https%3A%2F%2Fproductimages.coles.com.au%2Fproductimages%2F2%2F2917752.jpg&w=640&q=90",
    "barcode": "5011308901512",
    "shop": "coles",
    "weight": "450g",
    "prices": {
      "nsw": "100",
      "nsw_price_per_unit": "450",
      "nsw_unit": "g",
      "vic": "100",
      "qld": "100",
      "wa": "100",
      "sa": "100",
      "tas": "100"
    }
  },
  {
    "source_url": "https://www.woolworths.com.au/shop/productdetails/580680/patak-s-rogan-josh-curry-simmer-sauce-simmer-sauce",
    "name": "Patak's Rogan Josh Curry Simmer Sauce 450g",
    "image_url": "https://cdn1.woolworths.media/content/wowproductimages/large/580680.jpg",
    "barcode": "5011308901512",
    "shop": "Woolworths",
    "weight": "100G",
    "prices": {
      "qld": "450",
      "wa": "450",
      "sa": "450"
    }
  },
  {
    "source_url": "https://www.coles.com.au/product/patak's-tandoori-simmer-sauce-450g-3754020",
    "name": "Patak's Tandoori Simmer Sauce | 450g",
    "image_url": "https://www.coles.com.au/_next/image?url=https%3A%2F%2Fproductimages.coles.com.au%2Fproductimages%2F3%2F3754020.jpg&w=640&q=90",
    "barcode": "5011308501101",
    "shop": "coles",
    "weight": "450g",
    "prices": {
      "vic": "100",
      "qld": "100",
      "wa": "100",
      "sa": "100",
      "tas": "100"
    }
  },
  {
    "source_url": "https://www.woolworths.com.au/shop/productdetails/86207/patak-s-tandoori-curry-simmer-sauce-sauce",
    "name": "Patak's Tandoori Curry Simmer Sauce Sauce 450g",
    "image_url": "https://cdn1.woolworths.media/content/wowproductimages/large/086207.jpg",
    "barcode": "5011308501101",
    "shop": "Woolworths",
    "weight": "100G",
    "prices": {
      "qld": "450",
      "wa": "450",
      "sa": "450"
    }
  },
  {
    "source_url": "https://www.coles.com.au/product/patak's-curry-kit-tikka-masala-313g-3993574",
    "name": "Patak's Curry Kit Tikka Masala | 313g",
    "image_url": "https://www.coles.com.au/_next/image?url=https%3A%2F%2Fproductimages.coles.com.au%2Fproductimages%2F3%2F3993574.jpg&w=640&q=90",
    "barcode": "5011308301008",
    "shop": "coles",
    "weight": "313g",
    "prices": {
      "vic": "208",
      "qld": "208",
      "wa": "208",
      "sa": "208",
      "tas": "208"
    }
  },
  {
    "source_url": "https://www.woolworths.com.au/shop/productdetails/803551/patak-s-tikka-masala-curry-kit",
    "name": "Patak's Tikka Masala Curry Kit 313g",
    "image_url": "https://cdn1.woolworths.media/content/wowproductimages/large/803551.jpg",
    "barcode": "5011308301008",
    "shop": "Woolworths",
    "weight": "100G",
    "prices": {
      "qld": "650",
      "wa": "650",
      "sa": "650"
    }
  },
  {
    "source_url": "https://www.coles.com.au/product/the-spice-tailor-bengali-coconut-lentil-daal-400g-2803458",
    "name": "The Spice Tailor Bengali Coconut Lentil Daal | 400g",
    "image_url": "https://www.coles.com.au/_next/image?url=https%3A%2F%2Fproductimages.coles.com.au%2Fproductimages%2F2%2F2803458.jpg&w=640&q=90",
    "barcode": "5052675001122",
    "shop": "coles",
    "weight": "400g",
    "prices": {
      "vic": "124",
      "qld": "124",
      "wa": "124",
      "sa": "124",
      "tas": "124"
    }
  },
  {
    "source_url": "https://www.woolworths.com.au/shop/productdetails/578067/the-spice-tailor-bengali-coconut-daal",
    "name": "The Spice Tailor Bengali Coconut Daal 400g",
    "image_url": "https://cdn1.woolworths.media/content/wowproductimages/large/578067.jpg",
    "barcode": "5052675001122",
    "shop": "Woolworths",
    "weight": "100G",
    "prices": {
      "qld": "620",
      "wa": "620",
      "sa": "620"
    }
  },
  {
    "source_url": "https://www.coles.com.au/product/the-spice-tailor-mangalore-roasted-coconut-300g-3760441",
    "name": "The Spice Tailor Mangalore Roasted Coconut | 300g",
    "image_url": "https://www.coles.com.au/_next/image?url=https%3A%2F%2Fproductimages.coles.com.au%2Fproductimages%2F3%2F3760441.jpg&w=640&q=90",
    "barcode": "5052675000804",
    "shop": "coles",
    "weight": "300g",
    "prices": {
      "vic": "165",
      "qld": "165",
      "wa": "165",
      "sa": "165",
      "tas": "165"
    }
  },
  {
    "source_url": "https://www.woolworths.com.au/shop/productdetails/203084/the-spice-tailor-mangalore-roasted-coconut-kit",
    "name": "The Spice Tailor Mangalore Roasted Coconut Kit 300g",
    "image_url": "https://cdn1.woolworths.media/content/wowproductimages/large/203084.jpg",
    "barcode": "5052675000804",
    "shop": "Woolworths",
    "weight": "100G",
    "prices": {
      "qld": "495",
      "wa": "495",
      "sa": "495"
    }
  },
  {
    "source_url": "https://www.coles.com.au/product/patak's-curry-kit-korma-315g-3229653",
    "name": "Patak's Curry Kit Korma | 315g",
    "image_url": "https://www.coles.com.au/_next/image?url=https%3A%2F%2Fproductimages.coles.com.au%2Fproductimages%2F3%2F3229653.jpg&w=640&q=90",
    "barcode": "5011308300995",
    "shop": "coles",
    "weight": "315g",
    "prices": {
      "vic": "206",
      "qld": "206",
      "wa": "206",
      "sa": "206",
      "tas": "206"
    }
  },
  {
    "source_url": "https://www.woolworths.com.au/shop/productdetails/803389/patak-s-korma-curry-kit",
    "name": "Patak's Korma Curry Kit 315g",
    "image_url": "https://cdn1.woolworths.media/content/wowproductimages/large/803389.jpg",
    "barcode": "5011308300995",
    "shop": "Woolworths",
    "weight": "100G",
    "prices": {
      "wa": "650"
    }
  }
]