[
  {
    "source_url": "https://www.woolworths.com.au/shop/productdetails/691995/bsc-protein-water-green-apple",
    "name": "BSC Protein Water Green Apple 355mL",
    "image_url": "https://cdn1.woolworths.media/content/wowproductimages/large/691995.jpg",
    "source_id": "Woolworths - 691995",
    "barcode": "9330171017646",
    "category_id": "1_5AF3A0A",
    "shop": "Woolworths",
    "weight": "1L",
    "prices": [
      {
        "state": "NSW",
        "price": "500",
        "price_per_unit": "1408",
        "price_unit": "L"
      },
      {
        "state": "VIC",
        "price": "500",
        "price_per_unit": "1408",
        "price_unit": "L"
      },
      {
        "state": "QLD",
        "price": "500",
        "price_per_unit": "1408",
        "price_unit": "L"
      },
      {
        "state": "WA",
        "price": "500",
        "price_per_unit": "1408",
        "price_unit": "L"
      },
      {
        "state": "SA",
        "price": "500",
        "price_per_unit": "1408",
        "price_unit": "L"
      },
      {
        "state": "TAS",
        "price": "500",
        "price_per_unit": "1408",
        "price_unit": "L"
      },
      {
        "state": "ACT",
        "price": "500",
        "price_per_unit": "1408",
        "price_unit": "L"
      },
      {
        "state": "NT",
        "price": "500",
        "price_per_unit": "1408",
        "price_unit": "L"
      }
    ]
  },
  {
    "source_url": "https://www.woolworths.com.au/shop/productdetails/882268/cocobella-hydrate-raspberry",
    "name": "Cocobella Hydrate Raspberry 500ml",
    "image_url": "https://cdn1.woolworths.media/content/wowproductimages/large/882268.jpg",
    "source_id": "Woolworths - 882268",
    "barcode": "9336243002800",
    "category_id": "1_5AF3A0A",
    "shop": "Woolworths",
    "weight": "1L",
    "prices": [
      {
        "state": "NSW",
        "price": "200",
        "price_per_unit": "400",
        "price_unit": "L"
      },
      {
        "state": "VIC",
        "price": "200",
        "price_per_unit": "400",
        "price_unit": "L"
      },
      {
        "state": "QLD",
        "price": "200",
        "price_per_unit": "400",
        "price_unit": "L"
      },
      {
        "state": "WA",
        "price": "200",
        "price_per_unit": "400",
        "price_unit": "L"
      },
      {
        "state": "SA",
        "price": "200",
        "price_per_unit": "400",
        "price_unit": "L"
      },
      {
        "state": "TAS",
        "price": "200",
        "price_per_unit": "400",
        "price_unit": "L"
      },
      {
        "state": "ACT",
        "price": "200",
        "price_per_unit": "400",
        "price_unit": "L"
      },
      {
        "state": "NT",
        "price": "200",
        "price_per_unit": "400",
        "price_unit": "L"
      }
    ]
  },
  {
    "source_url": "https://www.woolworths.com.au/shop/productdetails/546698/cool-ridge-still-spring-water-bottle-with-cap-australian-100-recycled",
    "name": "Cool Ridge Still Spring Water Bottle With Cap Australian 100% Recycled 750mL",
    "image_url": "https://cdn1.woolworths.media/content/wowproductimages/large/546698.jpg",
    "source_id": "Woolworths - 546698",
    "barcode": "9315596004976",
    "category_id": "1_5AF3A0A",
    "shop": "Woolworths",
    "weight": "1L",
    "prices": [
      {
        "state": "NSW",
        "price": "300",
        "price_per_unit": "400",
        "price_unit": "L"
      },
      {
        "state": "VIC",
        "price": "300",
        "price_per_unit": "400",
        "price_unit": "L"
      },
      {
        "state": "QLD",
        "price": "300",
        "price_per_unit": "400",
        "price_unit": "L"
      },
      {
        "state": "WA",
        "price": "300",
        "price_per_unit": "400",
        "price_unit": "L"
      },
      {
        "state": "SA",
        "price": "300",
        "price_per_unit": "400",
        "price_unit": "L"
      },
      {
        "state": "TAS",
        "price": "300",
        "price_per_unit": "400",
        "price_unit": "L"
      },
      {
        "state": "ACT",
        "price": "300",
        "price_per_unit": "400",
        "price_unit": "L"
      },
      {
        "state": "NT",
        "price": "300",
        "price_per_unit": "400",
        "price_unit": "L"
      }
    ]
  },
  {
    "source_url": "https://www.woolworths.com.au/shop/productdetails/623345/gatorade-g-active-peach-drink-peach",
    "name": "Gatorade G Active Peach Drink Peach 600mL",
    "image_url": "https://cdn1.woolworths.media/content/wowproductimages/large/623345.jpg",
    "source_id": "Woolworths - 623345",
    "barcode": "9310640001123",
    "category_id": "1_5AF3A0A",
    "shop": "Woolworths",
    "weight": "1L",
    "prices": [
      {
        "state": "NSW",
        "price": "400",
        "price_per_unit": "667",
        "price_unit": "L"
      },
      {
        "state": "VIC",
        "price": "400",
        "price_per_unit": "667",
        "price_unit": "L"
      },
      {
        "state": "QLD",
        "price": "400",
        "price_per_unit": "667",
        "price_unit": "L"
      },
      {
        "state": "WA",
        "price": "400",
        "price_per_unit": "667",
        "price_unit": "L"
      },
      {
        "state": "SA",
        "price": "400",
        "price_per_unit": "667",
        "price_unit": "L"
      },
      {
        "state": "TAS",
        "price": "385",
        "price_per_unit": "642",
        "price_unit": "L"
      },
      {
        "state": "NT",
        "price": "400",
        "price_per_unit": "667",
        "price_unit": "L"
      }
    ]
  },
  {
    "source_url": "https://www.woolworths.com.au/shop/productdetails/594960/gatorade-g-active-sports-drinks-berry-water-electrolytes-vitamins",
    "name": "Gatorade G Active Sports Drinks Berry Water Electrolytes & Vitamins 600ml",
    "image_url": "https://cdn1.woolworths.media/content/wowproductimages/large/594960.jpg",
    "source_id": "Woolworths - 594960",
    "barcode": "9310640000881",
    "category_id": "1_5AF3A0A",
    "shop": "Woolworths",
    "weight": "1L",
    "prices": [
      {
        "state": "NSW",
        "price": "400",
        "price_per_unit": "667",
        "price_unit": "L"
      },
      {
        "state": "VIC",
        "price": "400",
        "price_per_unit": "667",
        "price_unit": "L"
      },
      {
        "state": "QLD",
        "price": "400",
        "price_per_unit": "667",
        "price_unit": "L"
      },
      {
        "state": "WA",
        "price": "400",
        "price_per_unit": "667",
        "price_unit": "L"
      },
      {
        "state": "SA",
        "price": "400",
        "price_per_unit": "667",
        "price_unit": "L"
      },
      {
        "state": "TAS",
        "price": "385",
        "price_per_unit": "642",
        "price_unit": "L"
      },
      {
        "state": "ACT",
        "price": "400",
        "price_per_unit": "667",
        "price_unit": "L"
      },
      {
        "state": "NT",
        "price": "400",
        "price_per_unit": "667",
        "price_unit": "L"
      }
    ]
  },
  {
    "source_url": "https://www.woolworths.com.au/shop/productdetails/173487/gatorade-g-active-sports-drinks-grape-water-electrolytes-vitamins",
    "name": "Gatorade G Active Sports Drinks Grape Water Electrolytes & Vitamins 600ml",
    "image_url": "https://cdn1.woolworths.media/content/wowproductimages/large/173487.jpg",
    "source_id": "Woolworths - 173487",
    "barcode": "9310640001079",
    "category_id": "1_5AF3A0A",
    "shop": "Woolworths",
    "weight": "1L",
    "prices": [
      {
        "state": "NSW",
        "price": "400",
        "price_per_unit": "667",
        "price_unit": "L"
      },
      {
        "state": "VIC",
        "price": "400",
        "price_per_unit": "667",
        "price_unit": "L"
      },
      {
        "state": "QLD",
        "price": "400",
        "price_per_unit": "667",
        "price_unit": "L"
      },
      {
        "state": "WA",
        "price": "400",
        "price_per_unit": "667",
        "price_unit": "L"
      },
      {
        "state": "SA",
        "price": "400",
        "price_per_unit": "667",
        "price_unit": "L"
      },
      {
        "state": "TAS",
        "price": "385",
        "price_per_unit": "642",
        "price_unit": "L"
      },
      {
        "state": "ACT",
        "price": "400",
        "price_per_unit": "667",
        "price_unit": "L"
      },
      {
        "state": "NT",
        "price": "400",
        "price_per_unit": "667",
        "price_unit": "L"
      }
    ]
  },
  {
    "source_url": "https://www.woolworths.com.au/shop/productdetails/613988/gatorade-sports-drink-sugar-free-grape-electrolyte-hydration-bottle",
    "name": "Gatorade Sports Drink Sugar Free Grape Electrolyte Hydration Bottle 600mL",
    "image_url": "https://cdn1.woolworths.media/content/wowproductimages/large/613988.jpg",
    "source_id": "Woolworths - 613988",
    "barcode": "9310640001130",
    "category_id": "1_5AF3A0A",
    "shop": "Woolworths",
    "weight": "1L",
    "prices": [
      {
        "state": "NSW",
        "price": "400",
        "price_per_unit": "667",
        "price_unit": "L"
      },
      {
        "state": "VIC",
        "price": "400",
        "price_per_unit": "667",
        "price_unit": "L"
      },
      {
        "state": "QLD",
        "price": "400",
        "price_per_unit": "667",
        "price_unit": "L"
      },
      {
        "state": "WA",
        "price": "400",
        "price_per_unit": "667",
        "price_unit": "L"
      },
      {
        "state": "SA",
        "price": "400",
        "price_per_unit": "667",
        "price_unit": "L"
      },
      {
        "state": "TAS",
        "price": "385",
        "price_per_unit": "642",
        "price_unit": "L"
      },
      {
        "state": "NT",
        "price": "400",
        "price_per_unit": "667",
        "price_unit": "L"
      }
    ]
  },
  {
    "source_url": "https://www.woolworths.com.au/shop/productdetails/30486/gatorade-sports-drinks-blue-bolt-electrolyte-hydration-bottle",
    "name": "Gatorade Sports Drinks Blue Bolt Electrolyte Hydration Bottle 600ml",
    "image_url": "https://cdn1.woolworths.media/content/wowproductimages/large/030486.jpg",
    "source_id": "Woolworths - 30486",
    "barcode": "9310640620027",
    "category_id": "1_5AF3A0A",
    "shop": "Woolworths",
    "weight": "1L",
    "prices": [
      {
        "state": "NSW",
        "price": "400",
        "price_per_unit": "667",
        "price_unit": "L"
      },
      {
        "state": "VIC",
        "price": "400",
        "price_per_unit": "667",
        "price_unit": "L"
      },
      {
        "state": "QLD",
        "price": "400",
        "price_per_unit": "667",
        "price_unit": "L"
      },
      {
        "state": "WA",
        "price": "400",
        "price_per_unit": "667",
        "price_unit": "L"
      },
      {
        "state": "SA",
        "price": "400",
        "price_per_unit": "667",
        "price_unit": "L"
      },
      {
        "state": "TAS",
        "price": "385",
        "price_per_unit": "642",
        "price_unit": "L"
      },
      {
        "state": "ACT",
        "price": "400",
        "price_per_unit": "667",
        "price_unit": "L"
      },
      {
        "state": "NT",
        "price": "400",
        "price_per_unit": "667",
        "price_unit": "L"
      }
    ]
  },
  {
    "source_url": "https://www.woolworths.com.au/shop/productdetails/262841/gatorade-sports-drinks-grape-electrolyte-hydration-bottle",
    "name": "Gatorade Sports Drinks Grape Electrolyte Hydration Bottle 600ml",
    "image_url": "https://cdn1.woolworths.media/content/wowproductimages/large/262841.jpg",
    "source_id": "Woolworths - 262841",
    "barcode": "9310640620119",
    "category_id": "1_5AF3A0A",
    "shop": "Woolworths",
    "weight": "1L",
    "prices": [
      {
        "state": "NSW",
        "price": "400",
        "price_per_unit": "667",
        "price_unit": "L"
      },
      {
        "state": "VIC",
        "price": "400",
        "price_per_unit": "667",
        "price_unit": "L"
      },
      {
        "state": "QLD",
        "price": "400",
        "price_per_unit": "667",
        "price_unit": "L"
      },
      {
        "state": "WA",
        "price": "400",
        "price_per_unit": "667",
        "price_unit": "L"
      },
      {
        "state": "SA",
        "price": "400",
        "price_per_unit": "667",
        "price_unit": "L"
      },
      {
        "state": "TAS",
        "price": "385",
        "price_per_unit": "642",
        "price_unit": "L"
      },
      {
        "state": "ACT",
        "price": "400",
        "price_per_unit": "667",
        "price_unit": "L"
      },
      {
        "state": "NT",
        "price": "400",
        "price_per_unit": "667",
        "price_unit": "L"
      }
    ]
  },
  {
    "source_url": "https://www.woolworths.com.au/shop/productdetails/899990/gatorade-sports-drinks-green-apple-electrolyte-hydration-bottle",
    "name": "Gatorade Sports Drinks Green Apple Electrolyte Hydration Bottle 600ml",
    "image_url": "https://cdn1.woolworths.media/content/wowproductimages/large/899990.jpg",
    "source_id": "Woolworths - 899990",
    "barcode": "9310640000003",
    "category_id": "1_5AF3A0A",
    "shop": "Woolworths",
    "weight": "1L",
    "prices": [
      {
        "state": "NSW",
        "price": "400",
        "price_per_unit": "667",
        "price_unit": "L"
      },
      {
        "state": "VIC",
        "price": "400",
        "price_per_unit": "667",
        "price_unit": "L"
      },
      {
        "state": "QLD",
        "price": "400",
        "price_per_unit": "667",
        "price_unit": "L"
      },
      {
        "state": "WA",
        "price": "400",
        "price_per_unit": "667",
        "price_unit": "L"
      },
      {
        "state": "SA",
        "price": "400",
        "price_per_unit": "667",
        "price_unit": "L"
      },
      {
        "state": "TAS",
        "price": "385",
        "price_per_unit": "642",
        "price_unit": "L"
      },
      {
        "state": "ACT",
        "price": "400",
        "price_per_unit": "667",
        "price_unit": "L"
      },
      {
        "state": "NT",
        "price": "400",
        "price_per_unit": "667",
        "price_unit": "L"
      }
    ]
  },
  {
    "source_url": "https://www.woolworths.com.au/shop/productdetails/30441/gatorade-sports-drinks-lemon-lime-electrolyte-hydration-bottle",
    "name": "Gatorade Sports Drinks Lemon Lime Electrolyte Hydration Bottle 600ml",
    "image_url": "https://cdn1.woolworths.media/content/wowproductimages/large/030441.jpg",
    "source_id": "Woolworths - 30441",
    "barcode": "9310640620034",
    "category_id": "1_5AF3A0A",
    "shop": "Woolworths",
    "weight": "1L",
    "prices": [
      {
        "state": "NSW",
        "price": "400",
        "price_per_unit": "667",
        "price_unit": "L"
      },
      {
        "state": "VIC",
        "price": "400",
        "price_per_unit": "667",
        "price_unit": "L"
      },
      {
        "state": "QLD",
        "price": "400",
        "price_per_unit": "667",
        "price_unit": "L"
      },
      {
        "state": "WA",
        "price": "400",
        "price_per_unit": "667",
        "price_unit": "L"
      },
      {
        "state": "SA",
        "price": "400",
        "price_per_unit": "667",
        "price_unit": "L"
      },
      {
        "state": "TAS",
        "price": "385",
        "price_per_unit": "642",
        "price_unit": "L"
      },
      {
        "state": "ACT",
        "price": "400",
        "price_per_unit": "667",
        "price_unit": "L"
      },
      {
        "state": "NT",
        "price": "400",
        "price_per_unit": "667",
        "price_unit": "L"
      }
    ]
  },
  {
    "source_url": "https://www.woolworths.com.au/shop/productdetails/153052/gatorade-sports-drinks-sugar-free-berry-electrolyte-hydration-bottle",
    "name": "Gatorade Sports Drinks Sugar Free Berry Electrolyte Hydration Bottle 600ml",
    "image_url": "https://cdn1.woolworths.media/content/wowproductimages/large/153052.jpg",
    "source_id": "Woolworths - 153052",
    "barcode": "9310640000997",
    "category_id": "1_5AF3A0A",
    "shop": "Woolworths",
    "weight": "1L",
    "prices": [
      {
        "state": "NSW",
        "price": "400",
        "price_per_unit": "667",
        "price_unit": "L"
      },
      {
        "state": "VIC",
        "price": "400",
        "price_per_unit": "667",
        "price_unit": "L"
      },
      {
        "state": "QLD",
        "price": "400",
        "price_per_unit": "667",
        "price_unit": "L"
      },
      {
        "state": "WA",
        "price": "400",
        "price_per_unit": "667",
        "price_unit": "L"
      },
      {
        "state": "SA",
        "price": "400",
        "price_per_unit": "667",
        "price_unit": "L"
      },
      {
        "state": "TAS",
        "price": "385",
        "price_per_unit": "642",
        "price_unit": "L"
      },
      {
        "state": "ACT",
        "price": "400",
        "price_per_unit": "667",
        "price_unit": "L"
      },
      {
        "state": "NT",
        "price": "400",
        "price_per_unit": "667",
        "price_unit": "L"
      }
    ]
  },
  {
    "source_url": "https://www.woolworths.com.au/shop/productdetails/152235/gatorade-sports-drinks-sugar-free-glacier-freeze-bottle",
    "name": "Gatorade Sports Drinks Sugar Free Glacier Freeze Bottle 600ml",
    "image_url": "https://cdn1.woolworths.media/content/wowproductimages/large/152235.jpg",
    "source_id": "Woolworths - 152235",
    "barcode": "9310640001000",
    "category_id": "1_5AF3A0A",
    "shop": "Woolworths",
    "weight": "1L",
    "prices": [
      {
        "state": "NSW",
        "price": "400",
        "price_per_unit": "667",
        "price_unit": "L"
      },
      {
        "state": "VIC",
        "price": "400",
        "price_per_unit": "667",
        "price_unit": "L"
      },
      {
        "state": "QLD",
        "price": "400",
        "price_per_unit": "667",
        "price_unit": "L"
      },
      {
        "state": "WA",
        "price": "400",
        "price_per_unit": "667",
        "price_unit": "L"
      },
      {
        "state": "SA",
        "price": "400",
        "price_per_unit": "667",
        "price_unit": "L"
      },
      {
        "state": "TAS",
        "price": "385",
        "price_per_unit": "642",
        "price_unit": "L"
      },
      {
        "state": "ACT",
        "price": "400",
        "price_per_unit": "667",
        "price_unit": "L"
      },
      {
        "state": "NT",
        "price": "400",
        "price_per_unit": "667",
        "price_unit": "L"
      }
    ]
  },
  {
    "source_url": "https://www.woolworths.com.au/shop/productdetails/152303/gatorade-sports-drinks-sugar-free-orange-electrolyte-bottle",
    "name": "Gatorade Sports Drinks Sugar Free Orange Electrolyte Bottle 600ml",
    "image_url": "https://cdn1.woolworths.media/content/wowproductimages/large/152303.jpg",
    "source_id": "Woolworths - 152303",
    "barcode": "9310640000980",
    "category_id": "1_5AF3A0A",
    "shop": "Woolworths",
    "weight": "1L",
    "prices": [
      {
        "state": "NSW",
        "price": "400",
        "price_per_unit": "667",
        "price_unit": "L"
      },
      {
        "state": "VIC",
        "price": "400",
        "price_per_unit": "667",
        "price_unit": "L"
      },
      {
        "state": "QLD",
        "price": "400",
        "price_per_unit": "667",
        "price_unit": "L"
      },
      {
        "state": "WA",
        "price": "400",
        "price_per_unit": "667",
        "price_unit": "L"
      },
      {
        "state": "SA",
        "price": "400",
        "price_per_unit": "667",
        "price_unit": "L"
      },
      {
        "state": "TAS",
        "price": "385",
        "price_per_unit": "642",
        "price_unit": "L"
      },
      {
        "state": "ACT",
        "price": "400",
        "price_per_unit": "667",
        "price_unit": "L"
      },
      {
        "state": "NT",
        "price": "400",
        "price_per_unit": "667",
        "price_unit": "L"
      }
    ]
  },
  {
    "source_url": "https://www.woolworths.com.au/shop/productdetails/30446/gatorade-sports-drinks-tropical-electrolyte-hydration-bottle",
    "name": "Gatorade Sports Drinks Tropical Electrolyte Hydration Bottle 600ml",
    "image_url": "https://cdn1.woolworths.media/content/wowproductimages/large/030446.jpg",
    "source_id": "Woolworths - 30446",
    "barcode": "9310640620058",
    "category_id": "1_5AF3A0A",
    "shop": "Woolworths",
    "weight": "1L",
    "prices": [
      {
        "state": "NSW",
        "price": "400",
        "price_per_unit": "667",
        "price_unit": "L"
      },
      {
        "state": "VIC",
        "price": "400",
        "price_per_unit": "667",
        "price_unit": "L"
      },
      {
        "state": "QLD",
        "price": "400",
        "price_per_unit": "667",
        "price_unit": "L"
      },
      {
        "state": "WA",
        "price": "400",
        "price_per_unit": "667",
        "price_unit": "L"
      },
      {
        "state": "SA",
        "price": "400",
        "price_per_unit": "667",
        "price_unit": "L"
      },
      {
        "state": "TAS",
        "price": "385",
        "price_per_unit": "642",
        "price_unit": "L"
      },
      {
        "state": "ACT",
        "price": "400",
        "price_per_unit": "667",
        "price_unit": "L"
      },
      {
        "state": "NT",
        "price": "400",
        "price_per_unit": "667",
        "price_unit": "L"
      }
    ]
  },
  {
    "source_url": "https://www.woolworths.com.au/shop/productdetails/770266/maximus-blue-isotonic-sports-drink",
    "name": "Maximus Blue Isotonic Sports Drink 1l",
    "image_url": "https://cdn1.woolworths.media/content/wowproductimages/large/770266.jpg",
    "source_id": "Woolworths - 770266",
    "barcode": "9415767368507",
    "category_id": "1_5AF3A0A",
    "shop": "Woolworths",
    "weight": "1L",
    "prices": [
      {
        "state": "NSW",
        "price": "280",
        "price_per_unit": "280",
        "price_unit": "L"
      },
      {
        "state": "VIC",
        "price": "280",
        "price_per_unit": "280",
        "price_unit": "L"
      },
      {
        "state": "QLD",
        "price": "280",
        "price_per_unit": "280",
        "price_unit": "L"
      },
      {
        "state": "WA",
        "price": "280",
        "price_per_unit": "280",
        "price_unit": "L"
      },
      {
        "state": "SA",
        "price": "280",
        "price_per_unit": "280",
        "price_unit": "L"
      },
      {
        "state": "TAS",
        "price": "265",
        "price_per_unit": "265",
        "price_unit": "L"
      },
      {
        "state": "ACT",
        "price": "280",
        "price_per_unit": "280",
        "price_unit": "L"
      },
      {
        "state": "NT",
        "price": "280",
        "price_per_unit": "280",
        "price_unit": "L"
      }
    ]
  },
  {
    "source_url": "https://www.woolworths.com.au/shop/productdetails/51557/powerade-active-water-apple-peach-sports-drink-sipper-cap",
    "name": "Powerade Active Water Apple & Peach Sports Drink Sipper Cap 600ml",
    "image_url": "https://cdn1.woolworths.media/content/wowproductimages/large/051557.jpg",
    "source_id": "Woolworths - 51557",
    "barcode": "9300675087902",
    "category_id": "1_5AF3A0A",
    "shop": "Woolworths",
    "weight": "1L",
    "prices": [
      {
        "state": "NSW",
        "price": "420",
        "price_per_unit": "700",
        "price_unit": "L"
      },
      {
        "state": "VIC",
        "price": "420",
        "price_per_unit": "700",
        "price_unit": "L"
      },
      {
        "state": "QLD",
        "price": "420",
        "price_per_unit": "700",
        "price_unit": "L"
      },
      {
        "state": "WA",
        "price": "420",
        "price_per_unit": "700",
        "price_unit": "L"
      },
      {
        "state": "SA",
        "price": "420",
        "price_per_unit": "700",
        "price_unit": "L"
      },
      {
        "state": "TAS",
        "price": "410",
        "price_per_unit": "683",
        "price_unit": "L"
      },
      {
        "state": "ACT",
        "price": "420",
        "price_per_unit": "700",
        "price_unit": "L"
      },
      {
        "state": "NT",
        "price": "445",
        "price_per_unit": "742",
        "price_unit": "L"
      }
    ]
  },
  {
    "source_url": "https://www.woolworths.com.au/shop/productdetails/883999/powerade-active-water-lemon-lime-sports-drink-sipper-cap",
    "name": "Powerade Active Water Lemon Lime Sports Drink Sipper Cap 600mL",
    "image_url": "https://cdn1.woolworths.media/content/wowproductimages/large/883999.jpg",
    "source_id": "Woolworths - 883999",
    "barcode": "9300675095365",
    "category_id": "1_5AF3A0A",
    "shop": "Woolworths",
    "weight": "1L",
    "prices": [
      {
        "state": "NSW",
        "price": "420",
        "price_per_unit": "700",
        "price_unit": "L"
      },
      {
        "state": "VIC",
        "price": "420",
        "price_per_unit": "700",
        "price_unit": "L"
      },
      {
        "state": "QLD",
        "price": "420",
        "price_per_unit": "700",
        "price_unit": "L"
      },
      {
        "state": "WA",
        "price": "420",
        "price_per_unit": "700",
        "price_unit": "L"
      },
      {
        "state": "SA",
        "price": "420",
        "price_per_unit": "700",
        "price_unit": "L"
      },
      {
        "state": "TAS",
        "price": "410",
        "price_per_unit": "683",
        "price_unit": "L"
      },
      {
        "state": "ACT",
        "price": "420",
        "price_per_unit": "700",
        "price_unit": "L"
      },
      {
        "state": "NT",
        "price": "445",
        "price_per_unit": "742",
        "price_unit": "L"
      }
    ]
  },
  {
    "source_url": "https://www.woolworths.com.au/shop/productdetails/51569/powerade-active-water-mango-sports-drink-sipper-cap",
    "name": "Powerade Active Water Mango Sports Drink Sipper Cap 600ml",
    "image_url": "https://cdn1.woolworths.media/content/wowproductimages/large/051569.jpg",
    "source_id": "Woolworths - 51569",
    "barcode": "9300675087889",
    "category_id": "1_5AF3A0A",
    "shop": "Woolworths",
    "weight": "1L",
    "prices": [
      {
        "state": "NSW",
        "price": "420",
        "price_per_unit": "700",
        "price_unit": "L"
      },
      {
        "state": "VIC",
        "price": "420",
        "price_per_unit": "700",
        "price_unit": "L"
      },
      {
        "state": "QLD",
        "price": "420",
        "price_per_unit": "700",
        "price_unit": "L"
      },
      {
        "state": "WA",
        "price": "420",
        "price_per_unit": "700",
        "price_unit": "L"
      },
      {
        "state": "SA",
        "price": "420",
        "price_per_unit": "700",
        "price_unit": "L"
      },
      {
        "state": "TAS",
        "price": "410",
        "price_per_unit": "683",
        "price_unit": "L"
      },
      {
        "state": "ACT",
        "price": "420",
        "price_per_unit": "700",
        "price_unit": "L"
      },
      {
        "state": "NT",
        "price": "445",
        "price_per_unit": "742",
        "price_unit": "L"
      }
    ]
  },
  {
    "source_url": "https://www.woolworths.com.au/shop/productdetails/723452/powerade-berry-ice-zero-sports-drink-sipper-cap",
    "name": "Powerade Berry Ice Zero Sports Drink Sipper Cap 600ml",
    "image_url": "https://cdn1.woolworths.media/content/wowproductimages/large/723452.jpg",
    "source_id": "Woolworths - 723452",
    "barcode": "9300675046701",
    "category_id": "1_5AF3A0A",
    "shop": "Woolworths",
    "weight": "1L",
    "prices": [
      {
        "state": "NSW",
        "price": "420",
        "price_per_unit": "700",
        "price_unit": "L"
      },
      {
        "state": "VIC",
        "price": "420",
        "price_per_unit": "700",
        "price_unit": "L"
      },
      {
        "state": "QLD",
        "price": "420",
        "price_per_unit": "700",
        "price_unit": "L"
      },
      {
        "state": "WA",
        "price": "420",
        "price_per_unit": "700",
        "price_unit": "L"
      },
      {
        "state": "SA",
        "price": "420",
        "price_per_unit": "700",
        "price_unit": "L"
      },
      {
        "state": "TAS",
        "price": "410",
        "price_per_unit": "683",
        "price_unit": "L"
      },
      {
        "state": "ACT",
        "price": "420",
        "price_per_unit": "700",
        "price_unit": "L"
      },
      {
        "state": "NT",
        "price": "445",
        "price_per_unit": "742",
        "price_unit": "L"
      }
    ]
  },
  {
    "source_url": "https://www.woolworths.com.au/shop/productdetails/883145/powerade-grape-zero-sugar-sports-drink-sipper-cap",
    "name": "Powerade Grape Zero Sugar Sports Drink Sipper Cap 600mL",
    "image_url": "https://cdn1.woolworths.media/content/wowproductimages/large/883145.jpg",
    "source_id": "Woolworths - 883145",
    "barcode": "9300675095341",
    "category_id": "1_5AF3A0A",
    "shop": "Woolworths",
    "weight": "1L",
    "prices": [
      {
        "state": "NSW",
        "price": "420",
        "price_per_unit": "700",
        "price_unit": "L"
      },
      {
        "state": "VIC",
        "price": "420",
        "price_per_unit": "700",
        "price_unit": "L"
      },
      {
        "state": "QLD",
        "price": "420",
        "price_per_unit": "700",
        "price_unit": "L"
      },
      {
        "state": "WA",
        "price": "420",
        "price_per_unit": "700",
        "price_unit": "L"
      },
      {
        "state": "SA",
        "price": "420",
        "price_per_unit": "700",
        "price_unit": "L"
      },
      {
        "state": "TAS",
        "price": "410",
        "price_per_unit": "683",
        "price_unit": "L"
      },
      {
        "state": "ACT",
        "price": "420",
        "price_per_unit": "700",
        "price_unit": "L"
      },
      {
        "state": "NT",
        "price": "445",
        "price_per_unit": "742",
        "price_unit": "L"
      }
    ]
  },
  {
    "source_url": "https://www.woolworths.com.au/shop/productdetails/365189/powerade-ion4-berry-ice-sports-drink-sipper-cap",
    "name": "Powerade Ion4 Berry Ice Sports Drink Sipper Cap 600ml",
    "image_url": "https://cdn1.woolworths.media/content/wowproductimages/large/365189.jpg",
    "source_id": "Woolworths - 365189",
    "barcode": "9300675024075",
    "category_id": "1_5AF3A0A",
    "shop": "Woolworths",
    "weight": "1L",
    "prices": [
      {
        "state": "NSW",
        "price": "420",
        "price_per_unit": "700",
        "price_unit": "L"
      },
      {
        "state": "VIC",
        "price": "420",
        "price_per_unit": "700",
        "price_unit": "L"
      },
      {
        "state": "QLD",
        "price": "420",
        "price_per_unit": "700",
        "price_unit": "L"
      },
      {
        "state": "WA",
        "price": "420",
        "price_per_unit": "700",
        "price_unit": "L"
      },
      {
        "state": "SA",
        "price": "420",
        "price_per_unit": "700",
        "price_unit": "L"
      },
      {
        "state": "TAS",
        "price": "410",
        "price_per_unit": "683",
        "price_unit": "L"
      },
      {
        "state": "ACT",
        "price": "420",
        "price_per_unit": "700",
        "price_unit": "L"
      },
      {
        "state": "NT",
        "price": "445",
        "price_per_unit": "742",
        "price_unit": "L"
      }
    ]
  },
  {
    "source_url": "https://www.woolworths.com.au/shop/productdetails/279908/powerade-ion4-blackcurrant-sports-drink-sipper-cap",
    "name": "Powerade Ion4 Blackcurrant Sports Drink Sipper Cap 600ml",
    "image_url": "https://cdn1.woolworths.media/content/wowproductimages/large/279908.jpg",
    "source_id": "Woolworths - 279908",
    "barcode": "9300675035965",
    "category_id": "1_5AF3A0A",
    "shop": "Woolworths",
    "weight": "1L",
    "prices": [
      {
        "state": "NSW",
        "price": "420",
        "price_per_unit": "700",
        "price_unit": "L"
      },
      {
        "state": "VIC",
        "price": "420",
        "price_per_unit": "700",
        "price_unit": "L"
      },
      {
        "state": "QLD",
        "price": "420",
        "price_per_unit": "700",
        "price_unit": "L"
      },
      {
        "state": "WA",
        "price": "420",
        "price_per_unit": "700",
        "price_unit": "L"
      },
      {
        "state": "SA",
        "price": "420",
        "price_per_unit": "700",
        "price_unit": "L"
      },
      {
        "state": "TAS",
        "price": "410",
        "price_per_unit": "683",
        "price_unit": "L"
      },
      {
        "state": "ACT",
        "price": "420",
        "price_per_unit": "700",
        "price_unit": "L"
      },
      {
        "state": "NT",
        "price": "445",
        "price_per_unit": "742",
        "price_unit": "L"
      }
    ]
  },
  {
    "source_url": "https://www.woolworths.com.au/shop/productdetails/365186/powerade-ion4-gold-rush-sports-drink-sipper-cap",
    "name": "Powerade Ion4 Gold Rush Sports Drink Sipper Cap 600ml",
    "image_url": "https://cdn1.woolworths.media/content/wowproductimages/large/365186.jpg",
    "source_id": "Woolworths - 365186",
    "barcode": "9300624008330",
    "category_id": "1_5AF3A0A",
    "shop": "Woolworths",
    "weight": "1L",
    "prices": [
      {
        "state": "NSW",
        "price": "420",
        "price_per_unit": "700",
        "price_unit": "L"
      },
      {
        "state": "VIC",
        "price": "420",
        "price_per_unit": "700",
        "price_unit": "L"
      },
      {
        "state": "QLD",
        "price": "420",
        "price_per_unit": "700",
        "price_unit": "L"
      },
      {
        "state": "WA",
        "price": "420",
        "price_per_unit": "700",
        "price_unit": "L"
      },
      {
        "state": "SA",
        "price": "420",
        "price_per_unit": "700",
        "price_unit": "L"
      },
      {
        "state": "TAS",
        "price": "410",
        "price_per_unit": "683",
        "price_unit": "L"
      },
      {
        "state": "ACT",
        "price": "420",
        "price_per_unit": "700",
        "price_unit": "L"
      },
      {
        "state": "NT",
        "price": "445",
        "price_per_unit": "742",
        "price_unit": "L"
      }
    ]
  },
  {
    "source_url": "https://www.woolworths.com.au/shop/productdetails/365548/powerade-ion4-lemon-lime-sports-drink-sipper-cap",
    "name": "Powerade Ion4 Lemon Lime Sports Drink Sipper Cap 600ml",
    "image_url": "https://cdn1.woolworths.media/content/wowproductimages/large/365548.jpg",
    "source_id": "Woolworths - 365548",
    "barcode": "9300675024051",
    "category_id": "1_5AF3A0A",
    "shop": "Woolworths",
    "weight": "1L",
    "prices": [
      {
        "state": "NSW",
        "price": "420",
        "price_per_unit": "700",
        "price_unit": "L"
      },
      {
        "state": "VIC",
        "price": "420",
        "price_per_unit": "700",
        "price_unit": "L"
      },
      {
        "state": "QLD",
        "price": "420",
        "price_per_unit": "700",
        "price_unit": "L"
      },
      {
        "state": "WA",
        "price": "420",
        "price_per_unit": "700",
        "price_unit": "L"
      },
      {
        "state": "SA",
        "price": "420",
        "price_per_unit": "700",
        "price_unit": "L"
      },
      {
        "state": "TAS",
        "price": "410",
        "price_per_unit": "683",
        "price_unit": "L"
      },
      {
        "state": "ACT",
        "price": "420",
        "price_per_unit": "700",
        "price_unit": "L"
      },
      {
        "state": "NT",
        "price": "445",
        "price_per_unit": "742",
        "price_unit": "L"
      }
    ]
  },
  {
    "source_url": "https://www.woolworths.com.au/shop/productdetails/365190/powerade-ion4-mountain-blast-sports-drink-sipper-cap",
    "name": "Powerade Ion4 Mountain Blast Sports Drink Sipper Cap 600ml",
    "image_url": "https://cdn1.woolworths.media/content/wowproductimages/large/365190.jpg",
    "source_id": "Woolworths - 365190",
    "barcode": "9300624008354",
    "category_id": "1_5AF3A0A",
    "shop": "Woolworths",
    "weight": "1L",
    "prices": [
      {
        "state": "NSW",
        "price": "420",
        "price_per_unit": "700",
        "price_unit": "L"
      },
      {
        "state": "VIC",
        "price": "420",
        "price_per_unit": "700",
        "price_unit": "L"
      },
      {
        "state": "QLD",
        "price": "420",
        "price_per_unit": "700",
        "price_unit": "L"
      },
      {
        "state": "WA",
        "price": "420",
        "price_per_unit": "700",
        "price_unit": "L"
      },
      {
        "state": "SA",
        "price": "420",
        "price_per_unit": "700",
        "price_unit": "L"
      },
      {
        "state": "TAS",
        "price": "410",
        "price_per_unit": "683",
        "price_unit": "L"
      },
      {
        "state": "ACT",
        "price": "420",
        "price_per_unit": "700",
        "price_unit": "L"
      },
      {
        "state": "NT",
        "price": "445",
        "price_per_unit": "742",
        "price_unit": "L"
      }
    ]
  },
  {
    "source_url": "https://www.woolworths.com.au/shop/productdetails/262843/powerade-isotonic-mountain-blast-powder",
    "name": "Powerade Isotonic Mountain Blast Powder 500g",
    "image_url": "https://cdn1.woolworths.media/content/wowproductimages/large/262843.jpg",
    "source_id": "Woolworths - 262843",
    "barcode": "9300675035736",
    "category_id": "1_5AF3A0A",
    "shop": "Woolworths",
    "weight": "100G",
    "prices": [
      {
        "state": "NSW",
        "price": "1370",
        "price_per_unit": "274",
        "price_unit": "G"
      },
      {
        "state": "VIC",
        "price": "1370",
        "price_per_unit": "274",
        "price_unit": "G"
      },
      {
        "state": "QLD",
        "price": "1370",
        "price_per_unit": "274",
        "price_unit": "G"
      },
      {
        "state": "WA",
        "price": "1370",
        "price_per_unit": "274",
        "price_unit": "G"
      },
      {
        "state": "SA",
        "price": "1370",
        "price_per_unit": "274",
        "price_unit": "G"
      },
      {
        "state": "TAS",
        "price": "1390",
        "price_per_unit": "278",
        "price_unit": "G"
      },
      {
        "state": "ACT",
        "price": "1370",
        "price_per_unit": "274",
        "price_unit": "G"
      },
      {
        "state": "NT",
        "price": "1440",
        "price_per_unit": "288",
        "price_unit": "G"
      }
    ]
  },
  {
    "source_url": "https://www.woolworths.com.au/shop/productdetails/723453/powerade-mountain-blast-zero-sports-drink-sipper-cap",
    "name": "Powerade Mountain Blast Zero Sports Drink Sipper Cap 600ml",
    "image_url": "https://cdn1.woolworths.media/content/wowproductimages/large/723453.jpg",
    "source_id": "Woolworths - 723453",
    "barcode": "9300675046688",
    "category_id": "1_5AF3A0A",
    "shop": "Woolworths",
    "weight": "1L",
    "prices": [
      {
        "state": "NSW",
        "price": "420",
        "price_per_unit": "700",
        "price_unit": "L"
      },
      {
        "state": "VIC",
        "price": "420",
        "price_per_unit": "700",
        "price_unit": "L"
      },
      {
        "state": "QLD",
        "price": "420",
        "price_per_unit": "700",
        "price_unit": "L"
      },
      {
        "state": "WA",
        "price": "420",
        "price_per_unit": "700",
        "price_unit": "L"
      },
      {
        "state": "SA",
        "price": "420",
        "price_per_unit": "700",
        "price_unit": "L"
      },
      {
        "state": "TAS",
        "price": "410",
        "price_per_unit": "683",
        "price_unit": "L"
      },
      {
        "state": "ACT",
        "price": "420",
        "price_per_unit": "700",
        "price_unit": "L"
      },
      {
        "state": "NT",
        "price": "445",
        "price_per_unit": "742",
        "price_unit": "L"
      }
    ]
  },
  {
    "source_url": "https://www.woolworths.com.au/shop/productdetails/360462/powerade-zero-sugar-blackcurrant",
    "name": "Powerade Zero Sugar Blackcurrant 600ml",
    "image_url": "https://cdn1.woolworths.media/content/wowproductimages/large/360462.jpg",
    "source_id": "Woolworths - 360462",
    "barcode": "9300675094191",
    "category_id": "1_5AF3A0A",
    "shop": "Woolworths",
    "weight": "1L",
    "prices": [
      {
        "state": "NSW",
        "price": "420",
        "price_per_unit": "700",
        "price_unit": "L"
      },
      {
        "state": "VIC",
        "price": "420",
        "price_per_unit": "700",
        "price_unit": "L"
      },
      {
        "state": "QLD",
        "price": "420",
        "price_per_unit": "700",
        "price_unit": "L"
      },
      {
        "state": "WA",
        "price": "420",
        "price_per_unit": "700",
        "price_unit": "L"
      },
      {
        "state": "SA",
        "price": "420",
        "price_per_unit": "700",
        "price_unit": "L"
      },
      {
        "state": "TAS",
        "price": "410",
        "price_per_unit": "683",
        "price_unit": "L"
      },
      {
        "state": "ACT",
        "price": "420",
        "price_per_unit": "700",
        "price_unit": "L"
      },
      {
        "state": "NT",
        "price": "445",
        "price_per_unit": "742",
        "price_unit": "L"
      }
    ]
  },
  {
    "source_url": "https://www.woolworths.com.au/shop/productdetails/486408/prime-hydration-lemonade",
    "name": "Prime Hydration Lemonade 500ml",
    "image_url": "https://cdn1.woolworths.media/content/wowproductimages/large/486408.jpg",
    "source_id": "Woolworths - 486408",
    "barcode": "810116123568",
    "category_id": "1_5AF3A0A",
    "shop": "Woolworths",
    "weight": "1L",
    "prices": [
      {
        "state": "NSW",
        "price": "450",
        "price_per_unit": "900",
        "price_unit": "L"
      },
      {
        "state": "VIC",
        "price": "450",
        "price_per_unit": "900",
        "price_unit": "L"
      },
      {
        "state": "QLD",
        "price": "450",
        "price_per_unit": "900",
        "price_unit": "L"
      },
      {
        "state": "WA",
        "price": "450",
        "price_per_unit": "900",
        "price_unit": "L"
      },
      {
        "state": "SA",
        "price": "450",
        "price_per_unit": "900",
        "price_unit": "L"
      },
      {
        "state": "TAS",
        "price": "450",
        "price_per_unit": "900",
        "price_unit": "L"
      },
      {
        "state": "ACT",
        "price": "450",
        "price_per_unit": "900",
        "price_unit": "L"
      },
      {
        "state": "NT",
        "price": "450",
        "price_per_unit": "900",
        "price_unit": "L"
      }
    ]
  },
  {
    "source_url": "https://www.woolworths.com.au/shop/productdetails/507664/prime-hydration-strawberry-watermelon",
    "name": "Prime Hydration Strawberry Watermelon 500ml",
    "image_url": "https://cdn1.woolworths.media/content/wowproductimages/large/507664.jpg",
    "source_id": "Woolworths - 507664",
    "barcode": "810116120437",
    "category_id": "1_5AF3A0A",
    "shop": "Woolworths",
    "weight": "1L",
    "prices": [
      {
        "state": "NSW",
        "price": "450",
        "price_per_unit": "900",
        "price_unit": "L"
      },
      {
        "state": "VIC",
        "price": "450",
        "price_per_unit": "900",
        "price_unit": "L"
      },
      {
        "state": "QLD",
        "price": "450",
        "price_per_unit": "900",
        "price_unit": "L"
      },
      {
        "state": "WA",
        "price": "450",
        "price_per_unit": "900",
        "price_unit": "L"
      },
      {
        "state": "SA",
        "price": "450",
        "price_per_unit": "900",
        "price_unit": "L"
      },
      {
        "state": "TAS",
        "price": "450",
        "price_per_unit": "900",
        "price_unit": "L"
      },
      {
        "state": "ACT",
        "price": "450",
        "price_per_unit": "900",
        "price_unit": "L"
      },
      {
        "state": "NT",
        "price": "450",
        "price_per_unit": "900",
        "price_unit": "L"
      }
    ]
  },
  {
    "source_url": "https://www.woolworths.com.au/shop/productdetails/277627/staminade-hydrate-electrolyte-powder-orange",
    "name": "Staminade Hydrate Electrolyte Powder Orange 585g",
    "image_url": "https://cdn1.woolworths.media/content/wowproductimages/large/277627.jpg",
    "source_id": "Woolworths - 277627",
    "barcode": "9310347000245",
    "category_id": "1_5AF3A0A",
    "shop": "Woolworths",
    "weight": "100G",
    "prices": [
      {
        "state": "NSW",
        "price": "800",
        "price_per_unit": "137",
        "price_unit": "G"
      },
      {
        "state": "VIC",
        "price": "800",
        "price_per_unit": "137",
        "price_unit": "G"
      },
      {
        "state": "QLD",
        "price": "800",
        "price_per_unit": "137",
        "price_unit": "G"
      },
      {
        "state": "WA",
        "price": "800",
        "price_per_unit": "137",
        "price_unit": "G"
      },
      {
        "state": "SA",
        "price": "800",
        "price_per_unit": "137",
        "price_unit": "G"
      },
      {
        "state": "TAS",
        "price": "800",
        "price_per_unit": "137",
        "price_unit": "G"
      },
      {
        "state": "ACT",
        "price": "800",
        "price_per_unit": "137",
        "price_unit": "G"
      },
      {
        "state": "NT",
        "price": "800",
        "price_per_unit": "137",
        "price_unit": "G"
      }
    ]
  },
  {
    "source_url": "https://www.woolworths.com.au/shop/productdetails/341051/staminade-lemon-lime-powder",
    "name": "Staminade Lemon & Lime Powder 585g",
    "image_url": "https://cdn1.woolworths.media/content/wowproductimages/large/341051.jpg",
    "source_id": "Woolworths - 341051",
    "barcode": "9310347506907",
    "category_id": "1_5AF3A0A",
    "shop": "Woolworths",
    "weight": "100G",
    "prices": [
      {
        "state": "NSW",
        "price": "800",
        "price_per_unit": "137",
        "price_unit": "G"
      },
      {
        "state": "VIC",
        "price": "800",
        "price_per_unit": "137",
        "price_unit": "G"
      },
      {
        "state": "QLD",
        "price": "800",
        "price_per_unit": "137",
        "price_unit": "G"
      },
      {
        "state": "WA",
        "price": "800",
        "price_per_unit": "137",
        "price_unit": "G"
      },
      {
        "state": "SA",
        "price": "800",
        "price_per_unit": "137",
        "price_unit": "G"
      },
      {
        "state": "TAS",
        "price": "800",
        "price_per_unit": "137",
        "price_unit": "G"
      },
      {
        "state": "ACT",
        "price": "800",
        "price_per_unit": "137",
        "price_unit": "G"
      },
      {
        "state": "NT",
        "price": "800",
        "price_per_unit": "137",
        "price_unit": "G"
      }
    ]
  },
  {
    "source_url": "https://www.woolworths.com.au/shop/productdetails/892786/superboost-hydration-energy-grape",
    "name": "Superboost Hydration Energy Grape 500mL",
    "image_url": "https://cdn1.woolworths.media/content/wowproductimages/large/892786.jpg",
    "source_id": "Woolworths - 892786",
    "barcode": "9309000708109",
    "category_id": "1_5AF3A0A",
    "shop": "Woolworths",
    "weight": "1L",
    "prices": [
      {
        "state": "NSW",
        "price": "450",
        "price_per_unit": "900",
        "price_unit": "L"
      },
      {
        "state": "VIC",
        "price": "450",
        "price_per_unit": "900",
        "price_unit": "L"
      },
      {
        "state": "QLD",
        "price": "450",
        "price_per_unit": "900",
        "price_unit": "L"
      },
      {
        "state": "WA",
        "price": "450",
        "price_per_unit": "900",
        "price_unit": "L"
      },
      {
        "state": "SA",
        "price": "450",
        "price_per_unit": "900",
        "price_unit": "L"
      },
      {
        "state": "TAS",
        "price": "450",
        "price_per_unit": "900",
        "price_unit": "L"
      },
      {
        "state": "ACT",
        "price": "450",
        "price_per_unit": "900",
        "price_unit": "L"
      },
      {
        "state": "NT",
        "price": "450",
        "price_per_unit": "900",
        "price_unit": "L"
      }
    ]
  },
  {
    "source_url": "https://www.woolworths.com.au/shop/productdetails/892122/superboost-hydration-strawberry-watermelon",
    "name": "Superboost Hydration Strawberry Watermelon 500mL",
    "image_url": "https://cdn1.woolworths.media/content/wowproductimages/large/892122.jpg",
    "source_id": "Woolworths - 892122",
    "barcode": "9369998156221",
    "category_id": "1_5AF3A0A",
    "shop": "Woolworths",
    "weight": "1L",
    "prices": [
      {
        "state": "NSW",
        "price": "450",
        "price_per_unit": "900",
        "price_unit": "L"
      },
      {
        "state": "VIC",
        "price": "450",
        "price_per_unit": "900",
        "price_unit": "L"
      },
      {
        "state": "QLD",
        "price": "450",
        "price_per_unit": "900",
        "price_unit": "L"
      },
      {
        "state": "WA",
        "price": "450",
        "price_per_unit": "900",
        "price_unit": "L"
      },
      {
        "state": "SA",
        "price": "450",
        "price_per_unit": "900",
        "price_unit": "L"
      },
      {
        "state": "TAS",
        "price": "450",
        "price_per_unit": "900",
        "price_unit": "L"
      },
      {
        "state": "ACT",
        "price": "450",
        "price_per_unit": "900",
        "price_unit": "L"
      },
      {
        "state": "NT",
        "price": "450",
        "price_per_unit": "900",
        "price_unit": "L"
      }
    ]
  },
  {
    "source_url": "https://www.woolworths.com.au/shop/productdetails/703891/bsc-protein-water-pina-colada",
    "name": "BSC Protein Water Pina Colada 355mL",
    "image_url": "https://cdn1.woolworths.media/content/wowproductimages/large/703891.jpg",
    "source_id": "Woolworths - 703891",
    "barcode": "9330171017653",
    "category_id": "1_5AF3A0A",
    "shop": "Woolworths",
    "weight": "1L",
    "prices": [
      {
        "state": "VIC",
        "price": "500",
        "price_per_unit": "1408",
        "price_unit": "L"
      },
      {
        "state": "QLD",
        "price": "500",
        "price_per_unit": "1408",
        "price_unit": "L"
      },
      {
        "state": "WA",
        "price": "500",
        "price_per_unit": "1408",
        "price_unit": "L"
      },
      {
        "state": "SA",
        "price": "500",
        "price_per_unit": "1408",
        "price_unit": "L"
      },
      {
        "state": "TAS",
        "price": "500",
        "price_per_unit": "1408",
        "price_unit": "L"
      },
      {
        "state": "ACT",
        "price": "500",
        "price_per_unit": "1408",
        "price_unit": "L"
      },
      {
        "state": "NT",
        "price": "500",
        "price_per_unit": "1408",
        "price_unit": "L"
      }
    ]
  },
  {
    "source_url": "https://www.woolworths.com.au/shop/productdetails/885680/cocobella-hydrate-tropical",
    "name": "Cocobella Hydrate Tropical 500ml",
    "image_url": "https://cdn1.woolworths.media/content/wowproductimages/large/885680.jpg",
    "source_id": "Woolworths - 885680",
    "barcode": "9336243002817",
    "category_id": "1_5AF3A0A",
    "shop": "Woolworths",
    "weight": "1L",
    "prices": [
      {
        "state": "VIC",
        "price": "200",
        "price_per_unit": "400",
        "price_unit": "L"
      },
      {
        "state": "QLD",
        "price": "200",
        "price_per_unit": "400",
        "price_unit": "L"
      },
      {
        "state": "WA",
        "price": "200",
        "price_per_unit": "400",
        "price_unit": "L"
      },
      {
        "state": "SA",
        "price": "200",
        "price_per_unit": "400",
        "price_unit": "L"
      },
      {
        "state": "TAS",
        "price": "200",
        "price_per_unit": "400",
        "price_unit": "L"
      },
      {
        "state": "ACT",
        "price": "200",
        "price_per_unit": "400",
        "price_unit": "L"
      },
      {
        "state": "NT",
        "price": "200",
        "price_per_unit": "400",
        "price_unit": "L"
      }
    ]
  },
  {
    "source_url": "https://www.woolworths.com.au/shop/productdetails/802510/gatorade-g-active-sports-drinks-mango-water-electrolytes-vitamins",
    "name": "Gatorade G Active Sports Drinks Mango Water Electrolytes & Vitamins 600ml",
    "image_url": "https://cdn1.woolworths.media/content/wowproductimages/large/802510.jpg",
    "source_id": "Woolworths - 802510",
    "barcode": "9310640000966",
    "category_id": "1_5AF3A0A",
    "shop": "Woolworths",
    "weight": "1L",
    "prices": [
      {
        "state": "VIC",
        "price": "400",
        "price_per_unit": "667",
        "price_unit": "L"
      },
      {
        "state": "QLD",
        "price": "400",
        "price_per_unit": "667",
        "price_unit": "L"
      },
      {
        "state": "WA",
        "price": "400",
        "price_per_unit": "667",
        "price_unit": "L"
      },
      {
        "state": "SA",
        "price": "400",
        "price_per_unit": "667",
        "price_unit": "L"
      },
      {
        "state": "TAS",
        "price": "385",
        "price_per_unit": "642",
        "price_unit": "L"
      },
      {
        "state": "ACT",
        "price": "400",
        "price_per_unit": "667",
        "price_unit": "L"
      },
      {
        "state": "NT",
        "price": "400",
        "price_per_unit": "667",
        "price_unit": "L"
      }
    ]
  },
  {
    "source_url": "https://www.woolworths.com.au/shop/productdetails/30450/gatorade-sports-drinks-orange-ice-electrolyte-hydration-bottle",
    "name": "Gatorade Sports Drinks Orange Ice Electrolyte Hydration Bottle 600ml",
    "image_url": "https://cdn1.woolworths.media/content/wowproductimages/large/030450.jpg",
    "source_id": "Woolworths - 30450",
    "barcode": "9310640620010",
    "category_id": "1_5AF3A0A",
    "shop": "Woolworths",
    "weight": "1L",
    "prices": [
      {
        "state": "VIC",
        "price": "400",
        "price_per_unit": "667",
        "price_unit": "L"
      },
      {
        "state": "QLD",
        "price": "400",
        "price_per_unit": "667",
        "price_unit": "L"
      },
      {
        "state": "WA",
        "price": "400",
        "price_per_unit": "667",
        "price_unit": "L"
      },
      {
        "state": "SA",
        "price": "400",
        "price_per_unit": "667",
        "price_unit": "L"
      },
      {
        "state": "TAS",
        "price": "385",
        "price_per_unit": "642",
        "price_unit": "L"
      },
      {
        "state": "ACT",
        "price": "400",
        "price_per_unit": "667",
        "price_unit": "L"
      },
      {
        "state": "NT",
        "price": "400",
        "price_per_unit": "667",
        "price_unit": "L"
      }
    ]
  },
  {
    "source_url": "https://www.woolworths.com.au/shop/productdetails/245411/gatorade-sports-drinks-watermelon-chill-electrolyte-hydration-bottle",
    "name": "Gatorade Sports Drinks Watermelon Chill Electrolyte Hydration Bottle 600ml",
    "image_url": "https://cdn1.woolworths.media/content/wowproductimages/large/245411.jpg",
    "source_id": "Woolworths - 245411",
    "barcode": "9310640000041",
    "category_id": "1_5AF3A0A",
    "shop": "Woolworths",
    "weight": "1L",
    "prices": [
      {
        "state": "VIC",
        "price": "400",
        "price_per_unit": "667",
        "price_unit": "L"
      },
      {
        "state": "QLD",
        "price": "400",
        "price_per_unit": "667",
        "price_unit": "L"
      },
      {
        "state": "WA",
        "price": "400",
        "price_per_unit": "667",
        "price_unit": "L"
      },
      {
        "state": "SA",
        "price": "400",
        "price_per_unit": "667",
        "price_unit": "L"
      },
      {
        "state": "TAS",
        "price": "385",
        "price_per_unit": "642",
        "price_unit": "L"
      },
      {
        "state": "ACT",
        "price": "400",
        "price_per_unit": "667",
        "price_unit": "L"
      },
      {
        "state": "NT",
        "price": "400",
        "price_per_unit": "667",
        "price_unit": "L"
      }
    ]
  },
  {
    "source_url": "https://www.woolworths.com.au/shop/productdetails/269088/maximus-lemonade-ice-block-isotonic-sports-drink",
    "name": "Maximus Lemonade Ice Block Isotonic Sports Drink 1l",
    "image_url": "https://cdn1.woolworths.media/content/wowproductimages/large/269088.jpg",
    "source_id": "Woolworths - 269088",
    "barcode": "9415767229808",
    "category_id": "1_5AF3A0A",
    "shop": "Woolworths",
    "weight": "1L",
    "prices": [
      {
        "state": "VIC",
        "price": "280",
        "price_per_unit": "280",
        "price_unit": "L"
      },
      {
        "state": "QLD",
        "price": "280",
        "price_per_unit": "280",
        "price_unit": "L"
      },
      {
        "state": "WA",
        "price": "280",
        "price_per_unit": "280",
        "price_unit": "L"
      },
      {
        "state": "SA",
        "price": "280",
        "price_per_unit": "280",
        "price_unit": "L"
      },
      {
        "state": "TAS",
        "price": "265",
        "price_per_unit": "265",
        "price_unit": "L"
      },
      {
        "state": "ACT",
        "price": "280",
        "price_per_unit": "280",
        "price_unit": "L"
      },
      {
        "state": "NT",
        "price": "280",
        "price_per_unit": "280",
        "price_unit": "L"
      }
    ]
  },
  {
    "source_url": "https://www.woolworths.com.au/shop/productdetails/938828/powerade-ion4-grape-sports-drink-sipper-cap",
    "name": "Powerade Ion4 Grape Sports Drink Sipper Cap 600mL",
    "image_url": "https://cdn1.woolworths.media/content/wowproductimages/large/938828.jpg",
    "source_id": "Woolworths - 938828",
    "barcode": "9300675095327",
    "category_id": "1_5AF3A0A",
    "shop": "Woolworths",
    "weight": "1L",
    "prices": [
      {
        "state": "VIC",
        "price": "420",
        "price_per_unit": "700",
        "price_unit": "L"
      },
      {
        "state": "QLD",
        "price": "420",
        "price_per_unit": "700",
        "price_unit": "L"
      },
      {
        "state": "WA",
        "price": "420",
        "price_per_unit": "700",
        "price_unit": "L"
      },
      {
        "state": "SA",
        "price": "420",
        "price_per_unit": "700",
        "price_unit": "L"
      },
      {
        "state": "TAS",
        "price": "410",
        "price_per_unit": "683",
        "price_unit": "L"
      },
      {
        "state": "ACT",
        "price": "420",
        "price_per_unit": "700",
        "price_unit": "L"
      },
      {
        "state": "NT",
        "price": "445",
        "price_per_unit": "742",
        "price_unit": "L"
      }
    ]
  },
  {
    "source_url": "https://www.woolworths.com.au/shop/productdetails/275804/prime-hydration-blue-raspberry",
    "name": "Prime Hydration Blue Raspberry 500ml",
    "image_url": "https://cdn1.woolworths.media/content/wowproductimages/large/275804.jpg",
    "source_id": "Woolworths - 275804",
    "barcode": "810116120406",
    "category_id": "1_5AF3A0A",
    "shop": "Woolworths",
    "weight": "1L",
    "prices": [
      {
        "state": "VIC",
        "price": "450",
        "price_per_unit": "900",
        "price_unit": "L"
      },
      {
        "state": "QLD",
        "price": "450",
        "price_per_unit": "900",
        "price_unit": "L"
      },
      {
        "state": "WA",
        "price": "450",
        "price_per_unit": "900",
        "price_unit": "L"
      },
      {
        "state": "SA",
        "price": "450",
        "price_per_unit": "900",
        "price_unit": "L"
      },
      {
        "state": "TAS",
        "price": "450",
        "price_per_unit": "900",
        "price_unit": "L"
      },
      {
        "state": "ACT",
        "price": "450",
        "price_per_unit": "900",
        "price_unit": "L"
      },
      {
        "state": "NT",
        "price": "450",
        "price_per_unit": "900",
        "price_unit": "L"
      }
    ]
  },
  {
    "source_url": "https://www.woolworths.com.au/shop/productdetails/386035/prime-hydration-meta-moon",
    "name": "Prime Hydration Meta Moon 500ml",
    "image_url": "https://cdn1.woolworths.media/content/wowproductimages/large/386035.jpg",
    "source_id": "Woolworths - 386035",
    "barcode": "810116120581",
    "category_id": "1_5AF3A0A",
    "shop": "Woolworths",
    "weight": "1L",
    "prices": [
      {
        "state": "VIC",
        "price": "450",
        "price_per_unit": "900",
        "price_unit": "L"
      },
      {
        "state": "QLD",
        "price": "450",
        "price_per_unit": "900",
        "price_unit": "L"
      },
      {
        "state": "WA",
        "price": "450",
        "price_per_unit": "900",
        "price_unit": "L"
      },
      {
        "state": "SA",
        "price": "450",
        "price_per_unit": "900",
        "price_unit": "L"
      },
      {
        "state": "TAS",
        "price": "450",
        "price_per_unit": "900",
        "price_unit": "L"
      },
      {
        "state": "ACT",
        "price": "450",
        "price_per_unit": "900",
        "price_unit": "L"
      },
      {
        "state": "NT",
        "price": "450",
        "price_per_unit": "900",
        "price_unit": "L"
      }
    ]
  },
  {
    "source_url": "https://www.woolworths.com.au/shop/productdetails/889513/superboost-hydration-immunity-strawberry-banana",
    "name": "Superboost Hydration Immunity Strawberry Banana 500mL",
    "image_url": "https://cdn1.woolworths.media/content/wowproductimages/large/889513.jpg",
    "source_id": "Woolworths - 889513",
    "barcode": "9309000708093",
    "category_id": "1_5AF3A0A",
    "shop": "Woolworths",
    "weight": "1L",
    "prices": [
      {
        "state": "VIC",
        "price": "450",
        "price_per_unit": "900",
        "price_unit": "L"
      },
      {
        "state": "QLD",
        "price": "450",
        "price_per_unit": "900",
        "price_unit": "L"
      },
      {
        "state": "WA",
        "price": "450",
        "price_per_unit": "900",
        "price_unit": "L"
      },
      {
        "state": "SA",
        "price": "450",
        "price_per_unit": "900",
        "price_unit": "L"
      },
      {
        "state": "TAS",
        "price": "450",
        "price_per_unit": "900",
        "price_unit": "L"
      },
      {
        "state": "ACT",
        "price": "450",
        "price_per_unit": "900",
        "price_unit": "L"
      },
      {
        "state": "NT",
        "price": "450",
        "price_per_unit": "900",
        "price_unit": "L"
      }
    ]
  },
  {
    "source_url": "https://www.woolworths.com.au/shop/productdetails/858552/wow-hydrate-collagen-protein-water-summer-fruits",
    "name": "Wow Hydrate Collagen Protein Water Summer Fruits 500ml",
    "image_url": "https://cdn1.woolworths.media/content/wowproductimages/large/858552.jpg",
    "source_id": "Woolworths - 858552",
    "barcode": "5060446101094",
    "category_id": "1_5AF3A0A",
    "shop": "Woolworths",
    "weight": "1L",
    "prices": [
      {
        "state": "VIC",
        "price": "475",
        "price_per_unit": "950",
        "price_unit": "L"
      },
      {
        "state": "QLD",
        "price": "475",
        "price_per_unit": "950",
        "price_unit": "L"
      },
      {
        "state": "WA",
        "price": "475",
        "price_per_unit": "950",
        "price_unit": "L"
      },
      {
        "state": "SA",
        "price": "475",
        "price_per_unit": "950",
        "price_unit": "L"
      },
      {
        "state": "TAS",
        "price": "475",
        "price_per_unit": "950",
        "price_unit": "L"
      },
      {
        "state": "ACT",
        "price": "475",
        "price_per_unit": "950",
        "price_unit": "L"
      },
      {
        "state": "NT",
        "price": "475",
        "price_per_unit": "950",
        "price_unit": "L"
      }
    ]
  },
  {
    "source_url": "https://www.woolworths.com.au/shop/productdetails/886894/wow-hydrate-collagen-protein-water-tropical",
    "name": "Wow Hydrate Collagen Protein Water Tropical 500ml",
    "image_url": "https://cdn1.woolworths.media/content/wowproductimages/large/886894.jpg",
    "source_id": "Woolworths - 886894",
    "barcode": "5060446101087",
    "category_id": "1_5AF3A0A",
    "shop": "Woolworths",
    "weight": "1L",
    "prices": [
      {
        "state": "VIC",
        "price": "475",
        "price_per_unit": "950",
        "price_unit": "L"
      },
      {
        "state": "QLD",
        "price": "475",
        "price_per_unit": "950",
        "price_unit": "L"
      },
      {
        "state": "WA",
        "price": "475",
        "price_per_unit": "950",
        "price_unit": "L"
      },
      {
        "state": "SA",
        "price": "475",
        "price_per_unit": "950",
        "price_unit": "L"
      },
      {
        "state": "TAS",
        "price": "475",
        "price_per_unit": "950",
        "price_unit": "L"
      },
      {
        "state": "ACT",
        "price": "475",
        "price_per_unit": "950",
        "price_unit": "L"
      },
      {
        "state": "NT",
        "price": "475",
        "price_per_unit": "950",
        "price_unit": "L"
      }
    ]
  },
  {
    "source_url": "https://www.woolworths.com.au/shop/productdetails/958200/level-lemonade-original-cans",
    "name": "Level Lemonade Original Cans 300mL x 4 pack",
    "image_url": "https://cdn1.woolworths.media/content/wowproductimages/large/958200.jpg",
    "source_id": "Woolworths - 958200",
    "barcode": "9346518000912",
    "category_id": "1_5AF3A0A",
    "shop": "Woolworths",
    "weight": "1L",
    "prices": [
      {
        "state": "QLD",
        "price": "1200",
        "price_per_unit": "1000",
        "price_unit": "L"
      },
      {
        "state": "WA",
        "price": "1200",
        "price_per_unit": "1000",
        "price_unit": "L"
      },
      {
        "state": "SA",
        "price": "1200",
        "price_per_unit": "1000",
        "price_unit": "L"
      },
      {
        "state": "ACT",
        "price": "1200",
        "price_per_unit": "1000",
        "price_unit": "L"
      },
      {
        "state": "NT",
        "price": "1200",
        "price_per_unit": "1000",
        "price_unit": "L"
      }
    ]
  },
  {
    "source_url": "https://www.woolworths.com.au/shop/productdetails/770293/maximus-red-isotonic-sports-drink-red",
    "name": "Maximus Red Isotonic Sports Drink 1l",
    "image_url": "https://cdn1.woolworths.media/content/wowproductimages/large/770293.jpg",
    "source_id": "Woolworths - 770293",
    "barcode": "9415767370500",
    "category_id": "1_5AF3A0A",
    "shop": "Woolworths",
    "weight": "1L",
    "prices": [
      {
        "state": "QLD",
        "price": "280",
        "price_per_unit": "280",
        "price_unit": "L"
      },
      {
        "state": "WA",
        "price": "280",
        "price_per_unit": "280",
        "price_unit": "L"
      },
      {
        "state": "SA",
        "price": "280",
        "price_per_unit": "280",
        "price_unit": "L"
      },
      {
        "state": "ACT",
        "price": "280",
        "price_per_unit": "280",
        "price_unit": "L"
      },
      {
        "state": "NT",
        "price": "280",
        "price_per_unit": "280",
        "price_unit": "L"
      }
    ]
  },
  {
    "source_url": "https://www.woolworths.com.au/shop/productdetails/616013/maximus-zero-sugar-sports-drink-blue",
    "name": "Maximus Zero Sugar Sports Drink Blue 1l",
    "image_url": "https://cdn1.woolworths.media/content/wowproductimages/large/616013.jpg",
    "source_id": "Woolworths - 616013",
    "barcode": "9415767026391",
    "category_id": "1_5AF3A0A",
    "shop": "Woolworths",
    "weight": "1L",
    "prices": [
      {
        "state": "QLD",
        "price": "280",
        "price_per_unit": "280",
        "price_unit": "L"
      },
      {
        "state": "WA",
        "price": "280",
        "price_per_unit": "280",
        "price_unit": "L"
      },
      {
        "state": "SA",
        "price": "280",
        "price_per_unit": "280",
        "price_unit": "L"
      },
      {
        "state": "ACT",
        "price": "280",
        "price_per_unit": "280",
        "price_unit": "L"
      },
      {
        "state": "NT",
        "price": "280",
        "price_per_unit": "280",
        "price_unit": "L"
      }
    ]
  },
  {
    "source_url": "https://www.woolworths.com.au/shop/productdetails/953155/superboost-hydration-blueberry-grape",
    "name": "Superboost Hydration Blueberry Grape 500mL",
    "image_url": "https://cdn1.woolworths.media/content/wowproductimages/large/953155.jpg",
    "source_id": "Woolworths - 953155",
    "barcode": "9369998257058",
    "category_id": "1_5AF3A0A",
    "shop": "Woolworths",
    "weight": "1L",
    "prices": [
      {
        "state": "QLD",
        "price": "450",
        "price_per_unit": "900",
        "price_unit": "L"
      },
      {
        "state": "WA",
        "price": "450",
        "price_per_unit": "900",
        "price_unit": "L"
      },
      {
        "state": "SA",
        "price": "450",
        "price_per_unit": "900",
        "price_unit": "L"
      },
      {
        "state": "NT",
        "price": "450",
        "price_per_unit": "900",
        "price_unit": "L"
      }
    ]
  },
  {
    "source_url": "https://www.woolworths.com.au/shop/productdetails/704003/maximus-grape-isotonic-sports-drink",
    "name": "Maximus Grape Isotonic Sports Drink 1l",
    "image_url": "https://cdn1.woolworths.media/content/wowproductimages/large/704003.jpg",
    "source_id": "Woolworths - 704003",
    "barcode": "9415767026414",
    "category_id": "1_5AF3A0A",
    "shop": "Woolworths",
    "weight": "1L",
    "prices": [
      {
        "state": "WA",
        "price": "280",
        "price_per_unit": "280",
        "price_unit": "L"
      },
      {
        "state": "NT",
        "price": "280",
        "price_per_unit": "280",
        "price_unit": "L"
      }
    ]
  },
  {
    "source_url": "https://www.woolworths.com.au/shop/productdetails/61649/maximus-mango-passionfruit",
    "name": "Maximus Mango Passionfruit Isotonic Sports Drink 1l",
    "image_url": "https://cdn1.woolworths.media/content/wowproductimages/large/061649.jpg",
    "source_id": "Woolworths - 61649",
    "barcode": "9415767023147",
    "category_id": "1_5AF3A0A",
    "shop": "Woolworths",
    "weight": "1L",
    "prices": [
      {
        "state": "WA",
        "price": "280",
        "price_per_unit": "280",
        "price_unit": "L"
      },
      {
        "state": "NT",
        "price": "280",
        "price_per_unit": "280",
        "price_unit": "L"
      }
    ]
  },
  {
    "source_url": "https://www.woolworths.com.au/shop/productdetails/369725/powerade-isotonic-berry-ice-powder",
    "name": "Powerade Isotonic Berry Ice Powder 500g",
    "image_url": "https://cdn1.woolworths.media/content/wowproductimages/large/369725.jpg",
    "source_id": "Woolworths - 369725",
    "barcode": "9300675039963",
    "category_id": "1_5AF3A0A",
    "shop": "Woolworths",
    "weight": "100G",
    "prices": [
      {
        "state": "WA",
        "price": "1370",
        "price_per_unit": "274",
        "price_unit": "G"
      },
      {
        "state": "NT",
        "price": "1440",
        "price_per_unit": "288",
        "price_unit": "G"
      }
    ]
  }
]