[
  {
    "source_url": "https://www.woolworths.com.au/shop/productdetails/331819/bickford-s-lemon-lime-bitters-cordial",
    "name": "Bickford's Lemon & Lime Bitters Cordial 750ml",
    "image_url": "https://cdn1.woolworths.media/content/wowproductimages/large/331819.jpg",
    "source_id": "Woolworths - 331819",
    "barcode": "9311755301337",
    "category_id": "1_5AF3A0A",
    "shop": "Woolworths",
    "weight": "1L",
    "prices": [
      {
        "state": "NSW",
        "price": "500",
        "price_per_unit": "667",
        "price_unit": "L"
      },
      {
        "state": "VIC",
        "price": "500",
        "price_per_unit": "667",
        "price_unit": "L"
      },
      {
        "state": "QLD",
        "price": "500",
        "price_per_unit": "667",
        "price_unit": "L"
      },
      {
        "state": "WA",
        "price": "500",
        "price_per_unit": "667",
        "price_unit": "L"
      },
      {
        "state": "TAS",
        "price": "500",
        "price_per_unit": "667",
        "price_unit": "L"
      },
      {
        "state": "ACT",
        "price": "500",
        "price_per_unit": "667",
        "price_unit": "L"
      },
      {
        "state": "NT",
        "price": "500",
        "price_per_unit": "667",
        "price_unit": "L"
      }
    ]
  },
  {
    "source_url": "https://www.woolworths.com.au/shop/productdetails/3154/bickford-s-lemon-barley-cordial",
    "name": "Bickford's Lemon Barley Cordial 750ml",
    "image_url": "https://cdn1.woolworths.media/content/wowproductimages/large/003154.jpg",
    "source_id": "Woolworths - 3154",
    "barcode": "9311755000100",
    "category_id": "1_5AF3A0A",
    "shop": "Woolworths",
    "weight": "1L",
    "prices": [
      {
        "state": "NSW",
        "price": "500",
        "price_per_unit": "667",
        "price_unit": "L"
      },
      {
        "state": "VIC",
        "price": "500",
        "price_per_unit": "667",
        "price_unit": "L"
      },
      {
        "state": "QLD",
        "price": "500",
        "price_per_unit": "667",
        "price_unit": "L"
      },
      {
        "state": "WA",
        "price": "500",
        "price_per_unit": "667",
        "price_unit": "L"
      },
      {
        "state": "SA",
        "price": "500",
        "price_per_unit": "667",
        "price_unit": "L"
      },
      {
        "state": "TAS",
        "price": "500",
        "price_per_unit": "667",
        "price_unit": "L"
      },
      {
        "state": "ACT",
        "price": "500",
        "price_per_unit": "667",
        "price_unit": "L"
      },
      {
        "state": "NT",
        "price": "500",
        "price_per_unit": "667",
        "price_unit": "L"
      }
    ]
  },
  {
    "source_url": "https://www.woolworths.com.au/shop/productdetails/193645/bickford-s-lemon-cordial",
    "name": "Bickford's Lemon Cordial 750ml",
    "image_url": "https://cdn1.woolworths.media/content/wowproductimages/large/193645.jpg",
    "source_id": "Woolworths - 193645",
    "barcode": "9311755200739",
    "category_id": "1_5AF3A0A",
    "shop": "Woolworths",
    "weight": "1L",
    "prices": [
      {
        "state": "NSW",
        "price": "500",
        "price_per_unit": "667",
        "price_unit": "L"
      },
      {
        "state": "VIC",
        "price": "500",
        "price_per_unit": "667",
        "price_unit": "L"
      },
      {
        "state": "QLD",
        "price": "500",
        "price_per_unit": "667",
        "price_unit": "L"
      },
      {
        "state": "WA",
        "price": "500",
        "price_per_unit": "667",
        "price_unit": "L"
      },
      {
        "state": "SA",
        "price": "500",
        "price_per_unit": "667",
        "price_unit": "L"
      },
      {
        "state": "TAS",
        "price": "500",
        "price_per_unit": "667",
        "price_unit": "L"
      },
      {
        "state": "ACT",
        "price": "500",
        "price_per_unit": "667",
        "price_unit": "L"
      },
      {
        "state": "NT",
        "price": "500",
        "price_per_unit": "667",
        "price_unit": "L"
      }
    ]
  },
  {
    "source_url": "https://www.woolworths.com.au/shop/productdetails/36298/bickford-s-lime-cordial",
    "name": "Bickford's Lime Cordial 750ml",
    "image_url": "https://cdn1.woolworths.media/content/wowproductimages/large/036298.jpg",
    "source_id": "Woolworths - 36298",
    "barcode": "9311755000025",
    "category_id": "1_5AF3A0A",
    "shop": "Woolworths",
    "weight": "1L",
    "prices": [
      {
        "state": "NSW",
        "price": "500",
        "price_per_unit": "667",
        "price_unit": "L"
      },
      {
        "state": "VIC",
        "price": "500",
        "price_per_unit": "667",
        "price_unit": "L"
      },
      {
        "state": "QLD",
        "price": "500",
        "price_per_unit": "667",
        "price_unit": "L"
      },
      {
        "state": "WA",
        "price": "500",
        "price_per_unit": "667",
        "price_unit": "L"
      },
      {
        "state": "SA",
        "price": "500",
        "price_per_unit": "667",
        "price_unit": "L"
      },
      {
        "state": "TAS",
        "price": "500",
        "price_per_unit": "667",
        "price_unit": "L"
      },
      {
        "state": "ACT",
        "price": "500",
        "price_per_unit": "667",
        "price_unit": "L"
      },
      {
        "state": "NT",
        "price": "500",
        "price_per_unit": "667",
        "price_unit": "L"
      }
    ]
  },
  {
    "source_url": "https://www.woolworths.com.au/shop/productdetails/46667/bickford-s-tropical-cordial",
    "name": "Bickford's Tropical Cordial 750ml",
    "image_url": "https://cdn1.woolworths.media/content/wowproductimages/large/046667.jpg",
    "source_id": "Woolworths - 46667",
    "barcode": "9349277000599",
    "category_id": "1_5AF3A0A",
    "shop": "Woolworths",
    "weight": "1L",
    "prices": [
      {
        "state": "NSW",
        "price": "500",
        "price_per_unit": "667",
        "price_unit": "L"
      },
      {
        "state": "VIC",
        "price": "500",
        "price_per_unit": "667",
        "price_unit": "L"
      },
      {
        "state": "QLD",
        "price": "500",
        "price_per_unit": "667",
        "price_unit": "L"
      },
      {
        "state": "WA",
        "price": "500",
        "price_per_unit": "667",
        "price_unit": "L"
      },
      {
        "state": "SA",
        "price": "500",
        "price_per_unit": "667",
        "price_unit": "L"
      },
      {
        "state": "TAS",
        "price": "500",
        "price_per_unit": "667",
        "price_unit": "L"
      },
      {
        "state": "ACT",
        "price": "500",
        "price_per_unit": "667",
        "price_unit": "L"
      },
      {
        "state": "NT",
        "price": "500",
        "price_per_unit": "667",
        "price_unit": "L"
      }
    ]
  },
  {
    "source_url": "https://www.woolworths.com.au/shop/productdetails/146307/buderim-ginger-ginger-cordial",
    "name": "Buderim Ginger Cordial 750ml",
    "image_url": "https://cdn1.woolworths.media/content/wowproductimages/large/146307.jpg",
    "source_id": "Woolworths - 146307",
    "barcode": "9310371160373",
    "category_id": "1_5AF3A0A",
    "shop": "Woolworths",
    "weight": "1L",
    "prices": [
      {
        "state": "NSW",
        "price": "450",
        "price_per_unit": "600",
        "price_unit": "L"
      },
      {
        "state": "QLD",
        "price": "450",
        "price_per_unit": "600",
        "price_unit": "L"
      },
      {
        "state": "WA",
        "price": "450",
        "price_per_unit": "600",
        "price_unit": "L"
      },
      {
        "state": "SA",
        "price": "450",
        "price_per_unit": "600",
        "price_unit": "L"
      },
      {
        "state": "TAS",
        "price": "450",
        "price_per_unit": "600",
        "price_unit": "L"
      },
      {
        "state": "ACT",
        "price": "450",
        "price_per_unit": "600",
        "price_unit": "L"
      },
      {
        "state": "NT",
        "price": "450",
        "price_per_unit": "600",
        "price_unit": "L"
      }
    ]
  },
  {
    "source_url": "https://www.woolworths.com.au/shop/productdetails/362464/cottee-s-lemon-cordial-lemon-crush-with-40-fruit-juice-bottle",
    "name": "Cottee's Lemon Cordial Lemon Crush With 40% Fruit Juice Bottle 1L",
    "image_url": "https://cdn1.woolworths.media/content/wowproductimages/large/362464.jpg",
    "source_id": "Woolworths - 362464",
    "barcode": "9300614000757",
    "category_id": "1_5AF3A0A",
    "shop": "Woolworths",
    "weight": "1L",
    "prices": [
      {
        "state": "NSW",
        "price": "590",
        "price_per_unit": "590",
        "price_unit": "L"
      },
      {
        "state": "VIC",
        "price": "590",
        "price_per_unit": "590",
        "price_unit": "L"
      },
      {
        "state": "QLD",
        "price": "590",
        "price_per_unit": "590",
        "price_unit": "L"
      },
      {
        "state": "WA",
        "price": "590",
        "price_per_unit": "590",
        "price_unit": "L"
      },
      {
        "state": "SA",
        "price": "590",
        "price_per_unit": "590",
        "price_unit": "L"
      },
      {
        "state": "TAS",
        "price": "590",
        "price_per_unit": "590",
        "price_unit": "L"
      },
      {
        "state": "ACT",
        "price": "590",
        "price_per_unit": "590",
        "price_unit": "L"
      },
      {
        "state": "NT",
        "price": "590",
        "price_per_unit": "590",
        "price_unit": "L"
      }
    ]
  },
  {
    "source_url": "https://www.woolworths.com.au/shop/productdetails/362445/cottee-s-lime-cordial-coola-green-bottle",
    "name": "Cottee's Lime Cordial Coola Green Bottle 1l",
    "image_url": "https://cdn1.woolworths.media/content/wowproductimages/large/362445.jpg",
    "source_id": "Woolworths - 362445",
    "barcode": "9300614000603",
    "category_id": "1_5AF3A0A",
    "shop": "Woolworths",
    "weight": "1L",
    "prices": [
      {
        "state": "NSW",
        "price": "590",
        "price_per_unit": "590",
        "price_unit": "L"
      },
      {
        "state": "VIC",
        "price": "590",
        "price_per_unit": "590",
        "price_unit": "L"
      },
      {
        "state": "QLD",
        "price": "590",
        "price_per_unit": "590",
        "price_unit": "L"
      },
      {
        "state": "WA",
        "price": "590",
        "price_per_unit": "590",
        "price_unit": "L"
      },
      {
        "state": "SA",
        "price": "590",
        "price_per_unit": "590",
        "price_unit": "L"
      },
      {
        "state": "TAS",
        "price": "590",
        "price_per_unit": "590",
        "price_unit": "L"
      },
      {
        "state": "ACT",
        "price": "590",
        "price_per_unit": "590",
        "price_unit": "L"
      },
      {
        "state": "NT",
        "price": "590",
        "price_per_unit": "590",
        "price_unit": "L"
      }
    ]
  },
  {
    "source_url": "https://www.woolworths.com.au/shop/productdetails/39154/diet-rite-apple-blackcurrant-cordial",
    "name": "Diet Rite Apple Blackcurrant Cordial 1l",
    "image_url": "https://cdn1.woolworths.media/content/wowproductimages/large/039154.jpg",
    "source_id": "Woolworths - 39154",
    "barcode": "9345905007237",
    "category_id": "1_5AF3A0A",
    "shop": "Woolworths",
    "weight": "1L",
    "prices": [
      {
        "state": "NSW",
        "price": "350",
        "price_per_unit": "350",
        "price_unit": "L"
      },
      {
        "state": "VIC",
        "price": "350",
        "price_per_unit": "350",
        "price_unit": "L"
      },
      {
        "state": "QLD",
        "price": "350",
        "price_per_unit": "350",
        "price_unit": "L"
      },
      {
        "state": "WA",
        "price": "350",
        "price_per_unit": "350",
        "price_unit": "L"
      },
      {
        "state": "SA",
        "price": "350",
        "price_per_unit": "350",
        "price_unit": "L"
      },
      {
        "state": "TAS",
        "price": "350",
        "price_per_unit": "350",
        "price_unit": "L"
      },
      {
        "state": "ACT",
        "price": "350",
        "price_per_unit": "350",
        "price_unit": "L"
      },
      {
        "state": "NT",
        "price": "350",
        "price_per_unit": "350",
        "price_unit": "L"
      }
    ]
  },
  {
    "source_url": "https://www.woolworths.com.au/shop/productdetails/574763/diet-rite-cordial-apple-raspberry",
    "name": "Diet Rite Cordial Apple Raspberry 1l",
    "image_url": "https://cdn1.woolworths.media/content/wowproductimages/large/574763.jpg",
    "source_id": "Woolworths - 574763",
    "barcode": "9345905005523",
    "category_id": "1_5AF3A0A",
    "shop": "Woolworths",
    "weight": "1L",
    "prices": [
      {
        "state": "NSW",
        "price": "350",
        "price_per_unit": "350",
        "price_unit": "L"
      },
      {
        "state": "VIC",
        "price": "350",
        "price_per_unit": "350",
        "price_unit": "L"
      },
      {
        "state": "QLD",
        "price": "350",
        "price_per_unit": "350",
        "price_unit": "L"
      },
      {
        "state": "WA",
        "price": "350",
        "price_per_unit": "350",
        "price_unit": "L"
      },
      {
        "state": "SA",
        "price": "350",
        "price_per_unit": "350",
        "price_unit": "L"
      },
      {
        "state": "TAS",
        "price": "350",
        "price_per_unit": "350",
        "price_unit": "L"
      },
      {
        "state": "ACT",
        "price": "350",
        "price_per_unit": "350",
        "price_unit": "L"
      },
      {
        "state": "NT",
        "price": "350",
        "price_per_unit": "350",
        "price_unit": "L"
      }
    ]
  },
  {
    "source_url": "https://www.woolworths.com.au/shop/productdetails/684089/diet-rite-lemon-lime-orange",
    "name": "Diet Rite Lemon Lime Orange 1l",
    "image_url": "https://cdn1.woolworths.media/content/wowproductimages/large/684089.jpg",
    "source_id": "Woolworths - 684089",
    "barcode": "9345905006117",
    "category_id": "1_5AF3A0A",
    "shop": "Woolworths",
    "weight": "1L",
    "prices": [
      {
        "state": "NSW",
        "price": "350",
        "price_per_unit": "350",
        "price_unit": "L"
      },
      {
        "state": "VIC",
        "price": "350",
        "price_per_unit": "350",
        "price_unit": "L"
      },
      {
        "state": "QLD",
        "price": "350",
        "price_per_unit": "350",
        "price_unit": "L"
      },
      {
        "state": "WA",
        "price": "350",
        "price_per_unit": "350",
        "price_unit": "L"
      },
      {
        "state": "SA",
        "price": "350",
        "price_per_unit": "350",
        "price_unit": "L"
      },
      {
        "state": "TAS",
        "price": "350",
        "price_per_unit": "350",
        "price_unit": "L"
      },
      {
        "state": "ACT",
        "price": "350",
        "price_per_unit": "350",
        "price_unit": "L"
      },
      {
        "state": "NT",
        "price": "350",
        "price_per_unit": "350",
        "price_unit": "L"
      }
    ]
  },
  {
    "source_url": "https://www.woolworths.com.au/shop/productdetails/39208/diet-rite-multi-fruits-cordial",
    "name": "Diet Rite Multi Fruits Cordial 1l",
    "image_url": "https://cdn1.woolworths.media/content/wowproductimages/large/039208.jpg",
    "source_id": "Woolworths - 39208",
    "barcode": "9345905007244",
    "category_id": "1_5AF3A0A",
    "shop": "Woolworths",
    "weight": "1L",
    "prices": [
      {
        "state": "NSW",
        "price": "350",
        "price_per_unit": "350",
        "price_unit": "L"
      },
      {
        "state": "VIC",
        "price": "350",
        "price_per_unit": "350",
        "price_unit": "L"
      },
      {
        "state": "WA",
        "price": "350",
        "price_per_unit": "350",
        "price_unit": "L"
      },
      {
        "state": "SA",
        "price": "350",
        "price_per_unit": "350",
        "price_unit": "L"
      },
      {
        "state": "TAS",
        "price": "350",
        "price_per_unit": "350",
        "price_unit": "L"
      },
      {
        "state": "ACT",
        "price": "350",
        "price_per_unit": "350",
        "price_unit": "L"
      },
      {
        "state": "NT",
        "price": "350",
        "price_per_unit": "350",
        "price_unit": "L"
      }
    ]
  },
  {
    "source_url": "https://www.woolworths.com.au/shop/productdetails/43476/golden-circle-cordials-raspberry-cordial",
    "name": "Golden Circle Cordials Raspberry Cordial 2l",
    "image_url": "https://cdn1.woolworths.media/content/wowproductimages/large/043476.jpg",
    "source_id": "Woolworths - 43476",
    "barcode": "9310179005630",
    "category_id": "1_5AF3A0A",
    "shop": "Woolworths",
    "weight": "1L",
    "prices": [
      {
        "state": "NSW",
        "price": "550",
        "price_per_unit": "275",
        "price_unit": "L"
      },
      {
        "state": "VIC",
        "price": "550",
        "price_per_unit": "275",
        "price_unit": "L"
      },
      {
        "state": "QLD",
        "price": "550",
        "price_per_unit": "275",
        "price_unit": "L"
      },
      {
        "state": "WA",
        "price": "550",
        "price_per_unit": "275",
        "price_unit": "L"
      },
      {
        "state": "SA",
        "price": "550",
        "price_per_unit": "275",
        "price_unit": "L"
      },
      {
        "state": "TAS",
        "price": "550",
        "price_per_unit": "275",
        "price_unit": "L"
      },
      {
        "state": "ACT",
        "price": "550",
        "price_per_unit": "275",
        "price_unit": "L"
      },
      {
        "state": "NT",
        "price": "550",
        "price_per_unit": "275",
        "price_unit": "L"
      }
    ]
  },
  {
    "source_url": "https://www.woolworths.com.au/shop/productdetails/40448/golden-circle-fruit-cup-cordial-pineapple-drink-cordials",
    "name": "Golden Circle Fruit Cup Cordial Pineapple Drink Cordials 2l",
    "image_url": "https://cdn1.woolworths.media/content/wowproductimages/large/040448.jpg",
    "source_id": "Woolworths - 40448",
    "barcode": "9310179005593",
    "category_id": "1_5AF3A0A",
    "shop": "Woolworths",
    "weight": "1L",
    "prices": [
      {
        "state": "NSW",
        "price": "550",
        "price_per_unit": "275",
        "price_unit": "L"
      },
      {
        "state": "VIC",
        "price": "550",
        "price_per_unit": "275",
        "price_unit": "L"
      },
      {
        "state": "QLD",
        "price": "550",
        "price_per_unit": "275",
        "price_unit": "L"
      },
      {
        "state": "WA",
        "price": "550",
        "price_per_unit": "275",
        "price_unit": "L"
      },
      {
        "state": "SA",
        "price": "550",
        "price_per_unit": "275",
        "price_unit": "L"
      },
      {
        "state": "TAS",
        "price": "550",
        "price_per_unit": "275",
        "price_unit": "L"
      },
      {
        "state": "ACT",
        "price": "550",
        "price_per_unit": "275",
        "price_unit": "L"
      },
      {
        "state": "NT",
        "price": "550",
        "price_per_unit": "275",
        "price_unit": "L"
      }
    ]
  },
  {
    "source_url": "https://www.woolworths.com.au/shop/productdetails/105018/pepsi-max-sodastream-soda-mix",
    "name": "Pepsi Max Sodastream Soda Mix 440ml",
    "image_url": "https://cdn1.woolworths.media/content/wowproductimages/large/105018.jpg",
    "source_id": "Woolworths - 105018",
    "barcode": "8719128117249",
    "category_id": "1_5AF3A0A",
    "shop": "Woolworths",
    "weight": "1L",
    "prices": [
      {
        "state": "NSW",
        "price": "700",
        "price_per_unit": "1591",
        "price_unit": "L"
      },
      {
        "state": "VIC",
        "price": "700",
        "price_per_unit": "1591",
        "price_unit": "L"
      },
      {
        "state": "QLD",
        "price": "700",
        "price_per_unit": "1591",
        "price_unit": "L"
      },
      {
        "state": "WA",
        "price": "700",
        "price_per_unit": "1591",
        "price_unit": "L"
      },
      {
        "state": "SA",
        "price": "700",
        "price_per_unit": "1591",
        "price_unit": "L"
      },
      {
        "state": "TAS",
        "price": "700",
        "price_per_unit": "1591",
        "price_unit": "L"
      },
      {
        "state": "ACT",
        "price": "700",
        "price_per_unit": "1591",
        "price_unit": "L"
      },
      {
        "state": "NT",
        "price": "700",
        "price_per_unit": "1591",
        "price_unit": "L"
      }
    ]
  },
  {
    "source_url": "https://www.woolworths.com.au/shop/productdetails/149604/ribena-syrup-blackcurrant",
    "name": "Ribena Syrup Blackcurrant 1l",
    "image_url": "https://cdn1.woolworths.media/content/wowproductimages/large/149604.jpg",
    "source_id": "Woolworths - 149604",
    "barcode": "9421903599131",
    "category_id": "1_5AF3A0A",
    "shop": "Woolworths",
    "weight": "1L",
    "prices": [
      {
        "state": "NSW",
        "price": "740",
        "price_per_unit": "740",
        "price_unit": "L"
      },
      {
        "state": "VIC",
        "price": "740",
        "price_per_unit": "740",
        "price_unit": "L"
      },
      {
        "state": "QLD",
        "price": "740",
        "price_per_unit": "740",
        "price_unit": "L"
      },
      {
        "state": "WA",
        "price": "740",
        "price_per_unit": "740",
        "price_unit": "L"
      },
      {
        "state": "SA",
        "price": "740",
        "price_per_unit": "740",
        "price_unit": "L"
      },
      {
        "state": "TAS",
        "price": "740",
        "price_per_unit": "740",
        "price_unit": "L"
      },
      {
        "state": "ACT",
        "price": "740",
        "price_per_unit": "740",
        "price_unit": "L"
      },
      {
        "state": "NT",
        "price": "740",
        "price_per_unit": "740",
        "price_unit": "L"
      }
    ]
  },
  {
    "source_url": "https://www.woolworths.com.au/shop/productdetails/785960/sodastream-cylinder",
    "name": "Sodastream Cylinder 60l",
    "image_url": "https://cdn1.woolworths.media/content/wowproductimages/large/785960.jpg",
    "source_id": "Woolworths - 785960",
    "barcode": "7290012291265",
    "category_id": "1_5AF3A0A",
    "shop": "Woolworths",
    "weight": "1EA",
    "prices": [
      {
        "state": "NSW",
        "price": "3595",
        "price_per_unit": "3595",
        "price_unit": "EA"
      },
      {
        "state": "VIC",
        "price": "3595",
        "price_per_unit": "3595",
        "price_unit": "EA"
      },
      {
        "state": "QLD",
        "price": "3595",
        "price_per_unit": "3595",
        "price_unit": "EA"
      },
      {
        "state": "WA",
        "price": "3595",
        "price_per_unit": "3595",
        "price_unit": "EA"
      },
      {
        "state": "SA",
        "price": "3595",
        "price_per_unit": "3595",
        "price_unit": "EA"
      },
      {
        "state": "TAS",
        "price": "3595",
        "price_per_unit": "3595",
        "price_unit": "EA"
      },
      {
        "state": "ACT",
        "price": "3595",
        "price_per_unit": "3595",
        "price_unit": "EA"
      },
      {
        "state": "NT",
        "price": "3595",
        "price_per_unit": "3595",
        "price_unit": "EA"
      }
    ]
  },
  {
    "source_url": "https://www.woolworths.com.au/shop/productdetails/830653/vitafresh-sweet-navel-orange-drink",
    "name": "Vitafresh Sweet Navel Orange Drink 3 Pack",
    "image_url": "https://cdn1.woolworths.media/content/wowproductimages/large/830653.jpg",
    "source_id": "Woolworths - 830653",
    "barcode": "9417986944623",
    "category_id": "1_5AF3A0A",
    "shop": "Woolworths",
    "weight": "100G",
    "prices": [
      {
        "state": "NSW",
        "price": "230",
        "price_per_unit": "153",
        "price_unit": "G"
      },
      {
        "state": "VIC",
        "price": "230",
        "price_per_unit": "153",
        "price_unit": "G"
      },
      {
        "state": "QLD",
        "price": "230",
        "price_per_unit": "153",
        "price_unit": "G"
      },
      {
        "state": "WA",
        "price": "230",
        "price_per_unit": "153",
        "price_unit": "G"
      },
      {
        "state": "SA",
        "price": "230",
        "price_per_unit": "153",
        "price_unit": "G"
      },
      {
        "state": "TAS",
        "price": "230",
        "price_per_unit": "153",
        "price_unit": "G"
      },
      {
        "state": "ACT",
        "price": "230",
        "price_per_unit": "153",
        "price_unit": "G"
      },
      {
        "state": "NT",
        "price": "230",
        "price_per_unit": "153",
        "price_unit": "G"
      }
    ]
  },
  {
    "source_url": "https://www.woolworths.com.au/shop/productdetails/678579/belvoir-farm-elderflower-rose-cordial",
    "name": "Belvoir Farm Elderflower & Rose Cordial 500ml",
    "image_url": "https://cdn1.woolworths.media/content/wowproductimages/large/678579.jpg",
    "source_id": "Woolworths - 678579",
    "barcode": "5022019590209",
    "category_id": "1_5AF3A0A",
    "shop": "Woolworths",
    "weight": "1L",
    "prices": [
      {
        "state": "VIC",
        "price": "630",
        "price_per_unit": "1260",
        "price_unit": "L"
      },
      {
        "state": "QLD",
        "price": "630",
        "price_per_unit": "1260",
        "price_unit": "L"
      },
      {
        "state": "SA",
        "price": "630",
        "price_per_unit": "1260",
        "price_unit": "L"
      },
      {
        "state": "TAS",
        "price": "630",
        "price_per_unit": "1260",
        "price_unit": "L"
      },
      {
        "state": "ACT",
        "price": "630",
        "price_per_unit": "1260",
        "price_unit": "L"
      },
      {
        "state": "NT",
        "price": "630",
        "price_per_unit": "1260",
        "price_unit": "L"
      }
    ]
  },
  {
    "source_url": "https://www.woolworths.com.au/shop/productdetails/691315/bickford-s-blackcurrant-fruit-juice-syrup",
    "name": "Bickford's Blackcurrant Fruit Juice Syrup 750ml",
    "image_url": "https://cdn1.woolworths.media/content/wowproductimages/large/691315.jpg",
    "source_id": "Woolworths - 691315",
    "barcode": "9311755200913",
    "category_id": "1_5AF3A0A",
    "shop": "Woolworths",
    "weight": "1L",
    "prices": [
      {
        "state": "VIC",
        "price": "600",
        "price_per_unit": "800",
        "price_unit": "L"
      },
      {
        "state": "QLD",
        "price": "600",
        "price_per_unit": "800",
        "price_unit": "L"
      },
      {
        "state": "WA",
        "price": "600",
        "price_per_unit": "800",
        "price_unit": "L"
      },
      {
        "state": "SA",
        "price": "600",
        "price_per_unit": "800",
        "price_unit": "L"
      },
      {
        "state": "TAS",
        "price": "600",
        "price_per_unit": "800",
        "price_unit": "L"
      },
      {
        "state": "ACT",
        "price": "600",
        "price_per_unit": "800",
        "price_unit": "L"
      },
      {
        "state": "NT",
        "price": "600",
        "price_per_unit": "800",
        "price_unit": "L"
      }
    ]
  },
  {
    "source_url": "https://www.woolworths.com.au/shop/productdetails/574871/bickford-s-cordial-pink-grape-fruit",
    "name": "Bickford's Cordial Pink Grape Fruit 750ml",
    "image_url": "https://cdn1.woolworths.media/content/wowproductimages/large/574871.jpg",
    "source_id": "Woolworths - 574871",
    "barcode": "9349277000407",
    "category_id": "1_5AF3A0A",
    "shop": "Woolworths",
    "weight": "1L",
    "prices": [
      {
        "state": "VIC",
        "price": "500",
        "price_per_unit": "667",
        "price_unit": "L"
      },
      {
        "state": "QLD",
        "price": "500",
        "price_per_unit": "667",
        "price_unit": "L"
      },
      {
        "state": "WA",
        "price": "500",
        "price_per_unit": "667",
        "price_unit": "L"
      },
      {
        "state": "SA",
        "price": "500",
        "price_per_unit": "667",
        "price_unit": "L"
      },
      {
        "state": "TAS",
        "price": "500",
        "price_per_unit": "667",
        "price_unit": "L"
      },
      {
        "state": "ACT",
        "price": "500",
        "price_per_unit": "667",
        "price_unit": "L"
      },
      {
        "state": "NT",
        "price": "500",
        "price_per_unit": "667",
        "price_unit": "L"
      }
    ]
  },
  {
    "source_url": "https://www.woolworths.com.au/shop/productdetails/52148/bickford-s-diet-lemon-cordial",
    "name": "Bickford's Diet Lemon Cordial 750ml",
    "image_url": "https://cdn1.woolworths.media/content/wowproductimages/large/052148.jpg",
    "source_id": "Woolworths - 52148",
    "barcode": "9349277001091",
    "category_id": "1_5AF3A0A",
    "shop": "Woolworths",
    "weight": "1L",
    "prices": [
      {
        "state": "VIC",
        "price": "500",
        "price_per_unit": "667",
        "price_unit": "L"
      },
      {
        "state": "QLD",
        "price": "500",
        "price_per_unit": "667",
        "price_unit": "L"
      },
      {
        "state": "SA",
        "price": "500",
        "price_per_unit": "667",
        "price_unit": "L"
      },
      {
        "state": "TAS",
        "price": "500",
        "price_per_unit": "667",
        "price_unit": "L"
      },
      {
        "state": "ACT",
        "price": "500",
        "price_per_unit": "667",
        "price_unit": "L"
      },
      {
        "state": "NT",
        "price": "500",
        "price_per_unit": "667",
        "price_unit": "L"
      }
    ]
  },
  {
    "source_url": "https://www.woolworths.com.au/shop/productdetails/46779/bickford-s-diet-lime-cordial",
    "name": "Bickford's Diet Lime Cordial 750ml",
    "image_url": "https://cdn1.woolworths.media/content/wowproductimages/large/046779.jpg",
    "source_id": "Woolworths - 46779",
    "barcode": "9349277001077",
    "category_id": "1_5AF3A0A",
    "shop": "Woolworths",
    "weight": "1L",
    "prices": [
      {
        "state": "VIC",
        "price": "500",
        "price_per_unit": "667",
        "price_unit": "L"
      },
      {
        "state": "QLD",
        "price": "500",
        "price_per_unit": "667",
        "price_unit": "L"
      },
      {
        "state": "WA",
        "price": "500",
        "price_per_unit": "667",
        "price_unit": "L"
      },
      {
        "state": "SA",
        "price": "500",
        "price_per_unit": "667",
        "price_unit": "L"
      },
      {
        "state": "TAS",
        "price": "500",
        "price_per_unit": "667",
        "price_unit": "L"
      },
      {
        "state": "ACT",
        "price": "500",
        "price_per_unit": "667",
        "price_unit": "L"
      },
      {
        "state": "NT",
        "price": "500",
        "price_per_unit": "667",
        "price_unit": "L"
      }
    ]
  },
  {
    "source_url": "https://www.woolworths.com.au/shop/productdetails/229635/bickford-s-orange-lemon-lime-cordial",
    "name": "Bickford's Orange, Lemon & Lime Cordial 750ml",
    "image_url": "https://cdn1.woolworths.media/content/wowproductimages/large/229635.jpg",
    "source_id": "Woolworths - 229635",
    "barcode": "9349277002180",
    "category_id": "1_5AF3A0A",
    "shop": "Woolworths",
    "weight": "1L",
    "prices": [
      {
        "state": "VIC",
        "price": "500",
        "price_per_unit": "667",
        "price_unit": "L"
      },
      {
        "state": "QLD",
        "price": "500",
        "price_per_unit": "667",
        "price_unit": "L"
      },
      {
        "state": "WA",
        "price": "500",
        "price_per_unit": "667",
        "price_unit": "L"
      },
      {
        "state": "SA",
        "price": "500",
        "price_per_unit": "667",
        "price_unit": "L"
      },
      {
        "state": "TAS",
        "price": "500",
        "price_per_unit": "667",
        "price_unit": "L"
      },
      {
        "state": "ACT",
        "price": "500",
        "price_per_unit": "667",
        "price_unit": "L"
      },
      {
        "state": "NT",
        "price": "500",
        "price_per_unit": "667",
        "price_unit": "L"
      }
    ]
  },
  {
    "source_url": "https://www.woolworths.com.au/shop/productdetails/264715/bickford-s-peach-tea-cordial",
    "name": "Bickford's Peach Tea Cordial 750ml",
    "image_url": "https://cdn1.woolworths.media/content/wowproductimages/large/264715.jpg",
    "source_id": "Woolworths - 264715",
    "barcode": "9311755301313",
    "category_id": "1_5AF3A0A",
    "shop": "Woolworths",
    "weight": "1L",
    "prices": [
      {
        "state": "VIC",
        "price": "500",
        "price_per_unit": "667",
        "price_unit": "L"
      },
      {
        "state": "QLD",
        "price": "500",
        "price_per_unit": "667",
        "price_unit": "L"
      },
      {
        "state": "WA",
        "price": "500",
        "price_per_unit": "667",
        "price_unit": "L"
      },
      {
        "state": "SA",
        "price": "500",
        "price_per_unit": "667",
        "price_unit": "L"
      },
      {
        "state": "TAS",
        "price": "500",
        "price_per_unit": "667",
        "price_unit": "L"
      },
      {
        "state": "ACT",
        "price": "500",
        "price_per_unit": "667",
        "price_unit": "L"
      },
      {
        "state": "NT",
        "price": "500",
        "price_per_unit": "667",
        "price_unit": "L"
      }
    ]
  },
  {
    "source_url": "https://www.woolworths.com.au/shop/productdetails/309574/bickford-s-pineapple-lime-cordial",
    "name": "Bickford's Pineapple & Lime Cordial 750ml",
    "image_url": "https://cdn1.woolworths.media/content/wowproductimages/large/309574.jpg",
    "source_id": "Woolworths - 309574",
    "barcode": "9349277002586",
    "category_id": "1_5AF3A0A",
    "shop": "Woolworths",
    "weight": "1L",
    "prices": [
      {
        "state": "VIC",
        "price": "500",
        "price_per_unit": "667",
        "price_unit": "L"
      },
      {
        "state": "QLD",
        "price": "500",
        "price_per_unit": "667",
        "price_unit": "L"
      },
      {
        "state": "SA",
        "price": "500",
        "price_per_unit": "667",
        "price_unit": "L"
      },
      {
        "state": "TAS",
        "price": "500",
        "price_per_unit": "667",
        "price_unit": "L"
      },
      {
        "state": "ACT",
        "price": "500",
        "price_per_unit": "667",
        "price_unit": "L"
      },
      {
        "state": "NT",
        "price": "500",
        "price_per_unit": "667",
        "price_unit": "L"
      }
    ]
  },
  {
    "source_url": "https://www.woolworths.com.au/shop/productdetails/227947/bickford-s-pineapple-passionfruit-cordial",
    "name": "Bickford's Pineapple & Passionfruit Cordial 750ml",
    "image_url": "https://cdn1.woolworths.media/content/wowproductimages/large/227947.jpg",
    "source_id": "Woolworths - 227947",
    "barcode": "9349277002265",
    "category_id": "1_5AF3A0A",
    "shop": "Woolworths",
    "weight": "1L",
    "prices": [
      {
        "state": "VIC",
        "price": "500",
        "price_per_unit": "667",
        "price_unit": "L"
      },
      {
        "state": "QLD",
        "price": "500",
        "price_per_unit": "667",
        "price_unit": "L"
      },
      {
        "state": "WA",
        "price": "500",
        "price_per_unit": "667",
        "price_unit": "L"
      },
      {
        "state": "SA",
        "price": "500",
        "price_per_unit": "667",
        "price_unit": "L"
      },
      {
        "state": "TAS",
        "price": "500",
        "price_per_unit": "667",
        "price_unit": "L"
      },
      {
        "state": "ACT",
        "price": "500",
        "price_per_unit": "667",
        "price_unit": "L"
      },
      {
        "state": "NT",
        "price": "500",
        "price_per_unit": "667",
        "price_unit": "L"
      }
    ]
  },
  {
    "source_url": "https://www.woolworths.com.au/shop/productdetails/691317/bickford-s-raspberry-cordial",
    "name": "Bickford's Raspberry Cordial 750ml",
    "image_url": "https://cdn1.woolworths.media/content/wowproductimages/large/691317.jpg",
    "source_id": "Woolworths - 691317",
    "barcode": "9311755200647",
    "category_id": "1_5AF3A0A",
    "shop": "Woolworths",
    "weight": "1L",
    "prices": [
      {
        "state": "VIC",
        "price": "500",
        "price_per_unit": "667",
        "price_unit": "L"
      },
      {
        "state": "QLD",
        "price": "500",
        "price_per_unit": "667",
        "price_unit": "L"
      },
      {
        "state": "WA",
        "price": "500",
        "price_per_unit": "667",
        "price_unit": "L"
      },
      {
        "state": "SA",
        "price": "500",
        "price_per_unit": "667",
        "price_unit": "L"
      },
      {
        "state": "TAS",
        "price": "500",
        "price_per_unit": "667",
        "price_unit": "L"
      },
      {
        "state": "ACT",
        "price": "500",
        "price_per_unit": "667",
        "price_unit": "L"
      },
      {
        "state": "NT",
        "price": "500",
        "price_per_unit": "667",
        "price_unit": "L"
      }
    ]
  },
  {
    "source_url": "https://www.woolworths.com.au/shop/productdetails/227593/bickford-s-tropical-flavoured-cordial-sugar-free",
    "name": "Bickford's Tropical Flavoured Cordial Sugar Free 750ml",
    "image_url": "https://cdn1.woolworths.media/content/wowproductimages/large/227593.jpg",
    "source_id": "Woolworths - 227593",
    "barcode": "9349277002197",
    "category_id": "1_5AF3A0A",
    "shop": "Woolworths",
    "weight": "1L",
    "prices": [
      {
        "state": "VIC",
        "price": "500",
        "price_per_unit": "667",
        "price_unit": "L"
      },
      {
        "state": "QLD",
        "price": "500",
        "price_per_unit": "667",
        "price_unit": "L"
      },
      {
        "state": "SA",
        "price": "500",
        "price_per_unit": "667",
        "price_unit": "L"
      },
      {
        "state": "TAS",
        "price": "500",
        "price_per_unit": "667",
        "price_unit": "L"
      },
      {
        "state": "ACT",
        "price": "500",
        "price_per_unit": "667",
        "price_unit": "L"
      },
      {
        "state": "NT",
        "price": "500",
        "price_per_unit": "667",
        "price_unit": "L"
      }
    ]
  },
  {
    "source_url": "https://www.woolworths.com.au/shop/productdetails/306978/bottlegreen-cordial-elderflower",
    "name": "Bottlegreen Cordial Elderflower 500ml",
    "image_url": "https://cdn1.woolworths.media/content/wowproductimages/large/306978.jpg",
    "source_id": "Woolworths - 306978",
    "barcode": "5021812000656",
    "category_id": "1_5AF3A0A",
    "shop": "Woolworths",
    "weight": "1L",
    "prices": [
      {
        "state": "VIC",
        "price": "800",
        "price_per_unit": "1600",
        "price_unit": "L"
      },
      {
        "state": "QLD",
        "price": "800",
        "price_per_unit": "1600",
        "price_unit": "L"
      },
      {
        "state": "SA",
        "price": "800",
        "price_per_unit": "1600",
        "price_unit": "L"
      },
      {
        "state": "ACT",
        "price": "800",
        "price_per_unit": "1600",
        "price_unit": "L"
      }
    ]
  },
  {
    "source_url": "https://www.woolworths.com.au/shop/productdetails/227404/buderim-ginger-no-sugar-ginger-lemon-lime-bitters-cordial",
    "name": "Buderim Ginger No Sugar Ginger Lemon Lime & Bitters Cordial 750ml",
    "image_url": "https://cdn1.woolworths.media/content/wowproductimages/large/227404.jpg",
    "source_id": "Woolworths - 227404",
    "barcode": "9310371162322",
    "category_id": "1_5AF3A0A",
    "shop": "Woolworths",
    "weight": "1L",
    "prices": [
      {
        "state": "VIC",
        "price": "450",
        "price_per_unit": "600",
        "price_unit": "L"
      },
      {
        "state": "QLD",
        "price": "450",
        "price_per_unit": "600",
        "price_unit": "L"
      },
      {
        "state": "WA",
        "price": "450",
        "price_per_unit": "600",
        "price_unit": "L"
      },
      {
        "state": "SA",
        "price": "450",
        "price_per_unit": "600",
        "price_unit": "L"
      },
      {
        "state": "TAS",
        "price": "450",
        "price_per_unit": "600",
        "price_unit": "L"
      },
      {
        "state": "ACT",
        "price": "450",
        "price_per_unit": "600",
        "price_unit": "L"
      },
      {
        "state": "NT",
        "price": "450",
        "price_per_unit": "600",
        "price_unit": "L"
      }
    ]
  },
  {
    "source_url": "https://www.woolworths.com.au/shop/productdetails/362472/cottee-s-apple-raspberry-cordial-with-40-fruit-juice-bottle",
    "name": "Cottee's Apple & Raspberry Cordial With 40% Fruit Juice Bottle 1L",
    "image_url": "https://cdn1.woolworths.media/content/wowproductimages/large/362472.jpg",
    "source_id": "Woolworths - 362472",
    "barcode": "9300614000795",
    "category_id": "1_5AF3A0A",
    "shop": "Woolworths",
    "weight": "1L",
    "prices": [
      {
        "state": "VIC",
        "price": "590",
        "price_per_unit": "590",
        "price_unit": "L"
      },
      {
        "state": "QLD",
        "price": "590",
        "price_per_unit": "590",
        "price_unit": "L"
      },
      {
        "state": "WA",
        "price": "590",
        "price_per_unit": "590",
        "price_unit": "L"
      },
      {
        "state": "SA",
        "price": "590",
        "price_per_unit": "590",
        "price_unit": "L"
      },
      {
        "state": "TAS",
        "price": "590",
        "price_per_unit": "590",
        "price_unit": "L"
      },
      {
        "state": "ACT",
        "price": "590",
        "price_per_unit": "590",
        "price_unit": "L"
      },
      {
        "state": "NT",
        "price": "590",
        "price_per_unit": "590",
        "price_unit": "L"
      }
    ]
  },
  {
    "source_url": "https://www.woolworths.com.au/shop/productdetails/362461/cottee-s-fruit-cup-cordial-with-40-fruit-juice-bottle",
    "name": "Cottee's Fruit Cup Cordial With 40% Fruit Juice Bottle 1l",
    "image_url": "https://cdn1.woolworths.media/content/wowproductimages/large/362461.jpg",
    "source_id": "Woolworths - 362461",
    "barcode": "9300614000740",
    "category_id": "1_5AF3A0A",
    "shop": "Woolworths",
    "weight": "1L",
    "prices": [
      {
        "state": "VIC",
        "price": "590",
        "price_per_unit": "590",
        "price_unit": "L"
      },
      {
        "state": "QLD",
        "price": "590",
        "price_per_unit": "590",
        "price_unit": "L"
      },
      {
        "state": "WA",
        "price": "590",
        "price_per_unit": "590",
        "price_unit": "L"
      },
      {
        "state": "SA",
        "price": "590",
        "price_per_unit": "590",
        "price_unit": "L"
      },
      {
        "state": "TAS",
        "price": "590",
        "price_per_unit": "590",
        "price_unit": "L"
      },
      {
        "state": "ACT",
        "price": "590",
        "price_per_unit": "590",
        "price_unit": "L"
      },
      {
        "state": "NT",
        "price": "590",
        "price_per_unit": "590",
        "price_unit": "L"
      }
    ]
  },
  {
    "source_url": "https://www.woolworths.com.au/shop/productdetails/362459/cottee-s-orange-cordial-orange-crush-with-40-fruit-juice-bottle",
    "name": "Cottee's Orange Cordial Orange Crush With 40% Fruit Juice Bottle 1l",
    "image_url": "https://cdn1.woolworths.media/content/wowproductimages/large/362459.jpg",
    "source_id": "Woolworths - 362459",
    "barcode": "9300614000733",
    "category_id": "1_5AF3A0A",
    "shop": "Woolworths",
    "weight": "1L",
    "prices": [
      {
        "state": "VIC",
        "price": "590",
        "price_per_unit": "590",
        "price_unit": "L"
      },
      {
        "state": "QLD",
        "price": "590",
        "price_per_unit": "590",
        "price_unit": "L"
      },
      {
        "state": "WA",
        "price": "590",
        "price_per_unit": "590",
        "price_unit": "L"
      },
      {
        "state": "SA",
        "price": "590",
        "price_per_unit": "590",
        "price_unit": "L"
      },
      {
        "state": "TAS",
        "price": "590",
        "price_per_unit": "590",
        "price_unit": "L"
      },
      {
        "state": "ACT",
        "price": "590",
        "price_per_unit": "590",
        "price_unit": "L"
      },
      {
        "state": "NT",
        "price": "590",
        "price_per_unit": "590",
        "price_unit": "L"
      }
    ]
  },
  {
    "source_url": "https://www.woolworths.com.au/shop/productdetails/190931/cottee-s-zero-sugar-cordial-apple-raspberry-cordial-bottle",
    "name": "Cottee's Zero Sugar Cordial Apple & Raspberry Cordial Bottle 1l",
    "image_url": "https://cdn1.woolworths.media/content/wowproductimages/large/190931.jpg",
    "source_id": "Woolworths - 190931",
    "barcode": "9300614001259",
    "category_id": "1_5AF3A0A",
    "shop": "Woolworths",
    "weight": "1L",
    "prices": [
      {
        "state": "VIC",
        "price": "590",
        "price_per_unit": "590",
        "price_unit": "L"
      },
      {
        "state": "QLD",
        "price": "590",
        "price_per_unit": "590",
        "price_unit": "L"
      },
      {
        "state": "WA",
        "price": "590",
        "price_per_unit": "590",
        "price_unit": "L"
      },
      {
        "state": "SA",
        "price": "590",
        "price_per_unit": "590",
        "price_unit": "L"
      },
      {
        "state": "TAS",
        "price": "590",
        "price_per_unit": "590",
        "price_unit": "L"
      },
      {
        "state": "ACT",
        "price": "590",
        "price_per_unit": "590",
        "price_unit": "L"
      },
      {
        "state": "NT",
        "price": "590",
        "price_per_unit": "590",
        "price_unit": "L"
      }
    ]
  },
  {
    "source_url": "https://www.woolworths.com.au/shop/productdetails/227739/cottee-s-zero-sugar-cordial-fruit-cup-cordial-bottle",
    "name": "Cottee's Zero Sugar Cordial Fruit Cup Cordial Bottle 1l",
    "image_url": "https://cdn1.woolworths.media/content/wowproductimages/large/227739.jpg",
    "source_id": "Woolworths - 227739",
    "barcode": "9300614001235",
    "category_id": "1_5AF3A0A",
    "shop": "Woolworths",
    "weight": "1L",
    "prices": [
      {
        "state": "VIC",
        "price": "590",
        "price_per_unit": "590",
        "price_unit": "L"
      },
      {
        "state": "QLD",
        "price": "590",
        "price_per_unit": "590",
        "price_unit": "L"
      },
      {
        "state": "WA",
        "price": "590",
        "price_per_unit": "590",
        "price_unit": "L"
      },
      {
        "state": "SA",
        "price": "590",
        "price_per_unit": "590",
        "price_unit": "L"
      },
      {
        "state": "TAS",
        "price": "590",
        "price_per_unit": "590",
        "price_unit": "L"
      },
      {
        "state": "ACT",
        "price": "590",
        "price_per_unit": "590",
        "price_unit": "L"
      },
      {
        "state": "NT",
        "price": "590",
        "price_per_unit": "590",
        "price_unit": "L"
      }
    ]
  },
  {
    "source_url": "https://www.woolworths.com.au/shop/productdetails/225840/cottee-s-zero-sugar-cordial-lemon-cordial-lemon-crush-bottle",
    "name": "Cottee's Zero Sugar Cordial Lemon Cordial Lemon Crush Bottle 1l",
    "image_url": "https://cdn1.woolworths.media/content/wowproductimages/large/225840.jpg",
    "source_id": "Woolworths - 225840",
    "barcode": "9300614001273",
    "category_id": "1_5AF3A0A",
    "shop": "Woolworths",
    "weight": "1L",
    "prices": [
      {
        "state": "VIC",
        "price": "590",
        "price_per_unit": "590",
        "price_unit": "L"
      },
      {
        "state": "QLD",
        "price": "590",
        "price_per_unit": "590",
        "price_unit": "L"
      },
      {
        "state": "WA",
        "price": "590",
        "price_per_unit": "590",
        "price_unit": "L"
      },
      {
        "state": "SA",
        "price": "590",
        "price_per_unit": "590",
        "price_unit": "L"
      },
      {
        "state": "TAS",
        "price": "590",
        "price_per_unit": "590",
        "price_unit": "L"
      },
      {
        "state": "ACT",
        "price": "590",
        "price_per_unit": "590",
        "price_unit": "L"
      },
      {
        "state": "NT",
        "price": "590",
        "price_per_unit": "590",
        "price_unit": "L"
      }
    ]
  },
  {
    "source_url": "https://www.woolworths.com.au/shop/productdetails/227782/cottee-s-zero-sugar-cordial-orange-cordial-orange-crush-bottle",
    "name": "Cottee's Zero Sugar Cordial Orange Cordial Orange Crush Bottle 1l",
    "image_url": "https://cdn1.woolworths.media/content/wowproductimages/large/227782.jpg",
    "source_id": "Woolworths - 227782",
    "barcode": "9300614001266",
    "category_id": "1_5AF3A0A",
    "shop": "Woolworths",
    "weight": "1L",
    "prices": [
      {
        "state": "VIC",
        "price": "590",
        "price_per_unit": "590",
        "price_unit": "L"
      },
      {
        "state": "QLD",
        "price": "590",
        "price_per_unit": "590",
        "price_unit": "L"
      },
      {
        "state": "WA",
        "price": "590",
        "price_per_unit": "590",
        "price_unit": "L"
      },
      {
        "state": "SA",
        "price": "590",
        "price_per_unit": "590",
        "price_unit": "L"
      },
      {
        "state": "TAS",
        "price": "590",
        "price_per_unit": "590",
        "price_unit": "L"
      },
      {
        "state": "ACT",
        "price": "590",
        "price_per_unit": "590",
        "price_unit": "L"
      },
      {
        "state": "NT",
        "price": "590",
        "price_per_unit": "590",
        "price_unit": "L"
      }
    ]
  },
  {
    "source_url": "https://www.woolworths.com.au/shop/productdetails/160239/cottee-s-zero-sugar-lime-cordial-coola-flavour-bottle",
    "name": "Cottee's Zero Sugar Lime Cordial Coola Flavour Bottle 1l",
    "image_url": "https://cdn1.woolworths.media/content/wowproductimages/large/160239.jpg",
    "source_id": "Woolworths - 160239",
    "barcode": "9300614001228",
    "category_id": "1_5AF3A0A",
    "shop": "Woolworths",
    "weight": "1L",
    "prices": [
      {
        "state": "VIC",
        "price": "590",
        "price_per_unit": "590",
        "price_unit": "L"
      },
      {
        "state": "QLD",
        "price": "590",
        "price_per_unit": "590",
        "price_unit": "L"
      },
      {
        "state": "WA",
        "price": "590",
        "price_per_unit": "590",
        "price_unit": "L"
      },
      {
        "state": "SA",
        "price": "590",
        "price_per_unit": "590",
        "price_unit": "L"
      },
      {
        "state": "TAS",
        "price": "590",
        "price_per_unit": "590",
        "price_unit": "L"
      },
      {
        "state": "ACT",
        "price": "590",
        "price_per_unit": "590",
        "price_unit": "L"
      },
      {
        "state": "NT",
        "price": "590",
        "price_per_unit": "590",
        "price_unit": "L"
      }
    ]
  },
  {
    "source_url": "https://www.woolworths.com.au/shop/productdetails/574762/diet-rite-cordial-fruit-cocktail",
    "name": "Diet Rite Cordial Fruit Cocktail 1l",
    "image_url": "https://cdn1.woolworths.media/content/wowproductimages/large/574762.jpg",
    "source_id": "Woolworths - 574762",
    "barcode": "9345905005530",
    "category_id": "1_5AF3A0A",
    "shop": "Woolworths",
    "weight": "1L",
    "prices": [
      {
        "state": "VIC",
        "price": "350",
        "price_per_unit": "350",
        "price_unit": "L"
      },
      {
        "state": "QLD",
        "price": "350",
        "price_per_unit": "350",
        "price_unit": "L"
      },
      {
        "state": "WA",
        "price": "350",
        "price_per_unit": "350",
        "price_unit": "L"
      },
      {
        "state": "SA",
        "price": "350",
        "price_per_unit": "350",
        "price_unit": "L"
      },
      {
        "state": "TAS",
        "price": "350",
        "price_per_unit": "350",
        "price_unit": "L"
      },
      {
        "state": "ACT",
        "price": "350",
        "price_per_unit": "350",
        "price_unit": "L"
      },
      {
        "state": "NT",
        "price": "350",
        "price_per_unit": "350",
        "price_unit": "L"
      }
    ]
  },
  {
    "source_url": "https://www.woolworths.com.au/shop/productdetails/264936/golden-circle-cordials-apple-raspberry-cordial",
    "name": "Golden Circle Cordials Apple Raspberry Cordial 2l",
    "image_url": "https://cdn1.woolworths.media/content/wowproductimages/large/264936.jpg",
    "source_id": "Woolworths - 264936",
    "barcode": "9310179187756",
    "category_id": "1_5AF3A0A",
    "shop": "Woolworths",
    "weight": "1L",
    "prices": [
      {
        "state": "VIC",
        "price": "550",
        "price_per_unit": "275",
        "price_unit": "L"
      },
      {
        "state": "QLD",
        "price": "550",
        "price_per_unit": "275",
        "price_unit": "L"
      },
      {
        "state": "WA",
        "price": "550",
        "price_per_unit": "275",
        "price_unit": "L"
      },
      {
        "state": "SA",
        "price": "550",
        "price_per_unit": "275",
        "price_unit": "L"
      },
      {
        "state": "ACT",
        "price": "550",
        "price_per_unit": "275",
        "price_unit": "L"
      },
      {
        "state": "NT",
        "price": "550",
        "price_per_unit": "275",
        "price_unit": "L"
      }
    ]
  },
  {
    "source_url": "https://www.woolworths.com.au/shop/productdetails/43474/golden-circle-cordials-lime-cordial",
    "name": "Golden Circle Cordials Lime Cordial 2l",
    "image_url": "https://cdn1.woolworths.media/content/wowproductimages/large/043474.jpg",
    "source_id": "Woolworths - 43474",
    "barcode": "9310179005623",
    "category_id": "1_5AF3A0A",
    "shop": "Woolworths",
    "weight": "1L",
    "prices": [
      {
        "state": "VIC",
        "price": "550",
        "price_per_unit": "275",
        "price_unit": "L"
      },
      {
        "state": "QLD",
        "price": "550",
        "price_per_unit": "275",
        "price_unit": "L"
      },
      {
        "state": "WA",
        "price": "550",
        "price_per_unit": "275",
        "price_unit": "L"
      },
      {
        "state": "SA",
        "price": "550",
        "price_per_unit": "275",
        "price_unit": "L"
      },
      {
        "state": "ACT",
        "price": "550",
        "price_per_unit": "275",
        "price_unit": "L"
      },
      {
        "state": "NT",
        "price": "550",
        "price_per_unit": "275",
        "price_unit": "L"
      }
    ]
  },
  {
    "source_url": "https://www.woolworths.com.au/shop/productdetails/311159/golden-circle-cordials-pine-mango-passion-cordial",
    "name": "Golden Circle Cordials Pine Mango Passion Cordial 2l",
    "image_url": "https://cdn1.woolworths.media/content/wowproductimages/large/311159.jpg",
    "source_id": "Woolworths - 311159",
    "barcode": "9310179187763",
    "category_id": "1_5AF3A0A",
    "shop": "Woolworths",
    "weight": "1L",
    "prices": [
      {
        "state": "VIC",
        "price": "550",
        "price_per_unit": "275",
        "price_unit": "L"
      },
      {
        "state": "QLD",
        "price": "550",
        "price_per_unit": "275",
        "price_unit": "L"
      },
      {
        "state": "WA",
        "price": "550",
        "price_per_unit": "275",
        "price_unit": "L"
      },
      {
        "state": "SA",
        "price": "550",
        "price_per_unit": "275",
        "price_unit": "L"
      },
      {
        "state": "TAS",
        "price": "550",
        "price_per_unit": "275",
        "price_unit": "L"
      },
      {
        "state": "ACT",
        "price": "550",
        "price_per_unit": "275",
        "price_unit": "L"
      },
      {
        "state": "NT",
        "price": "550",
        "price_per_unit": "275",
        "price_unit": "L"
      }
    ]
  },
  {
    "source_url": "https://www.woolworths.com.au/shop/productdetails/678576/belvoir-farm-elderflower-cordial",
    "name": "Belvoir Farm Elderflower Cordial 500ml",
    "image_url": "https://cdn1.woolworths.media/content/wowproductimages/large/678576.jpg",
    "source_id": "Woolworths - 678576",
    "barcode": "5022019010202",
    "category_id": "1_5AF3A0A",
    "shop": "Woolworths",
    "weight": "1L",
    "prices": [
      {
        "state": "QLD",
        "price": "630",
        "price_per_unit": "1260",
        "price_unit": "L"
      },
      {
        "state": "WA",
        "price": "630",
        "price_per_unit": "1260",
        "price_unit": "L"
      },
      {
        "state": "SA",
        "price": "630",
        "price_per_unit": "1260",
        "price_unit": "L"
      },
      {
        "state": "TAS",
        "price": "630",
        "price_per_unit": "1260",
        "price_unit": "L"
      },
      {
        "state": "ACT",
        "price": "630",
        "price_per_unit": "1260",
        "price_unit": "L"
      },
      {
        "state": "NT",
        "price": "630",
        "price_per_unit": "1260",
        "price_unit": "L"
      }
    ]
  },
  {
    "source_url": "https://www.woolworths.com.au/shop/productdetails/770202/bickford-s-cloudy-apple-juice-cordial-cordial",
    "name": "Bickford's Cloudy Apple Juice Cordial Cordial 750mL",
    "image_url": "https://cdn1.woolworths.media/content/wowproductimages/large/770202.jpg",
    "source_id": "Woolworths - 770202",
    "barcode": "9311755300477",
    "category_id": "1_5AF3A0A",
    "shop": "Woolworths",
    "weight": "1L",
    "prices": [
      {
        "state": "QLD",
        "price": "500",
        "price_per_unit": "667",
        "price_unit": "L"
      },
      {
        "state": "SA",
        "price": "500",
        "price_per_unit": "667",
        "price_unit": "L"
      },
      {
        "state": "TAS",
        "price": "500",
        "price_per_unit": "667",
        "price_unit": "L"
      },
      {
        "state": "ACT",
        "price": "500",
        "price_per_unit": "667",
        "price_unit": "L"
      },
      {
        "state": "NT",
        "price": "500",
        "price_per_unit": "667",
        "price_unit": "L"
      }
    ]
  },
  {
    "source_url": "https://www.woolworths.com.au/shop/productdetails/310037/bickford-s-soda-syrup-creamy-soda",
    "name": "Bickford's Soda Syrup Creamy Soda 300ml",
    "image_url": "https://cdn1.woolworths.media/content/wowproductimages/large/310037.jpg",
    "source_id": "Woolworths - 310037",
    "barcode": "9349277002685",
    "category_id": "1_5AF3A0A",
    "shop": "Woolworths",
    "weight": "1L",
    "prices": [
      {
        "state": "QLD",
        "price": "450",
        "price_per_unit": "1500",
        "price_unit": "L"
      },
      {
        "state": "SA",
        "price": "450",
        "price_per_unit": "1500",
        "price_unit": "L"
      },
      {
        "state": "TAS",
        "price": "450",
        "price_per_unit": "1500",
        "price_unit": "L"
      },
      {
        "state": "ACT",
        "price": "450",
        "price_per_unit": "1500",
        "price_unit": "L"
      },
      {
        "state": "NT",
        "price": "450",
        "price_per_unit": "1500",
        "price_unit": "L"
      }
    ]
  },
  {
    "source_url": "https://www.woolworths.com.au/shop/productdetails/311042/bickford-s-soda-syrup-pink-lemonade",
    "name": "Bickford's Soda Syrup Pink Lemonade 300ml",
    "image_url": "https://cdn1.woolworths.media/content/wowproductimages/large/311042.jpg",
    "source_id": "Woolworths - 311042",
    "barcode": "9349277002708",
    "category_id": "1_5AF3A0A",
    "shop": "Woolworths",
    "weight": "1L",
    "prices": [
      {
        "state": "QLD",
        "price": "450",
        "price_per_unit": "1500",
        "price_unit": "L"
      },
      {
        "state": "SA",
        "price": "450",
        "price_per_unit": "1500",
        "price_unit": "L"
      },
      {
        "state": "TAS",
        "price": "450",
        "price_per_unit": "1500",
        "price_unit": "L"
      },
      {
        "state": "ACT",
        "price": "450",
        "price_per_unit": "1500",
        "price_unit": "L"
      },
      {
        "state": "NT",
        "price": "450",
        "price_per_unit": "1500",
        "price_unit": "L"
      }
    ]
  },
  {
    "source_url": "https://www.woolworths.com.au/shop/productdetails/159881/buderim-ginger-ginger-refresher-cordial-no-sugar",
    "name": "Buderim Ginger Refresher Cordial No Sugar 750ml",
    "image_url": "https://cdn1.woolworths.media/content/wowproductimages/large/159881.jpg",
    "source_id": "Woolworths - 159881",
    "barcode": "9310371162339",
    "category_id": "1_5AF3A0A",
    "shop": "Woolworths",
    "weight": "1L",
    "prices": [
      {
        "state": "QLD",
        "price": "450",
        "price_per_unit": "600",
        "price_unit": "L"
      },
      {
        "state": "SA",
        "price": "450",
        "price_per_unit": "600",
        "price_unit": "L"
      },
      {
        "state": "TAS",
        "price": "450",
        "price_per_unit": "600",
        "price_unit": "L"
      },
      {
        "state": "ACT",
        "price": "450",
        "price_per_unit": "600",
        "price_unit": "L"
      },
      {
        "state": "NT",
        "price": "450",
        "price_per_unit": "600",
        "price_unit": "L"
      }
    ]
  },
  {
    "source_url": "https://www.woolworths.com.au/shop/productdetails/362446/cottee-s-raspberry-cordial-bottle-raspberry",
    "name": "Cottee's Raspberry Cordial Bottle Raspberry 1l",
    "image_url": "https://cdn1.woolworths.media/content/wowproductimages/large/362446.jpg",
    "source_id": "Woolworths - 362446",
    "barcode": "9300614000672",
    "category_id": "1_5AF3A0A",
    "shop": "Woolworths",
    "weight": "1L",
    "prices": [
      {
        "state": "QLD",
        "price": "590",
        "price_per_unit": "590",
        "price_unit": "L"
      },
      {
        "state": "SA",
        "price": "590",
        "price_per_unit": "590",
        "price_unit": "L"
      },
      {
        "state": "TAS",
        "price": "590",
        "price_per_unit": "590",
        "price_unit": "L"
      },
      {
        "state": "ACT",
        "price": "590",
        "price_per_unit": "590",
        "price_unit": "L"
      }
    ]
  },
  {
    "source_url": "https://www.woolworths.com.au/shop/productdetails/159991/cottee-s-zero-sugar-cordial-raspberry-cordial-bottle",
    "name": "Cottee's Zero Sugar Cordial Raspberry Cordial Bottle 1l",
    "image_url": "https://cdn1.woolworths.media/content/wowproductimages/large/159991.jpg",
    "source_id": "Woolworths - 159991",
    "barcode": "9300614001242",
    "category_id": "1_5AF3A0A",
    "shop": "Woolworths",
    "weight": "1L",
    "prices": [
      {
        "state": "QLD",
        "price": "590",
        "price_per_unit": "590",
        "price_unit": "L"
      },
      {
        "state": "SA",
        "price": "590",
        "price_per_unit": "590",
        "price_unit": "L"
      },
      {
        "state": "TAS",
        "price": "590",
        "price_per_unit": "590",
        "price_unit": "L"
      },
      {
        "state": "ACT",
        "price": "590",
        "price_per_unit": "590",
        "price_unit": "L"
      },
      {
        "state": "NT",
        "price": "590",
        "price_per_unit": "590",
        "price_unit": "L"
      }
    ]
  },
  {
    "source_url": "https://www.woolworths.com.au/shop/productdetails/574786/diet-rite-apple-strawberry-guava-cordial",
    "name": "Diet Rite Apple Strawberry Guava Cordial 1l",
    "image_url": "https://cdn1.woolworths.media/content/wowproductimages/large/574786.jpg",
    "source_id": "Woolworths - 574786",
    "barcode": "9345905006469",
    "category_id": "1_5AF3A0A",
    "shop": "Woolworths",
    "weight": "1L",
    "prices": [
      {
        "state": "QLD",
        "price": "350",
        "price_per_unit": "350",
        "price_unit": "L"
      },
      {
        "state": "SA",
        "price": "350",
        "price_per_unit": "350",
        "price_unit": "L"
      },
      {
        "state": "ACT",
        "price": "350",
        "price_per_unit": "350",
        "price_unit": "L"
      },
      {
        "state": "NT",
        "price": "350",
        "price_per_unit": "350",
        "price_unit": "L"
      }
    ]
  },
  {
    "source_url": "https://www.woolworths.com.au/shop/productdetails/574781/diet-rite-cordial-lime",
    "name": "Diet Rite Cordial Lime 1l",
    "image_url": "https://cdn1.woolworths.media/content/wowproductimages/large/574781.jpg",
    "source_id": "Woolworths - 574781",
    "barcode": "9345905005769",
    "category_id": "1_5AF3A0A",
    "shop": "Woolworths",
    "weight": "1L",
    "prices": [
      {
        "state": "QLD",
        "price": "350",
        "price_per_unit": "350",
        "price_unit": "L"
      },
      {
        "state": "WA",
        "price": "350",
        "price_per_unit": "350",
        "price_unit": "L"
      },
      {
        "state": "SA",
        "price": "350",
        "price_per_unit": "350",
        "price_unit": "L"
      },
      {
        "state": "TAS",
        "price": "350",
        "price_per_unit": "350",
        "price_unit": "L"
      },
      {
        "state": "ACT",
        "price": "350",
        "price_per_unit": "350",
        "price_unit": "L"
      },
      {
        "state": "NT",
        "price": "350",
        "price_per_unit": "350",
        "price_unit": "L"
      }
    ]
  },
  {
    "source_url": "https://www.woolworths.com.au/shop/productdetails/692017/golden-circle-cordials-golden-pash-cordial",
    "name": "Golden Circle Cordials Golden Pash Cordial 2l",
    "image_url": "https://cdn1.woolworths.media/content/wowproductimages/large/default.png",
    "source_id": "Woolworths - 692017",
    "barcode": "9310179188173",
    "category_id": "1_5AF3A0A",
    "shop": "Woolworths",
    "weight": "1L",
    "prices": [
      {
        "state": "QLD",
        "price": "550",
        "price_per_unit": "275",
        "price_unit": "L"
      },
      {
        "state": "SA",
        "price": "550",
        "price_per_unit": "275",
        "price_unit": "L"
      },
      {
        "state": "TAS",
        "price": "550",
        "price_per_unit": "275",
        "price_unit": "L"
      },
      {
        "state": "ACT",
        "price": "550",
        "price_per_unit": "275",
        "price_unit": "L"
      },
      {
        "state": "NT",
        "price": "550",
        "price_per_unit": "275",
        "price_unit": "L"
      }
    ]
  },
  {
    "source_url": "https://www.woolworths.com.au/shop/productdetails/688560/golden-circle-cordials-lemon-cordial",
    "name": "Golden Circle Cordials Lemon Cordial 2l",
    "image_url": "https://cdn1.woolworths.media/content/wowproductimages/large/688560.jpg",
    "source_id": "Woolworths - 688560",
    "barcode": "9310179188166",
    "category_id": "1_5AF3A0A",
    "shop": "Woolworths",
    "weight": "1L",
    "prices": [
      {
        "state": "QLD",
        "price": "550",
        "price_per_unit": "275",
        "price_unit": "L"
      },
      {
        "state": "WA",
        "price": "550",
        "price_per_unit": "275",
        "price_unit": "L"
      },
      {
        "state": "SA",
        "price": "550",
        "price_per_unit": "275",
        "price_unit": "L"
      },
      {
        "state": "TAS",
        "price": "550",
        "price_per_unit": "275",
        "price_unit": "L"
      },
      {
        "state": "ACT",
        "price": "550",
        "price_per_unit": "275",
        "price_unit": "L"
      },
      {
        "state": "NT",
        "price": "550",
        "price_per_unit": "275",
        "price_unit": "L"
      }
    ]
  },
  {
    "source_url": "https://www.woolworths.com.au/shop/productdetails/72377/golden-circle-cordials-sarsaparilla-cordial",
    "name": "Golden Circle Cordials Sarsaparilla Cordial 2l",
    "image_url": "https://cdn1.woolworths.media/content/wowproductimages/large/072377.jpg",
    "source_id": "Woolworths - 72377",
    "barcode": "9310179005555",
    "category_id": "1_5AF3A0A",
    "shop": "Woolworths",
    "weight": "1L",
    "prices": [
      {
        "state": "QLD",
        "price": "550",
        "price_per_unit": "275",
        "price_unit": "L"
      }
    ]
  },
  {
    "source_url": "https://www.woolworths.com.au/shop/productdetails/160259/juicy-isle-apple-blackcurrant-cordial",
    "name": "Juicy Isle Apple & Blackcurrant Cordial 2l",
    "image_url": "https://cdn1.woolworths.media/content/wowproductimages/large/160259.jpg",
    "source_id": "Woolworths - 160259",
    "barcode": "9315251902678",
    "category_id": "1_5AF3A0A",
    "shop": "Woolworths",
    "weight": "1L",
    "prices": [
      {
        "state": "QLD",
        "price": "400",
        "price_per_unit": "200",
        "price_unit": "L"
      },
      {
        "state": "SA",
        "price": "400",
        "price_per_unit": "200",
        "price_unit": "L"
      },
      {
        "state": "TAS",
        "price": "400",
        "price_per_unit": "200",
        "price_unit": "L"
      },
      {
        "state": "ACT",
        "price": "400",
        "price_per_unit": "200",
        "price_unit": "L"
      },
      {
        "state": "NT",
        "price": "400",
        "price_per_unit": "200",
        "price_unit": "L"
      }
    ]
  },
  {
    "source_url": "https://www.woolworths.com.au/shop/productdetails/229664/passiona-zero-sugar-passionfruit-soda-syrup-cordial-for-soda-water",
    "name": "Passiona Zero Sugar Passionfruit Soda Syrup Cordial For Soda Water 300ml",
    "image_url": "https://cdn1.woolworths.media/content/wowproductimages/large/229664.jpg",
    "source_id": "Woolworths - 229664",
    "barcode": "9315596008042",
    "category_id": "1_5AF3A0A",
    "shop": "Woolworths",
    "weight": "1L",
    "prices": [
      {
        "state": "QLD",
        "price": "450",
        "price_per_unit": "1500",
        "price_unit": "L"
      },
      {
        "state": "SA",
        "price": "450",
        "price_per_unit": "1500",
        "price_unit": "L"
      },
      {
        "state": "TAS",
        "price": "450",
        "price_per_unit": "1500",
        "price_unit": "L"
      },
      {
        "state": "ACT",
        "price": "450",
        "price_per_unit": "1500",
        "price_unit": "L"
      },
      {
        "state": "NT",
        "price": "450",
        "price_per_unit": "1500",
        "price_unit": "L"
      }
    ]
  },
  {
    "source_url": "https://www.woolworths.com.au/shop/productdetails/309843/pepsi-max-sodastream-soda-mix-vanilla",
    "name": "Pepsi Max Sodastream Soda Mix Vanilla each",
    "image_url": "https://cdn1.woolworths.media/content/wowproductimages/large/309843.jpg",
    "source_id": "Woolworths - 309843",
    "barcode": "7290113762657",
    "category_id": "1_5AF3A0A",
    "shop": "Woolworths",
    "weight": "1L",
    "prices": [
      {
        "state": "QLD",
        "price": "700",
        "price_per_unit": "1591",
        "price_unit": "L"
      },
      {
        "state": "SA",
        "price": "700",
        "price_per_unit": "1591",
        "price_unit": "L"
      },
      {
        "state": "TAS",
        "price": "700",
        "price_per_unit": "1591",
        "price_unit": "L"
      },
      {
        "state": "ACT",
        "price": "700",
        "price_per_unit": "1591",
        "price_unit": "L"
      },
      {
        "state": "NT",
        "price": "700",
        "price_per_unit": "1591",
        "price_unit": "L"
      }
    ]
  },
  {
    "source_url": "https://www.woolworths.com.au/shop/productdetails/231845/ribena-syrup-light-blackcurrant",
    "name": "Ribena Syrup Light Blackcurrant 1l",
    "image_url": "https://cdn1.woolworths.media/content/wowproductimages/large/231845.jpg",
    "source_id": "Woolworths - 231845",
    "barcode": "9421903599063",
    "category_id": "1_5AF3A0A",
    "shop": "Woolworths",
    "weight": "1L",
    "prices": [
      {
        "state": "QLD",
        "price": "740",
        "price_per_unit": "740",
        "price_unit": "L"
      },
      {
        "state": "WA",
        "price": "740",
        "price_per_unit": "740",
        "price_unit": "L"
      },
      {
        "state": "SA",
        "price": "740",
        "price_per_unit": "740",
        "price_unit": "L"
      },
      {
        "state": "TAS",
        "price": "740",
        "price_per_unit": "740",
        "price_unit": "L"
      },
      {
        "state": "ACT",
        "price": "740",
        "price_per_unit": "740",
        "price_unit": "L"
      },
      {
        "state": "NT",
        "price": "740",
        "price_per_unit": "740",
        "price_unit": "L"
      }
    ]
  },
  {
    "source_url": "https://www.woolworths.com.au/shop/productdetails/229460/schweppes-zero-sugar-lemon-lime-bitters-soda-syrup-sugar-free-cordial",
    "name": "Schweppes Zero Sugar Lemon Lime Bitters Soda Syrup Sugar Free Cordial 300ml",
    "image_url": "https://cdn1.woolworths.media/content/wowproductimages/large/229460.jpg",
    "source_id": "Woolworths - 229460",
    "barcode": "9315596008073",
    "category_id": "1_5AF3A0A",
    "shop": "Woolworths",
    "weight": "1L",
    "prices": [
      {
        "state": "QLD",
        "price": "450",
        "price_per_unit": "1500",
        "price_unit": "L"
      },
      {
        "state": "SA",
        "price": "450",
        "price_per_unit": "1500",
        "price_unit": "L"
      },
      {
        "state": "TAS",
        "price": "450",
        "price_per_unit": "1500",
        "price_unit": "L"
      },
      {
        "state": "ACT",
        "price": "450",
        "price_per_unit": "1500",
        "price_unit": "L"
      },
      {
        "state": "NT",
        "price": "450",
        "price_per_unit": "1500",
        "price_unit": "L"
      }
    ]
  },
  {
    "source_url": "https://www.woolworths.com.au/shop/productdetails/160144/schweppes-zero-sugar-lemonade-soda-syrup-sugar-free-cordial",
    "name": "Schweppes Zero Sugar Lemonade Soda Syrup Sugar Free Cordial 300ml",
    "image_url": "https://cdn1.woolworths.media/content/wowproductimages/large/160144.jpg",
    "source_id": "Woolworths - 160144",
    "barcode": "9315596007939",
    "category_id": "1_5AF3A0A",
    "shop": "Woolworths",
    "weight": "1L",
    "prices": [
      {
        "state": "QLD",
        "price": "450",
        "price_per_unit": "1500",
        "price_unit": "L"
      },
      {
        "state": "SA",
        "price": "450",
        "price_per_unit": "1500",
        "price_unit": "L"
      },
      {
        "state": "TAS",
        "price": "450",
        "price_per_unit": "1500",
        "price_unit": "L"
      },
      {
        "state": "ACT",
        "price": "450",
        "price_per_unit": "1500",
        "price_unit": "L"
      },
      {
        "state": "NT",
        "price": "450",
        "price_per_unit": "1500",
        "price_unit": "L"
      }
    ]
  },
  {
    "source_url": "https://www.woolworths.com.au/shop/productdetails/225904/sodastream-60l-quick-connect-gas-cylinder",
    "name": "Sodastream 60L Quick Connect Gas Cylinder each",
    "image_url": "https://cdn1.woolworths.media/content/wowproductimages/large/225904.jpg",
    "source_id": "Woolworths - 225904",
    "barcode": "8719128118499",
    "category_id": "1_5AF3A0A",
    "shop": "Woolworths",
    "weight": "1L",
    "prices": [
      {
        "state": "QLD",
        "price": "3595",
        "price_per_unit": "60",
        "price_unit": "L"
      },
      {
        "state": "SA",
        "price": "3595",
        "price_per_unit": "60",
        "price_unit": "L"
      },
      {
        "state": "ACT",
        "price": "3595",
        "price_per_unit": "60",
        "price_unit": "L"
      }
    ]
  },
  {
    "source_url": "https://www.woolworths.com.au/shop/productdetails/204401/sodastream-dishwasher-safe-carbonating-bottles-twin-pack",
    "name": "Sodastream Dishwasher Safe Carbonating Bottles Twin Pack Each",
    "image_url": "https://cdn1.woolworths.media/content/wowproductimages/large/204401.jpg",
    "source_id": "Woolworths - 204401",
    "barcode": "7290113769779",
    "category_id": "1_5AF3A0A",
    "shop": "Woolworths",
    "weight": "1EA",
    "prices": [
      {
        "state": "QLD",
        "price": "1995",
        "price_per_unit": "1995",
        "price_unit": "EA"
      },
      {
        "state": "SA",
        "price": "1995",
        "price_per_unit": "1995",
        "price_unit": "EA"
      },
      {
        "state": "TAS",
        "price": "1995",
        "price_per_unit": "1995",
        "price_unit": "EA"
      },
      {
        "state": "ACT",
        "price": "1995",
        "price_per_unit": "1995",
        "price_unit": "EA"
      },
      {
        "state": "NT",
        "price": "1995",
        "price_per_unit": "1995",
        "price_unit": "EA"
      }
    ]
  },
  {
    "source_url": "https://www.woolworths.com.au/shop/productdetails/225718/sodastream-terra-sparkling-water-maker-black",
    "name": "Sodastream Terra Sparkling Water Maker Black each",
    "image_url": "https://cdn1.woolworths.media/content/wowproductimages/large/225718.jpg",
    "source_id": "Woolworths - 225718",
    "barcode": "7290113763784",
    "category_id": "1_5AF3A0A",
    "shop": "Woolworths",
    "weight": "0",
    "prices": [
      {
        "state": "QLD",
        "price": "10900",
        "price_per_unit": null,
        "price_unit": ""
      },
      {
        "state": "SA",
        "price": "10900",
        "price_per_unit": null,
        "price_unit": ""
      },
      {
        "state": "ACT",
        "price": "10900",
        "price_per_unit": null,
        "price_unit": ""
      },
      {
        "state": "NT",
        "price": "10900",
        "price_per_unit": null,
        "price_unit": ""
      }
    ]
  },
  {
    "source_url": "https://www.woolworths.com.au/shop/productdetails/159878/solo-zero-sugar-soda-syrup-sugar-free-cordial-for-soda-water",
    "name": "Solo Zero Sugar Soda Syrup Sugar Free Cordial For Soda Water 300ml",
    "image_url": "https://cdn1.woolworths.media/content/wowproductimages/large/159878.jpg",
    "source_id": "Woolworths - 159878",
    "barcode": "9315596007946",
    "category_id": "1_5AF3A0A",
    "shop": "Woolworths",
    "weight": "1L",
    "prices": [
      {
        "state": "QLD",
        "price": "450",
        "price_per_unit": "1500",
        "price_unit": "L"
      },
      {
        "state": "SA",
        "price": "450",
        "price_per_unit": "1500",
        "price_unit": "L"
      },
      {
        "state": "TAS",
        "price": "450",
        "price_per_unit": "1500",
        "price_unit": "L"
      },
      {
        "state": "ACT",
        "price": "450",
        "price_per_unit": "1500",
        "price_unit": "L"
      },
      {
        "state": "NT",
        "price": "450",
        "price_per_unit": "1500",
        "price_unit": "L"
      }
    ]
  },
  {
    "source_url": "https://www.woolworths.com.au/shop/productdetails/159946/sunkist-zero-sugar-orange-soda-syrup-sugar-free-cordial",
    "name": "Sunkist Zero Sugar Orange Soda Syrup Sugar Free Cordial 300ml",
    "image_url": "https://cdn1.woolworths.media/content/wowproductimages/large/159946.jpg",
    "source_id": "Woolworths - 159946",
    "barcode": "9315596007953",
    "category_id": "1_5AF3A0A",
    "shop": "Woolworths",
    "weight": "1L",
    "prices": [
      {
        "state": "QLD",
        "price": "450",
        "price_per_unit": "1500",
        "price_unit": "L"
      },
      {
        "state": "SA",
        "price": "450",
        "price_per_unit": "1500",
        "price_unit": "L"
      },
      {
        "state": "TAS",
        "price": "450",
        "price_per_unit": "1500",
        "price_unit": "L"
      },
      {
        "state": "ACT",
        "price": "450",
        "price_per_unit": "1500",
        "price_unit": "L"
      },
      {
        "state": "NT",
        "price": "450",
        "price_per_unit": "1500",
        "price_unit": "L"
      }
    ]
  },
  {
    "source_url": "https://www.woolworths.com.au/shop/productdetails/899809/bickford-s-cordial-berry-tingle",
    "name": "Bickford's Cordial Berry Tingle 750ml",
    "image_url": "https://cdn1.woolworths.media/content/wowproductimages/large/899809.jpg",
    "source_id": "Woolworths - 899809",
    "barcode": "9349277002814",
    "category_id": "1_5AF3A0A",
    "shop": "Woolworths",
    "weight": "1L",
    "prices": [
      {
        "state": "SA",
        "price": "500",
        "price_per_unit": "667",
        "price_unit": "L"
      },
      {
        "state": "ACT",
        "price": "500",
        "price_per_unit": "667",
        "price_unit": "L"
      },
      {
        "state": "NT",
        "price": "500",
        "price_per_unit": "667",
        "price_unit": "L"
      }
    ]
  },
  {
    "source_url": "https://www.woolworths.com.au/shop/productdetails/901655/bickford-s-cordial-blood-orange-sherbet",
    "name": "Bickford's Cordial Blood Orange Sherbet 750mL",
    "image_url": "https://cdn1.woolworths.media/content/wowproductimages/large/901655.jpg",
    "source_id": "Woolworths - 901655",
    "barcode": "9349277002876",
    "category_id": "1_5AF3A0A",
    "shop": "Woolworths",
    "weight": "1L",
    "prices": [
      {
        "state": "SA",
        "price": "500",
        "price_per_unit": "667",
        "price_unit": "L"
      },
      {
        "state": "ACT",
        "price": "500",
        "price_per_unit": "667",
        "price_unit": "L"
      },
      {
        "state": "NT",
        "price": "500",
        "price_per_unit": "667",
        "price_unit": "L"
      }
    ]
  },
  {
    "source_url": "https://www.woolworths.com.au/shop/productdetails/352145/bickford-s-ginger-beer-cordial",
    "name": "Bickford's Ginger Beer Cordial 750ml",
    "image_url": "https://cdn1.woolworths.media/content/wowproductimages/large/352145.jpg",
    "source_id": "Woolworths - 352145",
    "barcode": "9311755301344",
    "category_id": "1_5AF3A0A",
    "shop": "Woolworths",
    "weight": "1L",
    "prices": [
      {
        "state": "SA",
        "price": "500",
        "price_per_unit": "667",
        "price_unit": "L"
      },
      {
        "state": "NT",
        "price": "500",
        "price_per_unit": "667",
        "price_unit": "L"
      }
    ]
  },
  {
    "source_url": "https://www.woolworths.com.au/shop/productdetails/906323/golden-circle-cordial-mandarin-flavoured",
    "name": "Golden Circle Cordial Mandarin Flavoured 2L",
    "image_url": "https://cdn1.woolworths.media/content/wowproductimages/large/906323.jpg",
    "source_id": "Woolworths - 906323",
    "barcode": "9310179188203",
    "category_id": "1_5AF3A0A",
    "shop": "Woolworths",
    "weight": "1L",
    "prices": [
      {
        "state": "SA",
        "price": "550",
        "price_per_unit": "275",
        "price_unit": "L"
      },
      {
        "state": "ACT",
        "price": "550",
        "price_per_unit": "275",
        "price_unit": "L"
      },
      {
        "state": "NT",
        "price": "550",
        "price_per_unit": "275",
        "price_unit": "L"
      }
    ]
  },
  {
    "source_url": "https://www.woolworths.com.au/shop/productdetails/898032/kool-aid-drink-mix-tropical-punch",
    "name": "Kool Aid Drink Mix Tropical Punch 4.5g",
    "image_url": "https://cdn1.woolworths.media/content/wowproductimages/large/898032.jpg",
    "source_id": "Woolworths - 898032",
    "barcode": "43000955437",
    "category_id": "1_5AF3A0A",
    "shop": "Woolworths",
    "weight": "100G",
    "prices": [
      {
        "state": "SA",
        "price": "150",
        "price_per_unit": "3333",
        "price_unit": "G"
      }
    ]
  },
  {
    "source_url": "https://www.woolworths.com.au/shop/productdetails/149281/pips-apple-raspberry-flavoured-cordial",
    "name": "Pips Apple Raspberry Flavoured Cordial 1l",
    "image_url": "https://cdn1.woolworths.media/content/wowproductimages/large/149281.jpg",
    "source_id": "Woolworths - 149281",
    "barcode": "9345905008906",
    "category_id": "1_5AF3A0A",
    "shop": "Woolworths",
    "weight": "1L",
    "prices": [
      {
        "state": "SA",
        "price": "240",
        "price_per_unit": "240",
        "price_unit": "L"
      },
      {
        "state": "ACT",
        "price": "240",
        "price_per_unit": "240",
        "price_unit": "L"
      },
      {
        "state": "NT",
        "price": "240",
        "price_per_unit": "240",
        "price_unit": "L"
      }
    ]
  },
  {
    "source_url": "https://www.woolworths.com.au/shop/productdetails/150073/pips-cordial-fruit-cup-crush-double-concentrate",
    "name": "Pips Cordial Fruit Cup Crush Double Concentrate 1l",
    "image_url": "https://cdn1.woolworths.media/content/wowproductimages/large/150073.jpg",
    "source_id": "Woolworths - 150073",
    "barcode": "9345905008920",
    "category_id": "1_5AF3A0A",
    "shop": "Woolworths",
    "weight": "1L",
    "prices": [
      {
        "state": "SA",
        "price": "240",
        "price_per_unit": "240",
        "price_unit": "L"
      },
      {
        "state": "ACT",
        "price": "240",
        "price_per_unit": "240",
        "price_unit": "L"
      },
      {
        "state": "NT",
        "price": "240",
        "price_per_unit": "240",
        "price_unit": "L"
      }
    ]
  },
  {
    "source_url": "https://www.woolworths.com.au/shop/productdetails/149010/pips-cordial-lime-double-concentrate",
    "name": "Pips Cordial Lime Double Concentrate 1l",
    "image_url": "https://cdn1.woolworths.media/content/wowproductimages/large/149010.jpg",
    "source_id": "Woolworths - 149010",
    "barcode": "9345905008913",
    "category_id": "1_5AF3A0A",
    "shop": "Woolworths",
    "weight": "1L",
    "prices": [
      {
        "state": "SA",
        "price": "240",
        "price_per_unit": "240",
        "price_unit": "L"
      },
      {
        "state": "ACT",
        "price": "240",
        "price_per_unit": "240",
        "price_unit": "L"
      },
      {
        "state": "NT",
        "price": "240",
        "price_per_unit": "240",
        "price_unit": "L"
      }
    ]
  },
  {
    "source_url": "https://www.woolworths.com.au/shop/productdetails/141202/woolworths-fruit-juice-syrup-30-fruit-blackcurrant",
    "name": "Woolworths Fruit Juice Syrup 30% Fruit Blackcurrant 750ml",
    "image_url": "https://cdn1.woolworths.media/content/wowproductimages/large/141202.jpg",
    "source_id": "Woolworths - 141202",
    "barcode": "9339687234530",
    "category_id": "1_5AF3A0A",
    "shop": "Woolworths",
    "weight": "1L",
    "prices": [
      {
        "state": "SA",
        "price": "380",
        "price_per_unit": "507",
        "price_unit": "L"
      },
      {
        "state": "ACT",
        "price": "380",
        "price_per_unit": "507",
        "price_unit": "L"
      },
      {
        "state": "NT",
        "price": "380",
        "price_per_unit": "507",
        "price_unit": "L"
      }
    ]
  },
  {
    "source_url": "https://www.woolworths.com.au/shop/productdetails/829710/woolworths-lemon-lime-bitters",
    "name": "Woolworths Lemon Lime & Bitters 750ml",
    "image_url": "https://cdn1.woolworths.media/content/wowproductimages/large/829710.jpg",
    "source_id": "Woolworths - 829710",
    "barcode": "9339687082209",
    "category_id": "1_5AF3A0A",
    "shop": "Woolworths",
    "weight": "1L",
    "prices": [
      {
        "state": "SA",
        "price": "300",
        "price_per_unit": "400",
        "price_unit": "L"
      },
      {
        "state": "ACT",
        "price": "300",
        "price_per_unit": "400",
        "price_unit": "L"
      },
      {
        "state": "NT",
        "price": "300",
        "price_per_unit": "400",
        "price_unit": "L"
      }
    ]
  },
  {
    "source_url": "https://www.woolworths.com.au/shop/productdetails/323213/woolworths-lemon-mixer-cordial",
    "name": "Woolworths Lemon Mixer Cordial 750ml",
    "image_url": "https://cdn1.woolworths.media/content/wowproductimages/large/323213.jpg",
    "source_id": "Woolworths - 323213",
    "barcode": "9300633983000",
    "category_id": "1_5AF3A0A",
    "shop": "Woolworths",
    "weight": "1L",
    "prices": [
      {
        "state": "SA",
        "price": "300",
        "price_per_unit": "400",
        "price_unit": "L"
      },
      {
        "state": "ACT",
        "price": "300",
        "price_per_unit": "400",
        "price_unit": "L"
      },
      {
        "state": "NT",
        "price": "300",
        "price_per_unit": "400",
        "price_unit": "L"
      }
    ]
  },
  {
    "source_url": "https://www.woolworths.com.au/shop/productdetails/323210/woolworths-lime-cordial",
    "name": "Woolworths Lime Cordial 750ml",
    "image_url": "https://cdn1.woolworths.media/content/wowproductimages/large/323210.jpg",
    "source_id": "Woolworths - 323210",
    "barcode": "9300633982997",
    "category_id": "1_5AF3A0A",
    "shop": "Woolworths",
    "weight": "1L",
    "prices": [
      {
        "state": "SA",
        "price": "300",
        "price_per_unit": "400",
        "price_unit": "L"
      },
      {
        "state": "ACT",
        "price": "300",
        "price_per_unit": "400",
        "price_unit": "L"
      },
      {
        "state": "NT",
        "price": "300",
        "price_per_unit": "400",
        "price_unit": "L"
      }
    ]
  },
  {
    "source_url": "https://www.woolworths.com.au/shop/productdetails/907321/juicy-isle-cordial-tropical-flavoured",
    "name": "Juicy Isle Cordial Tropical Flavoured 2L",
    "image_url": "https://cdn1.woolworths.media/content/wowproductimages/large/907321.jpg",
    "source_id": "Woolworths - 907321",
    "barcode": "9315251903538",
    "category_id": "1_5AF3A0A",
    "shop": "Woolworths",
    "weight": "1L",
    "prices": [
      {
        "state": "TAS",
        "price": "400",
        "price_per_unit": "200",
        "price_unit": "L"
      },
      {
        "state": "ACT",
        "price": "400",
        "price_per_unit": "200",
        "price_unit": "L"
      },
      {
        "state": "NT",
        "price": "400",
        "price_per_unit": "200",
        "price_unit": "L"
      }
    ]
  },
  {
    "source_url": "https://www.woolworths.com.au/shop/productdetails/906461/juicy-isle-lime-flavoured-cordial",
    "name": "Juicy Isle Lime Flavoured Cordial 2l",
    "image_url": "https://cdn1.woolworths.media/content/wowproductimages/large/906461.jpg",
    "source_id": "Woolworths - 906461",
    "barcode": "9315251903507",
    "category_id": "1_5AF3A0A",
    "shop": "Woolworths",
    "weight": "1L",
    "prices": [
      {
        "state": "TAS",
        "price": "400",
        "price_per_unit": "200",
        "price_unit": "L"
      },
      {
        "state": "ACT",
        "price": "400",
        "price_per_unit": "200",
        "price_unit": "L"
      },
      {
        "state": "NT",
        "price": "400",
        "price_per_unit": "200",
        "price_unit": "L"
      }
    ]
  },
  {
    "source_url": "https://www.woolworths.com.au/shop/productdetails/908532/juicy-isle-orange-flavoured-cordial",
    "name": "Juicy Isle Orange Flavoured Cordial 2l",
    "image_url": "https://cdn1.woolworths.media/content/wowproductimages/large/908532.jpg",
    "source_id": "Woolworths - 908532",
    "barcode": "9315251903514",
    "category_id": "1_5AF3A0A",
    "shop": "Woolworths",
    "weight": "1L",
    "prices": [
      {
        "state": "TAS",
        "price": "400",
        "price_per_unit": "200",
        "price_unit": "L"
      }
    ]
  },
  {
    "source_url": "https://www.woolworths.com.au/shop/productdetails/907441/juicy-isle-raspberry-flavoured-cordial",
    "name": "Juicy Isle Raspberry Flavoured Cordial 2l",
    "image_url": "https://cdn1.woolworths.media/content/wowproductimages/large/907441.jpg",
    "source_id": "Woolworths - 907441",
    "barcode": "9315251903521",
    "category_id": "1_5AF3A0A",
    "shop": "Woolworths",
    "weight": "1L",
    "prices": [
      {
        "state": "TAS",
        "price": "400",
        "price_per_unit": "200",
        "price_unit": "L"
      }
    ]
  },
  {
    "source_url": "https://www.woolworths.com.au/shop/productdetails/92046/wester-way-farms-blackcurrant-fruit-juice-syrup",
    "name": "Wester Way Farms Blackcurrant Fruit Juice Syrup 750ml",
    "image_url": "https://cdn1.woolworths.media/content/wowproductimages/large/092046.jpg",
    "source_id": "Woolworths - 92046",
    "barcode": "9315251902418",
    "category_id": "1_5AF3A0A",
    "shop": "Woolworths",
    "weight": "1L",
    "prices": [
      {
        "state": "TAS",
        "price": "600",
        "price_per_unit": "800",
        "price_unit": "L"
      }
    ]
  },
  {
    "source_url": "https://www.woolworths.com.au/shop/productdetails/92067/wester-way-farms-raspberry-fruit-juice-syrup",
    "name": "Wester Way Farms Raspberry Fruit Juice Syrup 750ml",
    "image_url": "https://cdn1.woolworths.media/content/wowproductimages/large/092067.jpg",
    "source_id": "Woolworths - 92067",
    "barcode": "9315251902425",
    "category_id": "1_5AF3A0A",
    "shop": "Woolworths",
    "weight": "1L",
    "prices": [
      {
        "state": "TAS",
        "price": "600",
        "price_per_unit": "800",
        "price_unit": "L"
      }
    ]
  }
]