[
  {
    "source_url": "https://www.woolworths.com.au/shop/productdetails/153042/avalanche-99-sugar-free-caramelised-white-chocolate",
    "name": "Avalanche 99% Sugar Free Caramelised White Chocolate 10 Pack",
    "image_url": "https://cdn1.woolworths.media/content/wowproductimages/large/153042.jpg",
    "source_id": "Woolworths - 153042",
    "barcode": "9421904480483",
    "category_id": "1_5AF3A0A",
    "shop": "Woolworths",
    "weight": "1EA",
    "prices": [
      {
        "state": "NSW",
        "price": "550",
        "price_per_unit": "55",
        "price_unit": "EA"
      },
      {
        "state": "VIC",
        "price": "550",
        "price_per_unit": "55",
        "price_unit": "EA"
      },
      {
        "state": "QLD",
        "price": "550",
        "price_per_unit": "55",
        "price_unit": "EA"
      },
      {
        "state": "WA",
        "price": "550",
        "price_per_unit": "55",
        "price_unit": "EA"
      },
      {
        "state": "SA",
        "price": "550",
        "price_per_unit": "55",
        "price_unit": "EA"
      },
      {
        "state": "TAS",
        "price": "550",
        "price_per_unit": "55",
        "price_unit": "EA"
      },
      {
        "state": "ACT",
        "price": "550",
        "price_per_unit": "55",
        "price_unit": "EA"
      },
      {
        "state": "NT",
        "price": "580",
        "price_per_unit": "58",
        "price_unit": "EA"
      }
    ]
  },
  {
    "source_url": "https://www.woolworths.com.au/shop/productdetails/216876/avalanche-99-sugar-free-hot-chocolate-salted-caramel",
    "name": "Avalanche 99% Sugar Free Hot Chocolate Salted Caramel 10 Pack",
    "image_url": "https://cdn1.woolworths.media/content/wowproductimages/large/216876.jpg",
    "source_id": "Woolworths - 216876",
    "barcode": "9421906776270",
    "category_id": "1_5AF3A0A",
    "shop": "Woolworths",
    "weight": "100G",
    "prices": [
      {
        "state": "NSW",
        "price": "550",
        "price_per_unit": "275",
        "price_unit": "G"
      },
      {
        "state": "VIC",
        "price": "550",
        "price_per_unit": "275",
        "price_unit": "G"
      },
      {
        "state": "QLD",
        "price": "550",
        "price_per_unit": "275",
        "price_unit": "G"
      },
      {
        "state": "WA",
        "price": "550",
        "price_per_unit": "275",
        "price_unit": "G"
      },
      {
        "state": "SA",
        "price": "550",
        "price_per_unit": "275",
        "price_unit": "G"
      },
      {
        "state": "TAS",
        "price": "550",
        "price_per_unit": "275",
        "price_unit": "G"
      },
      {
        "state": "ACT",
        "price": "550",
        "price_per_unit": "275",
        "price_unit": "G"
      }
    ]
  },
  {
    "source_url": "https://www.woolworths.com.au/shop/productdetails/692623/avalanche-hot-chocolate",
    "name": "Avalanche Hot Chocolate 10 Pack",
    "image_url": "https://cdn1.woolworths.media/content/wowproductimages/large/692623.jpg",
    "source_id": "Woolworths - 692623",
    "barcode": "9421904480063",
    "category_id": "1_5AF3A0A",
    "shop": "Woolworths",
    "weight": "1EA",
    "prices": [
      {
        "state": "NSW",
        "price": "550",
        "price_per_unit": "55",
        "price_unit": "EA"
      },
      {
        "state": "VIC",
        "price": "550",
        "price_per_unit": "55",
        "price_unit": "EA"
      },
      {
        "state": "QLD",
        "price": "550",
        "price_per_unit": "55",
        "price_unit": "EA"
      },
      {
        "state": "WA",
        "price": "550",
        "price_per_unit": "55",
        "price_unit": "EA"
      },
      {
        "state": "SA",
        "price": "550",
        "price_per_unit": "55",
        "price_unit": "EA"
      },
      {
        "state": "TAS",
        "price": "550",
        "price_per_unit": "55",
        "price_unit": "EA"
      },
      {
        "state": "ACT",
        "price": "550",
        "price_per_unit": "55",
        "price_unit": "EA"
      },
      {
        "state": "NT",
        "price": "580",
        "price_per_unit": "58",
        "price_unit": "EA"
      }
    ]
  },
  {
    "source_url": "https://www.woolworths.com.au/shop/productdetails/738745/avalanche-sugar-free-drinking-chocolate",
    "name": "Avalanche Sugar Free Drinking Chocolate 200g",
    "image_url": "https://cdn1.woolworths.media/content/wowproductimages/large/738745.jpg",
    "source_id": "Woolworths - 738745",
    "barcode": "9421902404375",
    "category_id": "1_5AF3A0A",
    "shop": "Woolworths",
    "weight": "100G",
    "prices": [
      {
        "state": "NSW",
        "price": "480",
        "price_per_unit": "240",
        "price_unit": "G"
      },
      {
        "state": "VIC",
        "price": "480",
        "price_per_unit": "240",
        "price_unit": "G"
      },
      {
        "state": "QLD",
        "price": "480",
        "price_per_unit": "240",
        "price_unit": "G"
      },
      {
        "state": "WA",
        "price": "480",
        "price_per_unit": "240",
        "price_unit": "G"
      },
      {
        "state": "SA",
        "price": "480",
        "price_per_unit": "240",
        "price_unit": "G"
      },
      {
        "state": "TAS",
        "price": "480",
        "price_per_unit": "240",
        "price_unit": "G"
      },
      {
        "state": "ACT",
        "price": "480",
        "price_per_unit": "240",
        "price_unit": "G"
      },
      {
        "state": "NT",
        "price": "480",
        "price_per_unit": "240",
        "price_unit": "G"
      }
    ]
  },
  {
    "source_url": "https://www.woolworths.com.au/shop/productdetails/152988/cadbury-drinking-chocolate",
    "name": "Cadbury Drinking Chocolate 450g",
    "image_url": "https://cdn1.woolworths.media/content/wowproductimages/large/152988.jpg",
    "source_id": "Woolworths - 152988",
    "barcode": "9300617290988",
    "category_id": "1_5AF3A0A",
    "shop": "Woolworths",
    "weight": "100G",
    "prices": [
      {
        "state": "NSW",
        "price": "700",
        "price_per_unit": "156",
        "price_unit": "G"
      },
      {
        "state": "VIC",
        "price": "700",
        "price_per_unit": "156",
        "price_unit": "G"
      },
      {
        "state": "QLD",
        "price": "700",
        "price_per_unit": "156",
        "price_unit": "G"
      },
      {
        "state": "WA",
        "price": "700",
        "price_per_unit": "156",
        "price_unit": "G"
      },
      {
        "state": "SA",
        "price": "700",
        "price_per_unit": "156",
        "price_unit": "G"
      },
      {
        "state": "TAS",
        "price": "700",
        "price_per_unit": "156",
        "price_unit": "G"
      },
      {
        "state": "ACT",
        "price": "700",
        "price_per_unit": "156",
        "price_unit": "G"
      },
      {
        "state": "NT",
        "price": "700",
        "price_per_unit": "156",
        "price_unit": "G"
      }
    ]
  },
  {
    "source_url": "https://www.woolworths.com.au/shop/productdetails/151863/cadbury-drinking-chocolate-neapolitan",
    "name": "Cadbury Drinking Chocolate Neapolitan 250g",
    "image_url": "https://cdn1.woolworths.media/content/wowproductimages/large/151863.jpg",
    "source_id": "Woolworths - 151863",
    "barcode": "9300617293194",
    "category_id": "1_5AF3A0A",
    "shop": "Woolworths",
    "weight": "100G",
    "prices": [
      {
        "state": "NSW",
        "price": "550",
        "price_per_unit": "220",
        "price_unit": "G"
      },
      {
        "state": "VIC",
        "price": "550",
        "price_per_unit": "220",
        "price_unit": "G"
      },
      {
        "state": "QLD",
        "price": "550",
        "price_per_unit": "220",
        "price_unit": "G"
      },
      {
        "state": "WA",
        "price": "550",
        "price_per_unit": "220",
        "price_unit": "G"
      },
      {
        "state": "SA",
        "price": "550",
        "price_per_unit": "220",
        "price_unit": "G"
      },
      {
        "state": "TAS",
        "price": "550",
        "price_per_unit": "220",
        "price_unit": "G"
      },
      {
        "state": "ACT",
        "price": "550",
        "price_per_unit": "220",
        "price_unit": "G"
      },
      {
        "state": "NT",
        "price": "550",
        "price_per_unit": "220",
        "price_unit": "G"
      }
    ]
  },
  {
    "source_url": "https://www.woolworths.com.au/shop/productdetails/46127/jarrah-classic-hot-chocolate-sachets",
    "name": "Jarrah Classic Hot Chocolate 10 Pack",
    "image_url": "https://cdn1.woolworths.media/content/wowproductimages/large/046127.jpg",
    "source_id": "Woolworths - 46127",
    "barcode": "7612100175200",
    "category_id": "1_5AF3A0A",
    "shop": "Woolworths",
    "weight": "1EA",
    "prices": [
      {
        "state": "NSW",
        "price": "600",
        "price_per_unit": "60",
        "price_unit": "EA"
      },
      {
        "state": "VIC",
        "price": "600",
        "price_per_unit": "60",
        "price_unit": "EA"
      },
      {
        "state": "QLD",
        "price": "600",
        "price_per_unit": "60",
        "price_unit": "EA"
      },
      {
        "state": "WA",
        "price": "600",
        "price_per_unit": "60",
        "price_unit": "EA"
      },
      {
        "state": "SA",
        "price": "600",
        "price_per_unit": "60",
        "price_unit": "EA"
      },
      {
        "state": "TAS",
        "price": "600",
        "price_per_unit": "60",
        "price_unit": "EA"
      },
      {
        "state": "ACT",
        "price": "600",
        "price_per_unit": "60",
        "price_unit": "EA"
      },
      {
        "state": "NT",
        "price": "600",
        "price_per_unit": "60",
        "price_unit": "EA"
      }
    ]
  },
  {
    "source_url": "https://www.woolworths.com.au/shop/productdetails/905340/jarrah-hot-chocolate-powder",
    "name": "Jarrah Hot Chocolate Powder 322g",
    "image_url": "https://cdn1.woolworths.media/content/wowproductimages/large/905340.jpg",
    "source_id": "Woolworths - 905340",
    "barcode": "7612100919088",
    "category_id": "1_5AF3A0A",
    "shop": "Woolworths",
    "weight": "100G",
    "prices": [
      {
        "state": "NSW",
        "price": "950",
        "price_per_unit": "295",
        "price_unit": "G"
      },
      {
        "state": "VIC",
        "price": "950",
        "price_per_unit": "295",
        "price_unit": "G"
      },
      {
        "state": "QLD",
        "price": "950",
        "price_per_unit": "295",
        "price_unit": "G"
      },
      {
        "state": "WA",
        "price": "950",
        "price_per_unit": "295",
        "price_unit": "G"
      },
      {
        "state": "SA",
        "price": "950",
        "price_per_unit": "295",
        "price_unit": "G"
      },
      {
        "state": "TAS",
        "price": "950",
        "price_per_unit": "295",
        "price_unit": "G"
      },
      {
        "state": "ACT",
        "price": "950",
        "price_per_unit": "295",
        "price_unit": "G"
      },
      {
        "state": "NT",
        "price": "950",
        "price_per_unit": "295",
        "price_unit": "G"
      }
    ]
  },
  {
    "source_url": "https://www.woolworths.com.au/shop/productdetails/852937/jarrah-mint-hot-chocolate-drinking-chocolate-sachets",
    "name": "Jarrah Mint Hot Chocolate 10 Pack",
    "image_url": "https://cdn1.woolworths.media/content/wowproductimages/large/852937.jpg",
    "source_id": "Woolworths - 852937",
    "barcode": "7612100066126",
    "category_id": "1_5AF3A0A",
    "shop": "Woolworths",
    "weight": "1EA",
    "prices": [
      {
        "state": "NSW",
        "price": "600",
        "price_per_unit": "60",
        "price_unit": "EA"
      },
      {
        "state": "VIC",
        "price": "600",
        "price_per_unit": "60",
        "price_unit": "EA"
      },
      {
        "state": "QLD",
        "price": "600",
        "price_per_unit": "60",
        "price_unit": "EA"
      },
      {
        "state": "WA",
        "price": "600",
        "price_per_unit": "60",
        "price_unit": "EA"
      },
      {
        "state": "SA",
        "price": "600",
        "price_per_unit": "60",
        "price_unit": "EA"
      },
      {
        "state": "TAS",
        "price": "600",
        "price_per_unit": "60",
        "price_unit": "EA"
      },
      {
        "state": "ACT",
        "price": "600",
        "price_per_unit": "60",
        "price_unit": "EA"
      }
    ]
  },
  {
    "source_url": "https://www.woolworths.com.au/shop/productdetails/305554/lindt-hot-chocolate-flakes-milk",
    "name": "Lindt Hot Chocolate Flakes Milk 210g",
    "image_url": "https://cdn1.woolworths.media/content/wowproductimages/large/305554.jpg",
    "source_id": "Woolworths - 305554",
    "barcode": "9323966405971",
    "category_id": "1_5AF3A0A",
    "shop": "Woolworths",
    "weight": "100G",
    "prices": [
      {
        "state": "NSW",
        "price": "1000",
        "price_per_unit": "476",
        "price_unit": "G"
      },
      {
        "state": "VIC",
        "price": "1000",
        "price_per_unit": "476",
        "price_unit": "G"
      },
      {
        "state": "QLD",
        "price": "1000",
        "price_per_unit": "476",
        "price_unit": "G"
      },
      {
        "state": "WA",
        "price": "1000",
        "price_per_unit": "476",
        "price_unit": "G"
      },
      {
        "state": "SA",
        "price": "1000",
        "price_per_unit": "476",
        "price_unit": "G"
      },
      {
        "state": "TAS",
        "price": "1000",
        "price_per_unit": "476",
        "price_unit": "G"
      },
      {
        "state": "ACT",
        "price": "1000",
        "price_per_unit": "476",
        "price_unit": "G"
      },
      {
        "state": "NT",
        "price": "1000",
        "price_per_unit": "476",
        "price_unit": "G"
      }
    ]
  },
  {
    "source_url": "https://www.woolworths.com.au/shop/productdetails/913801/natvia-drinking-hot-chocolate-energy-schisandra-maca",
    "name": "Natvia Drinking Hot Chocolate Energy + Schisandra & Maca 200g",
    "image_url": "https://cdn1.woolworths.media/content/wowproductimages/large/913801.jpg",
    "source_id": "Woolworths - 913801",
    "barcode": "9342985002275",
    "category_id": "1_5AF3A0A",
    "shop": "Woolworths",
    "weight": "100G",
    "prices": [
      {
        "state": "NSW",
        "price": "700",
        "price_per_unit": "350",
        "price_unit": "G"
      },
      {
        "state": "VIC",
        "price": "700",
        "price_per_unit": "350",
        "price_unit": "G"
      },
      {
        "state": "QLD",
        "price": "700",
        "price_per_unit": "350",
        "price_unit": "G"
      },
      {
        "state": "WA",
        "price": "700",
        "price_per_unit": "350",
        "price_unit": "G"
      },
      {
        "state": "SA",
        "price": "700",
        "price_per_unit": "350",
        "price_unit": "G"
      },
      {
        "state": "TAS",
        "price": "700",
        "price_per_unit": "350",
        "price_unit": "G"
      },
      {
        "state": "ACT",
        "price": "700",
        "price_per_unit": "350",
        "price_unit": "G"
      }
    ]
  },
  {
    "source_url": "https://www.woolworths.com.au/shop/productdetails/278666/natvia-relax-drinking-chocolate",
    "name": "Natvia Relax Drinking Chocolate 200g",
    "image_url": "https://cdn1.woolworths.media/content/wowproductimages/large/278666.jpg",
    "source_id": "Woolworths - 278666",
    "barcode": "9342985001520",
    "category_id": "1_5AF3A0A",
    "shop": "Woolworths",
    "weight": "100G",
    "prices": [
      {
        "state": "NSW",
        "price": "700",
        "price_per_unit": "350",
        "price_unit": "G"
      },
      {
        "state": "VIC",
        "price": "700",
        "price_per_unit": "350",
        "price_unit": "G"
      },
      {
        "state": "QLD",
        "price": "700",
        "price_per_unit": "350",
        "price_unit": "G"
      },
      {
        "state": "WA",
        "price": "700",
        "price_per_unit": "350",
        "price_unit": "G"
      },
      {
        "state": "SA",
        "price": "700",
        "price_per_unit": "350",
        "price_unit": "G"
      },
      {
        "state": "TAS",
        "price": "700",
        "price_per_unit": "350",
        "price_unit": "G"
      },
      {
        "state": "ACT",
        "price": "700",
        "price_per_unit": "350",
        "price_unit": "G"
      }
    ]
  },
  {
    "source_url": "https://www.woolworths.com.au/shop/productdetails/305908/vittoria-chocochino-dark-drinking-chocolate",
    "name": "Vittoria Chocochino Dark Drinking Chocolate 375g",
    "image_url": "https://cdn1.woolworths.media/content/wowproductimages/large/305908.jpg",
    "source_id": "Woolworths - 305908",
    "barcode": "9310631620814",
    "category_id": "1_5AF3A0A",
    "shop": "Woolworths",
    "weight": "100G",
    "prices": [
      {
        "state": "NSW",
        "price": "600",
        "price_per_unit": "160",
        "price_unit": "G"
      },
      {
        "state": "VIC",
        "price": "600",
        "price_per_unit": "160",
        "price_unit": "G"
      },
      {
        "state": "QLD",
        "price": "600",
        "price_per_unit": "160",
        "price_unit": "G"
      },
      {
        "state": "WA",
        "price": "600",
        "price_per_unit": "160",
        "price_unit": "G"
      },
      {
        "state": "SA",
        "price": "600",
        "price_per_unit": "160",
        "price_unit": "G"
      },
      {
        "state": "TAS",
        "price": "600",
        "price_per_unit": "160",
        "price_unit": "G"
      },
      {
        "state": "ACT",
        "price": "600",
        "price_per_unit": "160",
        "price_unit": "G"
      },
      {
        "state": "NT",
        "price": "600",
        "price_per_unit": "160",
        "price_unit": "G"
      }
    ]
  },
  {
    "source_url": "https://www.woolworths.com.au/shop/productdetails/24570/vittoria-chocochino-drinking-chocolate",
    "name": "Vittoria Chocochino Drinking Chocolate 375g",
    "image_url": "https://cdn1.woolworths.media/content/wowproductimages/large/024570.jpg",
    "source_id": "Woolworths - 24570",
    "barcode": "9310631001941",
    "category_id": "1_5AF3A0A",
    "shop": "Woolworths",
    "weight": "100G",
    "prices": [
      {
        "state": "NSW",
        "price": "600",
        "price_per_unit": "160",
        "price_unit": "G"
      },
      {
        "state": "VIC",
        "price": "600",
        "price_per_unit": "160",
        "price_unit": "G"
      },
      {
        "state": "QLD",
        "price": "600",
        "price_per_unit": "160",
        "price_unit": "G"
      },
      {
        "state": "WA",
        "price": "600",
        "price_per_unit": "160",
        "price_unit": "G"
      },
      {
        "state": "SA",
        "price": "600",
        "price_per_unit": "160",
        "price_unit": "G"
      },
      {
        "state": "TAS",
        "price": "600",
        "price_per_unit": "160",
        "price_unit": "G"
      },
      {
        "state": "ACT",
        "price": "600",
        "price_per_unit": "160",
        "price_unit": "G"
      },
      {
        "state": "NT",
        "price": "600",
        "price_per_unit": "160",
        "price_unit": "G"
      }
    ]
  },
  {
    "source_url": "https://www.woolworths.com.au/shop/productdetails/694353/woolworths-hot-chocolate",
    "name": "Woolworths Hot Chocolate 10 Pack",
    "image_url": "https://cdn1.woolworths.media/content/wowproductimages/large/694353.jpg",
    "source_id": "Woolworths - 694353",
    "barcode": "9339687314553",
    "category_id": "1_5AF3A0A",
    "shop": "Woolworths",
    "weight": "100G",
    "prices": [
      {
        "state": "NSW",
        "price": "400",
        "price_per_unit": "200",
        "price_unit": "G"
      },
      {
        "state": "VIC",
        "price": "400",
        "price_per_unit": "200",
        "price_unit": "G"
      },
      {
        "state": "QLD",
        "price": "400",
        "price_per_unit": "200",
        "price_unit": "G"
      },
      {
        "state": "WA",
        "price": "400",
        "price_per_unit": "200",
        "price_unit": "G"
      },
      {
        "state": "TAS",
        "price": "400",
        "price_per_unit": "200",
        "price_unit": "G"
      },
      {
        "state": "ACT",
        "price": "400",
        "price_per_unit": "200",
        "price_unit": "G"
      },
      {
        "state": "NT",
        "price": "400",
        "price_per_unit": "200",
        "price_unit": "G"
      }
    ]
  },
  {
    "source_url": "https://www.woolworths.com.au/shop/productdetails/186269/woolworths-instant-chocolate-powdered-drink",
    "name": "Woolworths Instant Chocolate Powdered Drink 400g",
    "image_url": "https://cdn1.woolworths.media/content/wowproductimages/large/186269.jpg",
    "source_id": "Woolworths - 186269",
    "barcode": "9339687314546",
    "category_id": "1_5AF3A0A",
    "shop": "Woolworths",
    "weight": "100G",
    "prices": [
      {
        "state": "NSW",
        "price": "400",
        "price_per_unit": "100",
        "price_unit": "G"
      },
      {
        "state": "VIC",
        "price": "400",
        "price_per_unit": "100",
        "price_unit": "G"
      },
      {
        "state": "QLD",
        "price": "400",
        "price_per_unit": "100",
        "price_unit": "G"
      },
      {
        "state": "WA",
        "price": "400",
        "price_per_unit": "100",
        "price_unit": "G"
      },
      {
        "state": "SA",
        "price": "400",
        "price_per_unit": "100",
        "price_unit": "G"
      },
      {
        "state": "TAS",
        "price": "400",
        "price_per_unit": "100",
        "price_unit": "G"
      },
      {
        "state": "ACT",
        "price": "400",
        "price_per_unit": "100",
        "price_unit": "G"
      }
    ]
  },
  {
    "source_url": "https://www.woolworths.com.au/shop/productdetails/216282/starbucks-signature-hot-chocolate-42-cocoa-powder",
    "name": "Starbucks Signature Hot Chocolate 42% Cocoa Powder 330g",
    "image_url": "https://cdn1.woolworths.media/content/wowproductimages/large/216282.jpg",
    "source_id": "Woolworths - 216282",
    "barcode": "7613287653192",
    "category_id": "1_5AF3A0A",
    "shop": "Woolworths",
    "weight": "100G",
    "prices": [
      {
        "state": "QLD",
        "price": "950",
        "price_per_unit": "288",
        "price_unit": "G"
      },
      {
        "state": "WA",
        "price": "950",
        "price_per_unit": "288",
        "price_unit": "G"
      },
      {
        "state": "SA",
        "price": "950",
        "price_per_unit": "288",
        "price_unit": "G"
      },
      {
        "state": "TAS",
        "price": "950",
        "price_per_unit": "288",
        "price_unit": "G"
      },
      {
        "state": "ACT",
        "price": "950",
        "price_per_unit": "288",
        "price_unit": "G"
      },
      {
        "state": "NT",
        "price": "950",
        "price_per_unit": "288",
        "price_unit": "G"
      }
    ]
  }
]