[
  {
    "source_url": "https://www.woolworths.com.au/shop/productdetails/886808/bundaberg-diet-ginger-beer",
    "name": "Bundaberg Diet Ginger Beer 375ml x4 Pack",
    "image_url": "https://cdn1.woolworths.media/content/wowproductimages/large/886808.jpg",
    "source_id": "Woolworths - 886808",
    "barcode": "9311493002459",
    "category_id": "1_5AF3A0A",
    "shop": "Woolworths",
    "weight": "1L",
    "prices": [
      {
        "state": "NSW",
        "price": "745",
        "price_per_unit": "497",
        "price_unit": "L"
      },
      {
        "state": "VIC",
        "price": "735",
        "price_per_unit": "490",
        "price_unit": "L"
      },
      {
        "state": "QLD",
        "price": "745",
        "price_per_unit": "497",
        "price_unit": "L"
      },
      {
        "state": "WA",
        "price": "745",
        "price_per_unit": "497",
        "price_unit": "L"
      },
      {
        "state": "SA",
        "price": "745",
        "price_per_unit": "497",
        "price_unit": "L"
      },
      {
        "state": "TAS",
        "price": "675",
        "price_per_unit": "450",
        "price_unit": "L"
      },
      {
        "state": "ACT",
        "price": "745",
        "price_per_unit": "497",
        "price_unit": "L"
      },
      {
        "state": "NT",
        "price": "745",
        "price_per_unit": "497",
        "price_unit": "L"
      }
    ]
  },
  {
    "source_url": "https://www.woolworths.com.au/shop/productdetails/240850/bundaberg-diet-ginger-beer",
    "name": "Bundaberg Diet Ginger Beer 750ml",
    "image_url": "https://cdn1.woolworths.media/content/wowproductimages/large/240850.jpg",
    "source_id": "Woolworths - 240850",
    "barcode": "9311493000097",
    "category_id": "1_5AF3A0A",
    "shop": "Woolworths",
    "weight": "1L",
    "prices": [
      {
        "state": "NSW",
        "price": "375",
        "price_per_unit": "500",
        "price_unit": "L"
      },
      {
        "state": "VIC",
        "price": "355",
        "price_per_unit": "473",
        "price_unit": "L"
      },
      {
        "state": "QLD",
        "price": "375",
        "price_per_unit": "500",
        "price_unit": "L"
      },
      {
        "state": "WA",
        "price": "375",
        "price_per_unit": "500",
        "price_unit": "L"
      },
      {
        "state": "SA",
        "price": "375",
        "price_per_unit": "500",
        "price_unit": "L"
      },
      {
        "state": "TAS",
        "price": "340",
        "price_per_unit": "453",
        "price_unit": "L"
      },
      {
        "state": "ACT",
        "price": "375",
        "price_per_unit": "500",
        "price_unit": "L"
      },
      {
        "state": "NT",
        "price": "375",
        "price_per_unit": "500",
        "price_unit": "L"
      }
    ]
  },
  {
    "source_url": "https://www.woolworths.com.au/shop/productdetails/203552/bundaberg-ginger-beer",
    "name": "Bundaberg Ginger Beer 375ml x10 Pack",
    "image_url": "https://cdn1.woolworths.media/content/wowproductimages/large/203552.jpg",
    "source_id": "Woolworths - 203552",
    "barcode": "79373000108",
    "category_id": "1_5AF3A0A",
    "shop": "Woolworths",
    "weight": "1L",
    "prices": [
      {
        "state": "NSW",
        "price": "1250",
        "price_per_unit": "333",
        "price_unit": "L"
      },
      {
        "state": "VIC",
        "price": "1250",
        "price_per_unit": "333",
        "price_unit": "L"
      },
      {
        "state": "QLD",
        "price": "1250",
        "price_per_unit": "333",
        "price_unit": "L"
      },
      {
        "state": "WA",
        "price": "1250",
        "price_per_unit": "333",
        "price_unit": "L"
      },
      {
        "state": "SA",
        "price": "1250",
        "price_per_unit": "333",
        "price_unit": "L"
      },
      {
        "state": "TAS",
        "price": "1150",
        "price_per_unit": "307",
        "price_unit": "L"
      },
      {
        "state": "ACT",
        "price": "1250",
        "price_per_unit": "333",
        "price_unit": "L"
      },
      {
        "state": "NT",
        "price": "1250",
        "price_per_unit": "333",
        "price_unit": "L"
      }
    ]
  },
  {
    "source_url": "https://www.woolworths.com.au/shop/productdetails/97471/bundaberg-ginger-beer",
    "name": "Bundaberg Ginger Beer 375ml x4 Pack",
    "image_url": "https://cdn1.woolworths.media/content/wowproductimages/large/097471.jpg",
    "source_id": "Woolworths - 97471",
    "barcode": "9311493000165",
    "category_id": "1_5AF3A0A",
    "shop": "Woolworths",
    "weight": "1L",
    "prices": [
      {
        "state": "NSW",
        "price": "745",
        "price_per_unit": "497",
        "price_unit": "L"
      },
      {
        "state": "VIC",
        "price": "735",
        "price_per_unit": "490",
        "price_unit": "L"
      },
      {
        "state": "QLD",
        "price": "745",
        "price_per_unit": "497",
        "price_unit": "L"
      },
      {
        "state": "WA",
        "price": "745",
        "price_per_unit": "497",
        "price_unit": "L"
      },
      {
        "state": "SA",
        "price": "745",
        "price_per_unit": "497",
        "price_unit": "L"
      },
      {
        "state": "TAS",
        "price": "675",
        "price_per_unit": "450",
        "price_unit": "L"
      },
      {
        "state": "ACT",
        "price": "745",
        "price_per_unit": "497",
        "price_unit": "L"
      },
      {
        "state": "NT",
        "price": "745",
        "price_per_unit": "497",
        "price_unit": "L"
      }
    ]
  },
  {
    "source_url": "https://www.woolworths.com.au/shop/productdetails/26506/bundaberg-ginger-beer",
    "name": "Bundaberg Ginger Beer 750ml",
    "image_url": "https://cdn1.woolworths.media/content/wowproductimages/large/026506.jpg",
    "source_id": "Woolworths - 26506",
    "barcode": "9311493750015",
    "category_id": "1_5AF3A0A",
    "shop": "Woolworths",
    "weight": "1L",
    "prices": [
      {
        "state": "NSW",
        "price": "375",
        "price_per_unit": "500",
        "price_unit": "L"
      },
      {
        "state": "VIC",
        "price": "355",
        "price_per_unit": "473",
        "price_unit": "L"
      },
      {
        "state": "QLD",
        "price": "375",
        "price_per_unit": "500",
        "price_unit": "L"
      },
      {
        "state": "WA",
        "price": "375",
        "price_per_unit": "500",
        "price_unit": "L"
      },
      {
        "state": "SA",
        "price": "375",
        "price_per_unit": "500",
        "price_unit": "L"
      },
      {
        "state": "TAS",
        "price": "340",
        "price_per_unit": "453",
        "price_unit": "L"
      },
      {
        "state": "ACT",
        "price": "375",
        "price_per_unit": "500",
        "price_unit": "L"
      },
      {
        "state": "NT",
        "price": "375",
        "price_per_unit": "500",
        "price_unit": "L"
      }
    ]
  },
  {
    "source_url": "https://www.woolworths.com.au/shop/productdetails/884260/bundaberg-lemon-lime-bitters",
    "name": "Bundaberg Lemon Lime & Bitters 375ml x4 Pack",
    "image_url": "https://cdn1.woolworths.media/content/wowproductimages/large/884260.jpg",
    "source_id": "Woolworths - 884260",
    "barcode": "9311493002428",
    "category_id": "1_5AF3A0A",
    "shop": "Woolworths",
    "weight": "1L",
    "prices": [
      {
        "state": "NSW",
        "price": "745",
        "price_per_unit": "497",
        "price_unit": "L"
      },
      {
        "state": "VIC",
        "price": "735",
        "price_per_unit": "490",
        "price_unit": "L"
      },
      {
        "state": "QLD",
        "price": "745",
        "price_per_unit": "497",
        "price_unit": "L"
      },
      {
        "state": "WA",
        "price": "745",
        "price_per_unit": "497",
        "price_unit": "L"
      },
      {
        "state": "SA",
        "price": "745",
        "price_per_unit": "497",
        "price_unit": "L"
      },
      {
        "state": "TAS",
        "price": "675",
        "price_per_unit": "450",
        "price_unit": "L"
      },
      {
        "state": "ACT",
        "price": "745",
        "price_per_unit": "497",
        "price_unit": "L"
      },
      {
        "state": "NT",
        "price": "780",
        "price_per_unit": "520",
        "price_unit": "L"
      }
    ]
  },
  {
    "source_url": "https://www.woolworths.com.au/shop/productdetails/886847/bundaberg-lemon-lime-bitters",
    "name": "Bundaberg Lemon,Lime & Bitters 10x375ml",
    "image_url": "https://cdn1.woolworths.media/content/wowproductimages/large/886847.jpg",
    "source_id": "Woolworths - 886847",
    "barcode": "9311493002510",
    "category_id": "1_5AF3A0A",
    "shop": "Woolworths",
    "weight": "1L",
    "prices": [
      {
        "state": "NSW",
        "price": "1250",
        "price_per_unit": "333",
        "price_unit": "L"
      },
      {
        "state": "QLD",
        "price": "1250",
        "price_per_unit": "333",
        "price_unit": "L"
      }
    ]
  },
  {
    "source_url": "https://www.woolworths.com.au/shop/productdetails/229039/bundaberg-sarsaparilla",
    "name": "Bundaberg Sarsaparilla 375ml x4 Pack",
    "image_url": "https://cdn1.woolworths.media/content/wowproductimages/large/229039.jpg",
    "source_id": "Woolworths - 229039",
    "barcode": "9311493000325",
    "category_id": "1_5AF3A0A",
    "shop": "Woolworths",
    "weight": "1L",
    "prices": [
      {
        "state": "NSW",
        "price": "745",
        "price_per_unit": "497",
        "price_unit": "L"
      },
      {
        "state": "VIC",
        "price": "735",
        "price_per_unit": "490",
        "price_unit": "L"
      },
      {
        "state": "QLD",
        "price": "745",
        "price_per_unit": "497",
        "price_unit": "L"
      },
      {
        "state": "WA",
        "price": "745",
        "price_per_unit": "497",
        "price_unit": "L"
      },
      {
        "state": "SA",
        "price": "745",
        "price_per_unit": "497",
        "price_unit": "L"
      },
      {
        "state": "TAS",
        "price": "675",
        "price_per_unit": "450",
        "price_unit": "L"
      },
      {
        "state": "ACT",
        "price": "745",
        "price_per_unit": "497",
        "price_unit": "L"
      },
      {
        "state": "NT",
        "price": "745",
        "price_per_unit": "497",
        "price_unit": "L"
      }
    ]
  },
  {
    "source_url": "https://www.woolworths.com.au/shop/productdetails/886812/bundaberg-sparkling-guava-sparkling-drink",
    "name": "Bundaberg Sparkling Guava Sparkling Drink 375ml x4 Pack",
    "image_url": "https://cdn1.woolworths.media/content/wowproductimages/large/886812.jpg",
    "source_id": "Woolworths - 886812",
    "barcode": "9311493002367",
    "category_id": "1_5AF3A0A",
    "shop": "Woolworths",
    "weight": "1L",
    "prices": [
      {
        "state": "NSW",
        "price": "745",
        "price_per_unit": "497",
        "price_unit": "L"
      },
      {
        "state": "VIC",
        "price": "735",
        "price_per_unit": "490",
        "price_unit": "L"
      },
      {
        "state": "QLD",
        "price": "745",
        "price_per_unit": "497",
        "price_unit": "L"
      },
      {
        "state": "WA",
        "price": "745",
        "price_per_unit": "497",
        "price_unit": "L"
      },
      {
        "state": "SA",
        "price": "745",
        "price_per_unit": "497",
        "price_unit": "L"
      },
      {
        "state": "TAS",
        "price": "675",
        "price_per_unit": "450",
        "price_unit": "L"
      },
      {
        "state": "ACT",
        "price": "745",
        "price_per_unit": "497",
        "price_unit": "L"
      },
      {
        "state": "NT",
        "price": "780",
        "price_per_unit": "520",
        "price_unit": "L"
      }
    ]
  },
  {
    "source_url": "https://www.woolworths.com.au/shop/productdetails/886819/bundaberg-sparkling-passionfruit-drink",
    "name": "Bundaberg Sparkling Passionfruit Drink 375ml x4 Pack",
    "image_url": "https://cdn1.woolworths.media/content/wowproductimages/large/886819.jpg",
    "source_id": "Woolworths - 886819",
    "barcode": "9311493002558",
    "category_id": "1_5AF3A0A",
    "shop": "Woolworths",
    "weight": "1L",
    "prices": [
      {
        "state": "NSW",
        "price": "745",
        "price_per_unit": "497",
        "price_unit": "L"
      },
      {
        "state": "VIC",
        "price": "735",
        "price_per_unit": "490",
        "price_unit": "L"
      },
      {
        "state": "QLD",
        "price": "745",
        "price_per_unit": "497",
        "price_unit": "L"
      },
      {
        "state": "WA",
        "price": "745",
        "price_per_unit": "497",
        "price_unit": "L"
      },
      {
        "state": "SA",
        "price": "745",
        "price_per_unit": "497",
        "price_unit": "L"
      },
      {
        "state": "TAS",
        "price": "675",
        "price_per_unit": "450",
        "price_unit": "L"
      },
      {
        "state": "ACT",
        "price": "745",
        "price_per_unit": "497",
        "price_unit": "L"
      },
      {
        "state": "NT",
        "price": "780",
        "price_per_unit": "520",
        "price_unit": "L"
      }
    ]
  },
  {
    "source_url": "https://www.woolworths.com.au/shop/productdetails/801323/bundaberg-traditional-lemonade-4x375ml",
    "name": "Bundaberg Traditional Lemonade 4x375ml 4x375ml",
    "image_url": "https://cdn1.woolworths.media/content/wowproductimages/large/801323.jpg",
    "source_id": "Woolworths - 801323",
    "barcode": "9311493002299",
    "category_id": "1_5AF3A0A",
    "shop": "Woolworths",
    "weight": "1L",
    "prices": [
      {
        "state": "NSW",
        "price": "745",
        "price_per_unit": "497",
        "price_unit": "L"
      },
      {
        "state": "VIC",
        "price": "735",
        "price_per_unit": "490",
        "price_unit": "L"
      },
      {
        "state": "QLD",
        "price": "745",
        "price_per_unit": "497",
        "price_unit": "L"
      },
      {
        "state": "WA",
        "price": "745",
        "price_per_unit": "497",
        "price_unit": "L"
      },
      {
        "state": "SA",
        "price": "745",
        "price_per_unit": "497",
        "price_unit": "L"
      },
      {
        "state": "TAS",
        "price": "675",
        "price_per_unit": "450",
        "price_unit": "L"
      },
      {
        "state": "ACT",
        "price": "745",
        "price_per_unit": "497",
        "price_unit": "L"
      },
      {
        "state": "NT",
        "price": "780",
        "price_per_unit": "520",
        "price_unit": "L"
      }
    ]
  },
  {
    "source_url": "https://www.woolworths.com.au/shop/productdetails/652009/bundaberg-tropical-mango-sparkling-drink",
    "name": "Bundaberg Tropical Mango Sparkling Drink 375ml x4 Pack",
    "image_url": "https://cdn1.woolworths.media/content/wowproductimages/large/652009.jpg",
    "source_id": "Woolworths - 652009",
    "barcode": "9311493003111",
    "category_id": "1_5AF3A0A",
    "shop": "Woolworths",
    "weight": "1L",
    "prices": [
      {
        "state": "NSW",
        "price": "745",
        "price_per_unit": "497",
        "price_unit": "L"
      },
      {
        "state": "VIC",
        "price": "735",
        "price_per_unit": "490",
        "price_unit": "L"
      },
      {
        "state": "QLD",
        "price": "745",
        "price_per_unit": "497",
        "price_unit": "L"
      },
      {
        "state": "WA",
        "price": "745",
        "price_per_unit": "497",
        "price_unit": "L"
      },
      {
        "state": "SA",
        "price": "745",
        "price_per_unit": "497",
        "price_unit": "L"
      },
      {
        "state": "TAS",
        "price": "675",
        "price_per_unit": "450",
        "price_unit": "L"
      },
      {
        "state": "ACT",
        "price": "745",
        "price_per_unit": "497",
        "price_unit": "L"
      },
      {
        "state": "NT",
        "price": "780",
        "price_per_unit": "520",
        "price_unit": "L"
      }
    ]
  },
  {
    "source_url": "https://www.woolworths.com.au/shop/productdetails/32731/coca-cola-classic-soft-drink-bottle",
    "name": "Coca-Cola Classic Soft Drink Bottle 1.25l",
    "image_url": "https://cdn1.woolworths.media/content/wowproductimages/large/032731.jpg",
    "source_id": "Woolworths - 32731",
    "barcode": "9300675001113",
    "category_id": "1_5AF3A0A",
    "shop": "Woolworths",
    "weight": "1L",
    "prices": [
      {
        "state": "NSW",
        "price": "385",
        "price_per_unit": "308",
        "price_unit": "L"
      },
      {
        "state": "VIC",
        "price": "385",
        "price_per_unit": "308",
        "price_unit": "L"
      },
      {
        "state": "QLD",
        "price": "385",
        "price_per_unit": "308",
        "price_unit": "L"
      },
      {
        "state": "WA",
        "price": "385",
        "price_per_unit": "308",
        "price_unit": "L"
      },
      {
        "state": "SA",
        "price": "385",
        "price_per_unit": "308",
        "price_unit": "L"
      },
      {
        "state": "TAS",
        "price": "375",
        "price_per_unit": "300",
        "price_unit": "L"
      },
      {
        "state": "ACT",
        "price": "385",
        "price_per_unit": "308",
        "price_unit": "L"
      },
      {
        "state": "NT",
        "price": "405",
        "price_per_unit": "324",
        "price_unit": "L"
      }
    ]
  },
  {
    "source_url": "https://www.woolworths.com.au/shop/productdetails/38121/coca-cola-classic-soft-drink-bottle-bottle",
    "name": "Coca-Cola Classic Soft Drink Bottle 2l",
    "image_url": "https://cdn1.woolworths.media/content/wowproductimages/large/038121.jpg",
    "source_id": "Woolworths - 38121",
    "barcode": "9300675001007",
    "category_id": "1_5AF3A0A",
    "shop": "Woolworths",
    "weight": "1L",
    "prices": [
      {
        "state": "NSW",
        "price": "390",
        "price_per_unit": "195",
        "price_unit": "L"
      },
      {
        "state": "VIC",
        "price": "390",
        "price_per_unit": "195",
        "price_unit": "L"
      },
      {
        "state": "QLD",
        "price": "390",
        "price_per_unit": "195",
        "price_unit": "L"
      },
      {
        "state": "WA",
        "price": "390",
        "price_per_unit": "195",
        "price_unit": "L"
      },
      {
        "state": "SA",
        "price": "390",
        "price_per_unit": "195",
        "price_unit": "L"
      },
      {
        "state": "TAS",
        "price": "385",
        "price_per_unit": "193",
        "price_unit": "L"
      },
      {
        "state": "ACT",
        "price": "390",
        "price_per_unit": "195",
        "price_unit": "L"
      },
      {
        "state": "NT",
        "price": "390",
        "price_per_unit": "195",
        "price_unit": "L"
      }
    ]
  },
  {
    "source_url": "https://www.woolworths.com.au/shop/productdetails/313019/coca-cola-classic-soft-drink-mini-bottles",
    "name": "Coca-Cola Classic Soft Drink Mini Bottles 300ml X 12 Pack",
    "image_url": "https://cdn1.woolworths.media/content/wowproductimages/large/313019.jpg",
    "source_id": "Woolworths - 313019",
    "barcode": "9300675038836",
    "category_id": "1_5AF3A0A",
    "shop": "Woolworths",
    "weight": "1L",
    "prices": [
      {
        "state": "NSW",
        "price": "1140",
        "price_per_unit": "317",
        "price_unit": "L"
      },
      {
        "state": "VIC",
        "price": "1140",
        "price_per_unit": "317",
        "price_unit": "L"
      },
      {
        "state": "QLD",
        "price": "1140",
        "price_per_unit": "317",
        "price_unit": "L"
      },
      {
        "state": "WA",
        "price": "1140",
        "price_per_unit": "317",
        "price_unit": "L"
      },
      {
        "state": "SA",
        "price": "1140",
        "price_per_unit": "317",
        "price_unit": "L"
      },
      {
        "state": "TAS",
        "price": "1110",
        "price_per_unit": "308",
        "price_unit": "L"
      },
      {
        "state": "ACT",
        "price": "1140",
        "price_per_unit": "317",
        "price_unit": "L"
      },
      {
        "state": "NT",
        "price": "1140",
        "price_per_unit": "317",
        "price_unit": "L"
      }
    ]
  },
  {
    "source_url": "https://www.woolworths.com.au/shop/productdetails/290133/coca-cola-classic-soft-drink-multipack-glass-bottles",
    "name": "Coca-Cola Classic Soft Drink Multipack Glass Bottles 4 x 330mL",
    "image_url": "https://cdn1.woolworths.media/content/wowproductimages/large/290133.jpg",
    "source_id": "Woolworths - 290133",
    "barcode": "9300675093859",
    "category_id": "1_5AF3A0A",
    "shop": "Woolworths",
    "weight": "1L",
    "prices": [
      {
        "state": "NSW",
        "price": "915",
        "price_per_unit": "693",
        "price_unit": "L"
      },
      {
        "state": "VIC",
        "price": "915",
        "price_per_unit": "693",
        "price_unit": "L"
      },
      {
        "state": "QLD",
        "price": "915",
        "price_per_unit": "693",
        "price_unit": "L"
      },
      {
        "state": "WA",
        "price": "915",
        "price_per_unit": "693",
        "price_unit": "L"
      },
      {
        "state": "SA",
        "price": "915",
        "price_per_unit": "693",
        "price_unit": "L"
      },
      {
        "state": "TAS",
        "price": "870",
        "price_per_unit": "659",
        "price_unit": "L"
      },
      {
        "state": "ACT",
        "price": "915",
        "price_per_unit": "693",
        "price_unit": "L"
      },
      {
        "state": "NT",
        "price": "965",
        "price_per_unit": "731",
        "price_unit": "L"
      }
    ]
  },
  {
    "source_url": "https://www.woolworths.com.au/shop/productdetails/180910/coca-cola-vanilla-soft-drink-bottle",
    "name": "Coca-Cola Vanilla Soft Drink Bottle 600ml",
    "image_url": "https://cdn1.woolworths.media/content/wowproductimages/large/180910.jpg",
    "source_id": "Woolworths - 180910",
    "barcode": "9300675020589",
    "category_id": "1_5AF3A0A",
    "shop": "Woolworths",
    "weight": "1L",
    "prices": [
      {
        "state": "NSW",
        "price": "425",
        "price_per_unit": "708",
        "price_unit": "L"
      },
      {
        "state": "VIC",
        "price": "425",
        "price_per_unit": "708",
        "price_unit": "L"
      },
      {
        "state": "QLD",
        "price": "425",
        "price_per_unit": "708",
        "price_unit": "L"
      },
      {
        "state": "WA",
        "price": "425",
        "price_per_unit": "708",
        "price_unit": "L"
      },
      {
        "state": "SA",
        "price": "425",
        "price_per_unit": "708",
        "price_unit": "L"
      },
      {
        "state": "TAS",
        "price": "395",
        "price_per_unit": "658",
        "price_unit": "L"
      },
      {
        "state": "ACT",
        "price": "425",
        "price_per_unit": "708",
        "price_unit": "L"
      },
      {
        "state": "NT",
        "price": "450",
        "price_per_unit": "750",
        "price_unit": "L"
      }
    ]
  },
  {
    "source_url": "https://www.woolworths.com.au/shop/productdetails/623034/coca-cola-zero-sugar-soft-drink-bottle",
    "name": "Coca-Cola Zero Sugar Soft Drink Bottle 1.25L",
    "image_url": "https://cdn1.woolworths.media/content/wowproductimages/large/623034.jpg",
    "source_id": "Woolworths - 623034",
    "barcode": "9300675079488",
    "category_id": "1_5AF3A0A",
    "shop": "Woolworths",
    "weight": "1L",
    "prices": [
      {
        "state": "NSW",
        "price": "385",
        "price_per_unit": "308",
        "price_unit": "L"
      },
      {
        "state": "VIC",
        "price": "385",
        "price_per_unit": "308",
        "price_unit": "L"
      },
      {
        "state": "QLD",
        "price": "385",
        "price_per_unit": "308",
        "price_unit": "L"
      },
      {
        "state": "WA",
        "price": "385",
        "price_per_unit": "308",
        "price_unit": "L"
      },
      {
        "state": "SA",
        "price": "385",
        "price_per_unit": "308",
        "price_unit": "L"
      },
      {
        "state": "TAS",
        "price": "375",
        "price_per_unit": "300",
        "price_unit": "L"
      },
      {
        "state": "ACT",
        "price": "385",
        "price_per_unit": "308",
        "price_unit": "L"
      },
      {
        "state": "NT",
        "price": "405",
        "price_per_unit": "324",
        "price_unit": "L"
      }
    ]
  },
  {
    "source_url": "https://www.woolworths.com.au/shop/productdetails/672966/coca-cola-zero-sugar-soft-drink-bottle",
    "name": "Coca-Cola Zero Sugar Soft Drink Bottle 2L",
    "image_url": "https://cdn1.woolworths.media/content/wowproductimages/large/672966.jpg",
    "source_id": "Woolworths - 672966",
    "barcode": "9300675079501",
    "category_id": "1_5AF3A0A",
    "shop": "Woolworths",
    "weight": "1L",
    "prices": [
      {
        "state": "NSW",
        "price": "390",
        "price_per_unit": "195",
        "price_unit": "L"
      },
      {
        "state": "VIC",
        "price": "390",
        "price_per_unit": "195",
        "price_unit": "L"
      },
      {
        "state": "QLD",
        "price": "390",
        "price_per_unit": "195",
        "price_unit": "L"
      },
      {
        "state": "WA",
        "price": "390",
        "price_per_unit": "195",
        "price_unit": "L"
      },
      {
        "state": "SA",
        "price": "390",
        "price_per_unit": "195",
        "price_unit": "L"
      },
      {
        "state": "TAS",
        "price": "385",
        "price_per_unit": "193",
        "price_unit": "L"
      },
      {
        "state": "ACT",
        "price": "390",
        "price_per_unit": "195",
        "price_unit": "L"
      },
      {
        "state": "NT",
        "price": "390",
        "price_per_unit": "195",
        "price_unit": "L"
      }
    ]
  },
  {
    "source_url": "https://www.woolworths.com.au/shop/productdetails/623033/coca-cola-zero-sugar-soft-drink-bottle",
    "name": "Coca-Cola Zero Sugar Soft Drink Bottle 600mL",
    "image_url": "https://cdn1.woolworths.media/content/wowproductimages/large/623033.jpg",
    "source_id": "Woolworths - 623033",
    "barcode": "9300675079464",
    "category_id": "1_5AF3A0A",
    "shop": "Woolworths",
    "weight": "1L",
    "prices": [
      {
        "state": "NSW",
        "price": "425",
        "price_per_unit": "708",
        "price_unit": "L"
      },
      {
        "state": "VIC",
        "price": "425",
        "price_per_unit": "708",
        "price_unit": "L"
      },
      {
        "state": "QLD",
        "price": "425",
        "price_per_unit": "708",
        "price_unit": "L"
      },
      {
        "state": "WA",
        "price": "425",
        "price_per_unit": "708",
        "price_unit": "L"
      },
      {
        "state": "SA",
        "price": "425",
        "price_per_unit": "708",
        "price_unit": "L"
      },
      {
        "state": "TAS",
        "price": "395",
        "price_per_unit": "658",
        "price_unit": "L"
      },
      {
        "state": "ACT",
        "price": "425",
        "price_per_unit": "708",
        "price_unit": "L"
      },
      {
        "state": "NT",
        "price": "450",
        "price_per_unit": "750",
        "price_unit": "L"
      }
    ]
  },
  {
    "source_url": "https://www.woolworths.com.au/shop/productdetails/679122/coca-cola-zero-sugar-soft-drink-mini-bottles",
    "name": "Coca-Cola Zero Sugar Soft Drink Mini Bottles 12 x 300ml",
    "image_url": "https://cdn1.woolworths.media/content/wowproductimages/large/679122.jpg",
    "source_id": "Woolworths - 679122",
    "barcode": "9300675084581",
    "category_id": "1_5AF3A0A",
    "shop": "Woolworths",
    "weight": "1L",
    "prices": [
      {
        "state": "NSW",
        "price": "1140",
        "price_per_unit": "317",
        "price_unit": "L"
      },
      {
        "state": "VIC",
        "price": "1140",
        "price_per_unit": "317",
        "price_unit": "L"
      },
      {
        "state": "QLD",
        "price": "1140",
        "price_per_unit": "317",
        "price_unit": "L"
      },
      {
        "state": "WA",
        "price": "1140",
        "price_per_unit": "317",
        "price_unit": "L"
      },
      {
        "state": "SA",
        "price": "1140",
        "price_per_unit": "317",
        "price_unit": "L"
      },
      {
        "state": "TAS",
        "price": "1110",
        "price_per_unit": "308",
        "price_unit": "L"
      },
      {
        "state": "ACT",
        "price": "1140",
        "price_per_unit": "317",
        "price_unit": "L"
      },
      {
        "state": "NT",
        "price": "1140",
        "price_per_unit": "317",
        "price_unit": "L"
      }
    ]
  },
  {
    "source_url": "https://www.woolworths.com.au/shop/productdetails/803079/coca-cola-zero-sugar-vanilla-soft-drink-bottle",
    "name": "Coca-Cola Zero Sugar Vanilla Soft Drink Bottle 600mL",
    "image_url": "https://cdn1.woolworths.media/content/wowproductimages/large/803079.jpg",
    "source_id": "Woolworths - 803079",
    "barcode": "9300675085458",
    "category_id": "1_5AF3A0A",
    "shop": "Woolworths",
    "weight": "1L",
    "prices": [
      {
        "state": "NSW",
        "price": "425",
        "price_per_unit": "708",
        "price_unit": "L"
      },
      {
        "state": "VIC",
        "price": "425",
        "price_per_unit": "708",
        "price_unit": "L"
      },
      {
        "state": "QLD",
        "price": "425",
        "price_per_unit": "708",
        "price_unit": "L"
      },
      {
        "state": "WA",
        "price": "425",
        "price_per_unit": "708",
        "price_unit": "L"
      },
      {
        "state": "TAS",
        "price": "395",
        "price_per_unit": "658",
        "price_unit": "L"
      },
      {
        "state": "ACT",
        "price": "425",
        "price_per_unit": "708",
        "price_unit": "L"
      },
      {
        "state": "NT",
        "price": "450",
        "price_per_unit": "750",
        "price_unit": "L"
      }
    ]
  },
  {
    "source_url": "https://www.woolworths.com.au/shop/productdetails/140092/kirks-creaming-soda-soft-drink-bottle",
    "name": "Kirks Creaming Soda Soft Drink Bottle 1.25l",
    "image_url": "https://cdn1.woolworths.media/content/wowproductimages/large/140092.jpg",
    "source_id": "Woolworths - 140092",
    "barcode": "9300624008279",
    "category_id": "1_5AF3A0A",
    "shop": "Woolworths",
    "weight": "1L",
    "prices": [
      {
        "state": "NSW",
        "price": "160",
        "price_per_unit": "128",
        "price_unit": "L"
      },
      {
        "state": "VIC",
        "price": "160",
        "price_per_unit": "128",
        "price_unit": "L"
      },
      {
        "state": "QLD",
        "price": "160",
        "price_per_unit": "128",
        "price_unit": "L"
      },
      {
        "state": "WA",
        "price": "160",
        "price_per_unit": "128",
        "price_unit": "L"
      },
      {
        "state": "SA",
        "price": "160",
        "price_per_unit": "128",
        "price_unit": "L"
      },
      {
        "state": "TAS",
        "price": "155",
        "price_per_unit": "124",
        "price_unit": "L"
      },
      {
        "state": "ACT",
        "price": "160",
        "price_per_unit": "128",
        "price_unit": "L"
      },
      {
        "state": "NT",
        "price": "170",
        "price_per_unit": "136",
        "price_unit": "L"
      }
    ]
  },
  {
    "source_url": "https://www.woolworths.com.au/shop/productdetails/140090/kirks-pasito-soft-drink-bottle",
    "name": "Kirks Pasito Soft Drink Bottle 1.25l",
    "image_url": "https://cdn1.woolworths.media/content/wowproductimages/large/140090.jpg",
    "source_id": "Woolworths - 140090",
    "barcode": "9300624402138",
    "category_id": "1_5AF3A0A",
    "shop": "Woolworths",
    "weight": "1L",
    "prices": [
      {
        "state": "NSW",
        "price": "160",
        "price_per_unit": "128",
        "price_unit": "L"
      },
      {
        "state": "VIC",
        "price": "160",
        "price_per_unit": "128",
        "price_unit": "L"
      },
      {
        "state": "QLD",
        "price": "160",
        "price_per_unit": "128",
        "price_unit": "L"
      },
      {
        "state": "WA",
        "price": "160",
        "price_per_unit": "128",
        "price_unit": "L"
      },
      {
        "state": "SA",
        "price": "160",
        "price_per_unit": "128",
        "price_unit": "L"
      },
      {
        "state": "TAS",
        "price": "155",
        "price_per_unit": "124",
        "price_unit": "L"
      },
      {
        "state": "ACT",
        "price": "160",
        "price_per_unit": "128",
        "price_unit": "L"
      },
      {
        "state": "NT",
        "price": "170",
        "price_per_unit": "136",
        "price_unit": "L"
      }
    ]
  },
  {
    "source_url": "https://www.woolworths.com.au/shop/productdetails/727383/mountain-dew-energised-soft-drink-bottle",
    "name": "Mountain Dew Energised Soft Drink Bottle 1.25l",
    "image_url": "https://cdn1.woolworths.media/content/wowproductimages/large/727383.jpg",
    "source_id": "Woolworths - 727383",
    "barcode": "9313820001784",
    "category_id": "1_5AF3A0A",
    "shop": "Woolworths",
    "weight": "1L",
    "prices": [
      {
        "state": "NSW",
        "price": "180",
        "price_per_unit": "144",
        "price_unit": "L"
      },
      {
        "state": "VIC",
        "price": "180",
        "price_per_unit": "144",
        "price_unit": "L"
      },
      {
        "state": "QLD",
        "price": "180",
        "price_per_unit": "144",
        "price_unit": "L"
      },
      {
        "state": "WA",
        "price": "180",
        "price_per_unit": "144",
        "price_unit": "L"
      },
      {
        "state": "SA",
        "price": "180",
        "price_per_unit": "144",
        "price_unit": "L"
      },
      {
        "state": "ACT",
        "price": "180",
        "price_per_unit": "144",
        "price_unit": "L"
      },
      {
        "state": "NT",
        "price": "180",
        "price_per_unit": "144",
        "price_unit": "L"
      }
    ]
  },
  {
    "source_url": "https://www.woolworths.com.au/shop/productdetails/35808/pepsi-cola-soft-drink-bottle",
    "name": "Pepsi Cola Soft Drink Bottle 1.25l",
    "image_url": "https://cdn1.woolworths.media/content/wowproductimages/large/035808.jpg",
    "source_id": "Woolworths - 35808",
    "barcode": "9313820001500",
    "category_id": "1_5AF3A0A",
    "shop": "Woolworths",
    "weight": "1L",
    "prices": [
      {
        "state": "NSW",
        "price": "180",
        "price_per_unit": "144",
        "price_unit": "L"
      },
      {
        "state": "VIC",
        "price": "180",
        "price_per_unit": "144",
        "price_unit": "L"
      },
      {
        "state": "QLD",
        "price": "180",
        "price_per_unit": "144",
        "price_unit": "L"
      },
      {
        "state": "WA",
        "price": "180",
        "price_per_unit": "144",
        "price_unit": "L"
      },
      {
        "state": "SA",
        "price": "180",
        "price_per_unit": "144",
        "price_unit": "L"
      },
      {
        "state": "TAS",
        "price": "170",
        "price_per_unit": "136",
        "price_unit": "L"
      },
      {
        "state": "ACT",
        "price": "180",
        "price_per_unit": "144",
        "price_unit": "L"
      },
      {
        "state": "NT",
        "price": "180",
        "price_per_unit": "144",
        "price_unit": "L"
      }
    ]
  },
  {
    "source_url": "https://www.woolworths.com.au/shop/productdetails/7985/pepsi-max-no-sugar-cola-soft-drink-bottle",
    "name": "Pepsi Max No Sugar Cola Soft Drink Bottle 1.25l",
    "image_url": "https://cdn1.woolworths.media/content/wowproductimages/large/007985.jpg",
    "source_id": "Woolworths - 7985",
    "barcode": "9313820016504",
    "category_id": "1_5AF3A0A",
    "shop": "Woolworths",
    "weight": "1L",
    "prices": [
      {
        "state": "NSW",
        "price": "180",
        "price_per_unit": "144",
        "price_unit": "L"
      },
      {
        "state": "VIC",
        "price": "180",
        "price_per_unit": "144",
        "price_unit": "L"
      },
      {
        "state": "QLD",
        "price": "180",
        "price_per_unit": "144",
        "price_unit": "L"
      },
      {
        "state": "WA",
        "price": "180",
        "price_per_unit": "144",
        "price_unit": "L"
      },
      {
        "state": "SA",
        "price": "180",
        "price_per_unit": "144",
        "price_unit": "L"
      },
      {
        "state": "TAS",
        "price": "170",
        "price_per_unit": "136",
        "price_unit": "L"
      },
      {
        "state": "ACT",
        "price": "180",
        "price_per_unit": "144",
        "price_unit": "L"
      },
      {
        "state": "NT",
        "price": "180",
        "price_per_unit": "144",
        "price_unit": "L"
      }
    ]
  },
  {
    "source_url": "https://www.woolworths.com.au/shop/productdetails/634290/schweppes-lemon-lime-bitters-soft-drink-classic-mixers-bottle",
    "name": "Schweppes Lemon Lime Bitters Soft Drink Classic Mixers Bottle 1.1l",
    "image_url": "https://cdn1.woolworths.media/content/wowproductimages/large/634290.jpg",
    "source_id": "Woolworths - 634290",
    "barcode": "9315596006406",
    "category_id": "1_5AF3A0A",
    "shop": "Woolworths",
    "weight": "1L",
    "prices": [
      {
        "state": "NSW",
        "price": "300",
        "price_per_unit": "273",
        "price_unit": "L"
      },
      {
        "state": "QLD",
        "price": "300",
        "price_per_unit": "273",
        "price_unit": "L"
      },
      {
        "state": "WA",
        "price": "300",
        "price_per_unit": "273",
        "price_unit": "L"
      },
      {
        "state": "SA",
        "price": "300",
        "price_per_unit": "273",
        "price_unit": "L"
      },
      {
        "state": "TAS",
        "price": "285",
        "price_per_unit": "259",
        "price_unit": "L"
      },
      {
        "state": "ACT",
        "price": "300",
        "price_per_unit": "273",
        "price_unit": "L"
      },
      {
        "state": "NT",
        "price": "315",
        "price_per_unit": "286",
        "price_unit": "L"
      }
    ]
  },
  {
    "source_url": "https://www.woolworths.com.au/shop/productdetails/703393/schweppes-lemonade-soft-drink-bottle",
    "name": "Schweppes Lemonade Soft Drink Bottle 1.1l",
    "image_url": "https://cdn1.woolworths.media/content/wowproductimages/large/703393.jpg",
    "source_id": "Woolworths - 703393",
    "barcode": "9315596006840",
    "category_id": "1_5AF3A0A",
    "shop": "Woolworths",
    "weight": "1L",
    "prices": [
      {
        "state": "NSW",
        "price": "300",
        "price_per_unit": "273",
        "price_unit": "L"
      },
      {
        "state": "VIC",
        "price": "300",
        "price_per_unit": "273",
        "price_unit": "L"
      },
      {
        "state": "QLD",
        "price": "300",
        "price_per_unit": "273",
        "price_unit": "L"
      },
      {
        "state": "WA",
        "price": "300",
        "price_per_unit": "273",
        "price_unit": "L"
      },
      {
        "state": "SA",
        "price": "300",
        "price_per_unit": "273",
        "price_unit": "L"
      },
      {
        "state": "TAS",
        "price": "285",
        "price_per_unit": "259",
        "price_unit": "L"
      },
      {
        "state": "ACT",
        "price": "300",
        "price_per_unit": "273",
        "price_unit": "L"
      },
      {
        "state": "NT",
        "price": "315",
        "price_per_unit": "286",
        "price_unit": "L"
      }
    ]
  },
  {
    "source_url": "https://www.woolworths.com.au/shop/productdetails/703402/schweppes-traditional-raspberry-soft-drink-bottle",
    "name": "Schweppes Traditional Raspberry Soft Drink Bottle 1.1l",
    "image_url": "https://cdn1.woolworths.media/content/wowproductimages/large/703402.jpg",
    "source_id": "Woolworths - 703402",
    "barcode": "9315596006888",
    "category_id": "1_5AF3A0A",
    "shop": "Woolworths",
    "weight": "1L",
    "prices": [
      {
        "state": "NSW",
        "price": "300",
        "price_per_unit": "273",
        "price_unit": "L"
      },
      {
        "state": "VIC",
        "price": "300",
        "price_per_unit": "273",
        "price_unit": "L"
      },
      {
        "state": "QLD",
        "price": "300",
        "price_per_unit": "273",
        "price_unit": "L"
      },
      {
        "state": "WA",
        "price": "300",
        "price_per_unit": "273",
        "price_unit": "L"
      },
      {
        "state": "SA",
        "price": "300",
        "price_per_unit": "273",
        "price_unit": "L"
      },
      {
        "state": "TAS",
        "price": "285",
        "price_per_unit": "259",
        "price_unit": "L"
      },
      {
        "state": "NT",
        "price": "315",
        "price_per_unit": "286",
        "price_unit": "L"
      }
    ]
  },
  {
    "source_url": "https://www.woolworths.com.au/shop/productdetails/6000228/solo-lemon-pineapple-flavour-zero-sugar",
    "name": "Solo Lemon Pineapple Flavour Zero Sugar 1.25L",
    "image_url": "https://cdn1.woolworths.media/content/wowproductimages/large/6000228.jpg",
    "source_id": "Woolworths - 6000228",
    "barcode": "9315596009407",
    "category_id": "1_5AF3A0A",
    "shop": "Woolworths",
    "weight": "1L",
    "prices": [
      {
        "state": "NSW",
        "price": "180",
        "price_per_unit": "144",
        "price_unit": "L"
      },
      {
        "state": "VIC",
        "price": "180",
        "price_per_unit": "144",
        "price_unit": "L"
      },
      {
        "state": "QLD",
        "price": "180",
        "price_per_unit": "144",
        "price_unit": "L"
      },
      {
        "state": "WA",
        "price": "180",
        "price_per_unit": "144",
        "price_unit": "L"
      },
      {
        "state": "SA",
        "price": "180",
        "price_per_unit": "144",
        "price_unit": "L"
      },
      {
        "state": "TAS",
        "price": "170",
        "price_per_unit": "136",
        "price_unit": "L"
      },
      {
        "state": "ACT",
        "price": "180",
        "price_per_unit": "144",
        "price_unit": "L"
      },
      {
        "state": "NT",
        "price": "180",
        "price_per_unit": "144",
        "price_unit": "L"
      }
    ]
  },
  {
    "source_url": "https://www.woolworths.com.au/shop/productdetails/32673/solo-thirst-crusher-original-lemon-soft-drink-bottle",
    "name": "Solo Thirst Crusher Original Lemon Soft Drink Bottle 1.25l",
    "image_url": "https://cdn1.woolworths.media/content/wowproductimages/large/032673.jpg",
    "source_id": "Woolworths - 32673",
    "barcode": "9300617006992",
    "category_id": "1_5AF3A0A",
    "shop": "Woolworths",
    "weight": "1L",
    "prices": [
      {
        "state": "NSW",
        "price": "180",
        "price_per_unit": "144",
        "price_unit": "L"
      },
      {
        "state": "VIC",
        "price": "180",
        "price_per_unit": "144",
        "price_unit": "L"
      },
      {
        "state": "QLD",
        "price": "180",
        "price_per_unit": "144",
        "price_unit": "L"
      },
      {
        "state": "WA",
        "price": "180",
        "price_per_unit": "144",
        "price_unit": "L"
      },
      {
        "state": "SA",
        "price": "180",
        "price_per_unit": "144",
        "price_unit": "L"
      },
      {
        "state": "TAS",
        "price": "170",
        "price_per_unit": "136",
        "price_unit": "L"
      },
      {
        "state": "ACT",
        "price": "180",
        "price_per_unit": "144",
        "price_unit": "L"
      },
      {
        "state": "NT",
        "price": "180",
        "price_per_unit": "144",
        "price_unit": "L"
      }
    ]
  },
  {
    "source_url": "https://www.woolworths.com.au/shop/productdetails/36171/solo-zero-sugar-original-lemon-soft-drink-bottle",
    "name": "Solo Zero Sugar Original Lemon Soft Drink Bottle 600ml",
    "image_url": "https://cdn1.woolworths.media/content/wowproductimages/large/036171.jpg",
    "source_id": "Woolworths - 36171",
    "barcode": "9315596007434",
    "category_id": "1_5AF3A0A",
    "shop": "Woolworths",
    "weight": "1L",
    "prices": [
      {
        "state": "NSW",
        "price": "395",
        "price_per_unit": "658",
        "price_unit": "L"
      },
      {
        "state": "VIC",
        "price": "395",
        "price_per_unit": "658",
        "price_unit": "L"
      },
      {
        "state": "QLD",
        "price": "395",
        "price_per_unit": "658",
        "price_unit": "L"
      },
      {
        "state": "WA",
        "price": "395",
        "price_per_unit": "658",
        "price_unit": "L"
      },
      {
        "state": "SA",
        "price": "395",
        "price_per_unit": "658",
        "price_unit": "L"
      },
      {
        "state": "TAS",
        "price": "380",
        "price_per_unit": "633",
        "price_unit": "L"
      },
      {
        "state": "ACT",
        "price": "395",
        "price_per_unit": "658",
        "price_unit": "L"
      },
      {
        "state": "NT",
        "price": "395",
        "price_per_unit": "658",
        "price_unit": "L"
      }
    ]
  },
  {
    "source_url": "https://www.woolworths.com.au/shop/productdetails/95325/sprite-lemonade-soft-drink-bottle",
    "name": "Sprite Lemonade Soft Drink Bottle 1.25l",
    "image_url": "https://cdn1.woolworths.media/content/wowproductimages/large/095325.jpg",
    "source_id": "Woolworths - 95325",
    "barcode": "9300675008013",
    "category_id": "1_5AF3A0A",
    "shop": "Woolworths",
    "weight": "1L",
    "prices": [
      {
        "state": "NSW",
        "price": "385",
        "price_per_unit": "308",
        "price_unit": "L"
      },
      {
        "state": "VIC",
        "price": "385",
        "price_per_unit": "308",
        "price_unit": "L"
      },
      {
        "state": "QLD",
        "price": "385",
        "price_per_unit": "308",
        "price_unit": "L"
      },
      {
        "state": "WA",
        "price": "385",
        "price_per_unit": "308",
        "price_unit": "L"
      },
      {
        "state": "SA",
        "price": "385",
        "price_per_unit": "308",
        "price_unit": "L"
      },
      {
        "state": "TAS",
        "price": "375",
        "price_per_unit": "300",
        "price_unit": "L"
      },
      {
        "state": "ACT",
        "price": "385",
        "price_per_unit": "308",
        "price_unit": "L"
      },
      {
        "state": "NT",
        "price": "405",
        "price_per_unit": "324",
        "price_unit": "L"
      }
    ]
  },
  {
    "source_url": "https://www.woolworths.com.au/shop/productdetails/62170/sprite-zero-sugar-lemonade-soft-drink-bottle",
    "name": "Sprite Zero Sugar Lemonade Soft Drink Bottle 1.25l",
    "image_url": "https://cdn1.woolworths.media/content/wowproductimages/large/062170.jpg",
    "source_id": "Woolworths - 62170",
    "barcode": "9300675087063",
    "category_id": "1_5AF3A0A",
    "shop": "Woolworths",
    "weight": "1L",
    "prices": [
      {
        "state": "NSW",
        "price": "385",
        "price_per_unit": "308",
        "price_unit": "L"
      },
      {
        "state": "VIC",
        "price": "385",
        "price_per_unit": "308",
        "price_unit": "L"
      },
      {
        "state": "QLD",
        "price": "385",
        "price_per_unit": "308",
        "price_unit": "L"
      },
      {
        "state": "WA",
        "price": "385",
        "price_per_unit": "308",
        "price_unit": "L"
      },
      {
        "state": "SA",
        "price": "385",
        "price_per_unit": "308",
        "price_unit": "L"
      },
      {
        "state": "TAS",
        "price": "375",
        "price_per_unit": "300",
        "price_unit": "L"
      },
      {
        "state": "ACT",
        "price": "385",
        "price_per_unit": "308",
        "price_unit": "L"
      }
    ]
  },
  {
    "source_url": "https://www.woolworths.com.au/shop/productdetails/749803/v8-apple-berry-juice-multipack",
    "name": "V8 Apple Berry Juice Multipack 3 x 250ml",
    "image_url": "https://cdn1.woolworths.media/content/wowproductimages/large/749803.jpg",
    "source_id": "Woolworths - 749803",
    "barcode": "9300644703079",
    "category_id": "1_5AF3A0A",
    "shop": "Woolworths",
    "weight": "1L",
    "prices": [
      {
        "state": "NSW",
        "price": "400",
        "price_per_unit": "533",
        "price_unit": "L"
      },
      {
        "state": "SA",
        "price": "400",
        "price_per_unit": "533",
        "price_unit": "L"
      },
      {
        "state": "ACT",
        "price": "400",
        "price_per_unit": "533",
        "price_unit": "L"
      },
      {
        "state": "NT",
        "price": "400",
        "price_per_unit": "533",
        "price_unit": "L"
      }
    ]
  },
  {
    "source_url": "https://www.woolworths.com.au/shop/productdetails/756022/woolworths-cola-bottle",
    "name": "Woolworths Cola Bottle 1.25l",
    "image_url": "https://cdn1.woolworths.media/content/wowproductimages/large/756022.jpg",
    "source_id": "Woolworths - 756022",
    "barcode": "9300633417574",
    "category_id": "1_5AF3A0A",
    "shop": "Woolworths",
    "weight": "1L",
    "prices": [
      {
        "state": "NSW",
        "price": "130",
        "price_per_unit": "104",
        "price_unit": "L"
      },
      {
        "state": "VIC",
        "price": "130",
        "price_per_unit": "104",
        "price_unit": "L"
      },
      {
        "state": "QLD",
        "price": "130",
        "price_per_unit": "104",
        "price_unit": "L"
      },
      {
        "state": "WA",
        "price": "130",
        "price_per_unit": "104",
        "price_unit": "L"
      },
      {
        "state": "SA",
        "price": "130",
        "price_per_unit": "104",
        "price_unit": "L"
      },
      {
        "state": "TAS",
        "price": "130",
        "price_per_unit": "104",
        "price_unit": "L"
      },
      {
        "state": "ACT",
        "price": "130",
        "price_per_unit": "104",
        "price_unit": "L"
      },
      {
        "state": "NT",
        "price": "130",
        "price_per_unit": "104",
        "price_unit": "L"
      }
    ]
  },
  {
    "source_url": "https://www.woolworths.com.au/shop/productdetails/756023/woolworths-cola-sugar-zero-bottle",
    "name": "Woolworths Cola Sugar Zero Bottle 1.25l",
    "image_url": "https://cdn1.woolworths.media/content/wowproductimages/large/756023.jpg",
    "source_id": "Woolworths - 756023",
    "barcode": "9300633417581",
    "category_id": "1_5AF3A0A",
    "shop": "Woolworths",
    "weight": "1L",
    "prices": [
      {
        "state": "NSW",
        "price": "130",
        "price_per_unit": "104",
        "price_unit": "L"
      },
      {
        "state": "VIC",
        "price": "130",
        "price_per_unit": "104",
        "price_unit": "L"
      },
      {
        "state": "QLD",
        "price": "130",
        "price_per_unit": "104",
        "price_unit": "L"
      },
      {
        "state": "WA",
        "price": "130",
        "price_per_unit": "104",
        "price_unit": "L"
      },
      {
        "state": "SA",
        "price": "130",
        "price_per_unit": "104",
        "price_unit": "L"
      },
      {
        "state": "TAS",
        "price": "130",
        "price_per_unit": "104",
        "price_unit": "L"
      },
      {
        "state": "ACT",
        "price": "130",
        "price_per_unit": "104",
        "price_unit": "L"
      },
      {
        "state": "NT",
        "price": "130",
        "price_per_unit": "104",
        "price_unit": "L"
      }
    ]
  },
  {
    "source_url": "https://www.woolworths.com.au/shop/productdetails/333339/woolworths-lemonade-bottle",
    "name": "Woolworths Lemonade Bottle 1.25l",
    "image_url": "https://cdn1.woolworths.media/content/wowproductimages/large/333339.jpg",
    "source_id": "Woolworths - 333339",
    "barcode": "9300633999285",
    "category_id": "1_5AF3A0A",
    "shop": "Woolworths",
    "weight": "1L",
    "prices": [
      {
        "state": "NSW",
        "price": "130",
        "price_per_unit": "104",
        "price_unit": "L"
      },
      {
        "state": "VIC",
        "price": "130",
        "price_per_unit": "104",
        "price_unit": "L"
      },
      {
        "state": "QLD",
        "price": "130",
        "price_per_unit": "104",
        "price_unit": "L"
      },
      {
        "state": "WA",
        "price": "130",
        "price_per_unit": "104",
        "price_unit": "L"
      },
      {
        "state": "SA",
        "price": "130",
        "price_per_unit": "104",
        "price_unit": "L"
      },
      {
        "state": "TAS",
        "price": "130",
        "price_per_unit": "104",
        "price_unit": "L"
      },
      {
        "state": "ACT",
        "price": "130",
        "price_per_unit": "104",
        "price_unit": "L"
      },
      {
        "state": "NT",
        "price": "130",
        "price_per_unit": "104",
        "price_unit": "L"
      }
    ]
  },
  {
    "source_url": "https://www.woolworths.com.au/shop/productdetails/756025/woolworths-lemonade-zero-sugar-bottle",
    "name": "Woolworths Lemonade Zero Sugar Bottle 1.25l",
    "image_url": "https://cdn1.woolworths.media/content/wowproductimages/large/756025.jpg",
    "source_id": "Woolworths - 756025",
    "barcode": "9300633417604",
    "category_id": "1_5AF3A0A",
    "shop": "Woolworths",
    "weight": "1L",
    "prices": [
      {
        "state": "NSW",
        "price": "130",
        "price_per_unit": "104",
        "price_unit": "L"
      },
      {
        "state": "VIC",
        "price": "130",
        "price_per_unit": "104",
        "price_unit": "L"
      },
      {
        "state": "QLD",
        "price": "130",
        "price_per_unit": "104",
        "price_unit": "L"
      },
      {
        "state": "WA",
        "price": "130",
        "price_per_unit": "104",
        "price_unit": "L"
      },
      {
        "state": "SA",
        "price": "130",
        "price_per_unit": "104",
        "price_unit": "L"
      },
      {
        "state": "TAS",
        "price": "130",
        "price_per_unit": "104",
        "price_unit": "L"
      },
      {
        "state": "ACT",
        "price": "130",
        "price_per_unit": "104",
        "price_unit": "L"
      },
      {
        "state": "NT",
        "price": "130",
        "price_per_unit": "104",
        "price_unit": "L"
      }
    ]
  },
  {
    "source_url": "https://www.woolworths.com.au/shop/productdetails/886806/bundaberg-burgundee-creaming-soda",
    "name": "Bundaberg Burgundee Creaming Soda 375ml x4 Pack",
    "image_url": "https://cdn1.woolworths.media/content/wowproductimages/large/886806.jpg",
    "source_id": "Woolworths - 886806",
    "barcode": "9311493002497",
    "category_id": "1_5AF3A0A",
    "shop": "Woolworths",
    "weight": "1L",
    "prices": [
      {
        "state": "VIC",
        "price": "735",
        "price_per_unit": "490",
        "price_unit": "L"
      },
      {
        "state": "QLD",
        "price": "745",
        "price_per_unit": "497",
        "price_unit": "L"
      },
      {
        "state": "WA",
        "price": "745",
        "price_per_unit": "497",
        "price_unit": "L"
      },
      {
        "state": "SA",
        "price": "745",
        "price_per_unit": "497",
        "price_unit": "L"
      },
      {
        "state": "TAS",
        "price": "675",
        "price_per_unit": "450",
        "price_unit": "L"
      },
      {
        "state": "ACT",
        "price": "745",
        "price_per_unit": "497",
        "price_unit": "L"
      },
      {
        "state": "NT",
        "price": "780",
        "price_per_unit": "520",
        "price_unit": "L"
      }
    ]
  },
  {
    "source_url": "https://www.woolworths.com.au/shop/productdetails/886838/bundaberg-diet-ginger-beer",
    "name": "Bundaberg Diet Ginger Beer 375ml x10 Pack",
    "image_url": "https://cdn1.woolworths.media/content/wowproductimages/large/886838.jpg",
    "source_id": "Woolworths - 886838",
    "barcode": "9311493002800",
    "category_id": "1_5AF3A0A",
    "shop": "Woolworths",
    "weight": "1L",
    "prices": [
      {
        "state": "VIC",
        "price": "1250",
        "price_per_unit": "333",
        "price_unit": "L"
      },
      {
        "state": "QLD",
        "price": "1250",
        "price_per_unit": "333",
        "price_unit": "L"
      },
      {
        "state": "WA",
        "price": "1250",
        "price_per_unit": "333",
        "price_unit": "L"
      },
      {
        "state": "SA",
        "price": "1250",
        "price_per_unit": "333",
        "price_unit": "L"
      },
      {
        "state": "TAS",
        "price": "1150",
        "price_per_unit": "307",
        "price_unit": "L"
      },
      {
        "state": "ACT",
        "price": "1250",
        "price_per_unit": "333",
        "price_unit": "L"
      },
      {
        "state": "NT",
        "price": "1250",
        "price_per_unit": "333",
        "price_unit": "L"
      }
    ]
  },
  {
    "source_url": "https://www.woolworths.com.au/shop/productdetails/886811/bundaberg-diet-sarsaparilla",
    "name": "Bundaberg Diet Sarsaparilla 375ml x4 Pack",
    "image_url": "https://cdn1.woolworths.media/content/wowproductimages/large/886811.jpg",
    "source_id": "Woolworths - 886811",
    "barcode": "9311493002473",
    "category_id": "1_5AF3A0A",
    "shop": "Woolworths",
    "weight": "1L",
    "prices": [
      {
        "state": "VIC",
        "price": "735",
        "price_per_unit": "490",
        "price_unit": "L"
      },
      {
        "state": "QLD",
        "price": "745",
        "price_per_unit": "497",
        "price_unit": "L"
      },
      {
        "state": "WA",
        "price": "745",
        "price_per_unit": "497",
        "price_unit": "L"
      },
      {
        "state": "SA",
        "price": "745",
        "price_per_unit": "497",
        "price_unit": "L"
      },
      {
        "state": "ACT",
        "price": "745",
        "price_per_unit": "497",
        "price_unit": "L"
      },
      {
        "state": "NT",
        "price": "745",
        "price_per_unit": "497",
        "price_unit": "L"
      }
    ]
  },
  {
    "source_url": "https://www.woolworths.com.au/shop/productdetails/137848/coca-cola-caffeine-free-zero-sugar-soft-drink-bottle",
    "name": "Coca-Cola Caffeine Free Zero Sugar Soft Drink Bottle 1.25L",
    "image_url": "https://cdn1.woolworths.media/content/wowproductimages/large/137848.jpg",
    "source_id": "Woolworths - 137848",
    "barcode": "9300675089883",
    "category_id": "1_5AF3A0A",
    "shop": "Woolworths",
    "weight": "1L",
    "prices": [
      {
        "state": "VIC",
        "price": "385",
        "price_per_unit": "308",
        "price_unit": "L"
      },
      {
        "state": "QLD",
        "price": "385",
        "price_per_unit": "308",
        "price_unit": "L"
      },
      {
        "state": "WA",
        "price": "385",
        "price_per_unit": "308",
        "price_unit": "L"
      },
      {
        "state": "SA",
        "price": "385",
        "price_per_unit": "308",
        "price_unit": "L"
      },
      {
        "state": "TAS",
        "price": "375",
        "price_per_unit": "300",
        "price_unit": "L"
      },
      {
        "state": "ACT",
        "price": "385",
        "price_per_unit": "308",
        "price_unit": "L"
      },
      {
        "state": "NT",
        "price": "405",
        "price_per_unit": "324",
        "price_unit": "L"
      }
    ]
  },
  {
    "source_url": "https://www.woolworths.com.au/shop/productdetails/94493/coca-cola-diet-soft-drink-bottle",
    "name": "Coca-Cola Diet Soft Drink Bottle 1.25l",
    "image_url": "https://cdn1.woolworths.media/content/wowproductimages/large/094493.jpg",
    "source_id": "Woolworths - 94493",
    "barcode": "9300675011037",
    "category_id": "1_5AF3A0A",
    "shop": "Woolworths",
    "weight": "1L",
    "prices": [
      {
        "state": "VIC",
        "price": "385",
        "price_per_unit": "308",
        "price_unit": "L"
      },
      {
        "state": "QLD",
        "price": "385",
        "price_per_unit": "308",
        "price_unit": "L"
      },
      {
        "state": "WA",
        "price": "385",
        "price_per_unit": "308",
        "price_unit": "L"
      },
      {
        "state": "SA",
        "price": "385",
        "price_per_unit": "308",
        "price_unit": "L"
      },
      {
        "state": "TAS",
        "price": "375",
        "price_per_unit": "300",
        "price_unit": "L"
      },
      {
        "state": "ACT",
        "price": "385",
        "price_per_unit": "308",
        "price_unit": "L"
      },
      {
        "state": "NT",
        "price": "405",
        "price_per_unit": "324",
        "price_unit": "L"
      }
    ]
  },
  {
    "source_url": "https://www.woolworths.com.au/shop/productdetails/924581/coca-cola-lime-flavour",
    "name": "Coca-Cola Lime Flavour 1.25l",
    "image_url": "https://cdn1.woolworths.media/content/wowproductimages/large/924581.jpg",
    "source_id": "Woolworths - 924581",
    "barcode": "9300675095686",
    "category_id": "1_5AF3A0A",
    "shop": "Woolworths",
    "weight": "1L",
    "prices": [
      {
        "state": "VIC",
        "price": "385",
        "price_per_unit": "308",
        "price_unit": "L"
      },
      {
        "state": "QLD",
        "price": "385",
        "price_per_unit": "308",
        "price_unit": "L"
      },
      {
        "state": "SA",
        "price": "385",
        "price_per_unit": "308",
        "price_unit": "L"
      },
      {
        "state": "TAS",
        "price": "375",
        "price_per_unit": "300",
        "price_unit": "L"
      },
      {
        "state": "NT",
        "price": "405",
        "price_per_unit": "324",
        "price_unit": "L"
      }
    ]
  },
  {
    "source_url": "https://www.woolworths.com.au/shop/productdetails/610362/coca-cola-lime-zero-sugar",
    "name": "Coca-Cola Lime Zero Sugar 1.2l",
    "image_url": "https://cdn1.woolworths.media/content/wowproductimages/large/610362.jpg",
    "source_id": "Woolworths - 610362",
    "barcode": "9300675094986",
    "category_id": "1_5AF3A0A",
    "shop": "Woolworths",
    "weight": "1L",
    "prices": [
      {
        "state": "VIC",
        "price": "385",
        "price_per_unit": "308",
        "price_unit": "L"
      },
      {
        "state": "QLD",
        "price": "385",
        "price_per_unit": "308",
        "price_unit": "L"
      },
      {
        "state": "WA",
        "price": "385",
        "price_per_unit": "308",
        "price_unit": "L"
      },
      {
        "state": "SA",
        "price": "385",
        "price_per_unit": "308",
        "price_unit": "L"
      },
      {
        "state": "TAS",
        "price": "375",
        "price_per_unit": "300",
        "price_unit": "L"
      },
      {
        "state": "ACT",
        "price": "385",
        "price_per_unit": "308",
        "price_unit": "L"
      },
      {
        "state": "NT",
        "price": "405",
        "price_per_unit": "324",
        "price_unit": "L"
      }
    ]
  },
  {
    "source_url": "https://www.woolworths.com.au/shop/productdetails/595797/coca-cola-raspberry-zero-sugar-bottles",
    "name": "Coca-Cola Raspberry Zero Sugar Bottles 300ml x 12 Pack",
    "image_url": "https://cdn1.woolworths.media/content/wowproductimages/large/595797.jpg",
    "source_id": "Woolworths - 595797",
    "barcode": "9300675094429",
    "category_id": "1_5AF3A0A",
    "shop": "Woolworths",
    "weight": "1L",
    "prices": [
      {
        "state": "VIC",
        "price": "1140",
        "price_per_unit": "317",
        "price_unit": "L"
      },
      {
        "state": "WA",
        "price": "1140",
        "price_per_unit": "317",
        "price_unit": "L"
      },
      {
        "state": "SA",
        "price": "1140",
        "price_per_unit": "317",
        "price_unit": "L"
      },
      {
        "state": "NT",
        "price": "1140",
        "price_per_unit": "317",
        "price_unit": "L"
      }
    ]
  },
  {
    "source_url": "https://www.woolworths.com.au/shop/productdetails/180941/coca-cola-vanilla-soft-drink-bottle-bottle",
    "name": "Coca-Cola Vanilla Soft Drink Bottle 1.25l",
    "image_url": "https://cdn1.woolworths.media/content/wowproductimages/large/180941.jpg",
    "source_id": "Woolworths - 180941",
    "barcode": "9300675020961",
    "category_id": "1_5AF3A0A",
    "shop": "Woolworths",
    "weight": "1L",
    "prices": [
      {
        "state": "VIC",
        "price": "385",
        "price_per_unit": "308",
        "price_unit": "L"
      },
      {
        "state": "QLD",
        "price": "385",
        "price_per_unit": "308",
        "price_unit": "L"
      },
      {
        "state": "WA",
        "price": "385",
        "price_per_unit": "308",
        "price_unit": "L"
      },
      {
        "state": "SA",
        "price": "385",
        "price_per_unit": "308",
        "price_unit": "L"
      },
      {
        "state": "TAS",
        "price": "375",
        "price_per_unit": "300",
        "price_unit": "L"
      },
      {
        "state": "ACT",
        "price": "385",
        "price_per_unit": "308",
        "price_unit": "L"
      },
      {
        "state": "NT",
        "price": "405",
        "price_per_unit": "324",
        "price_unit": "L"
      }
    ]
  },
  {
    "source_url": "https://www.woolworths.com.au/shop/productdetails/803078/coca-cola-vanilla-zero-sugar-soft-drink-bottle",
    "name": "Coca-Cola Vanilla Zero Sugar Soft Drink Bottle 1.25L",
    "image_url": "https://cdn1.woolworths.media/content/wowproductimages/large/803078.jpg",
    "source_id": "Woolworths - 803078",
    "barcode": "9300675085519",
    "category_id": "1_5AF3A0A",
    "shop": "Woolworths",
    "weight": "1L",
    "prices": [
      {
        "state": "VIC",
        "price": "385",
        "price_per_unit": "308",
        "price_unit": "L"
      },
      {
        "state": "QLD",
        "price": "385",
        "price_per_unit": "308",
        "price_unit": "L"
      },
      {
        "state": "WA",
        "price": "385",
        "price_per_unit": "308",
        "price_unit": "L"
      },
      {
        "state": "SA",
        "price": "385",
        "price_per_unit": "308",
        "price_unit": "L"
      },
      {
        "state": "TAS",
        "price": "375",
        "price_per_unit": "300",
        "price_unit": "L"
      },
      {
        "state": "ACT",
        "price": "385",
        "price_per_unit": "308",
        "price_unit": "L"
      },
      {
        "state": "NT",
        "price": "405",
        "price_per_unit": "324",
        "price_unit": "L"
      }
    ]
  },
  {
    "source_url": "https://www.woolworths.com.au/shop/productdetails/290344/coca-cola-zero-sugar-glass-bottle",
    "name": "Coca-Cola Zero Sugar Glass Bottle 330ml x 4 Pack",
    "image_url": "https://cdn1.woolworths.media/content/wowproductimages/large/290344.jpg",
    "source_id": "Woolworths - 290344",
    "barcode": "9300675093873",
    "category_id": "1_5AF3A0A",
    "shop": "Woolworths",
    "weight": "1L",
    "prices": [
      {
        "state": "VIC",
        "price": "915",
        "price_per_unit": "693",
        "price_unit": "L"
      },
      {
        "state": "WA",
        "price": "915",
        "price_per_unit": "693",
        "price_unit": "L"
      },
      {
        "state": "SA",
        "price": "915",
        "price_per_unit": "693",
        "price_unit": "L"
      },
      {
        "state": "TAS",
        "price": "870",
        "price_per_unit": "659",
        "price_unit": "L"
      },
      {
        "state": "NT",
        "price": "965",
        "price_per_unit": "731",
        "price_unit": "L"
      }
    ]
  },
  {
    "source_url": "https://www.woolworths.com.au/shop/productdetails/286997/coca-cola-zero-sugar-raspberry-soft-drink-bottle",
    "name": "Coca-Cola Zero Sugar Raspberry Soft Drink Bottle 1.25L",
    "image_url": "https://cdn1.woolworths.media/content/wowproductimages/large/286997.jpg",
    "source_id": "Woolworths - 286997",
    "barcode": "9300675093187",
    "category_id": "1_5AF3A0A",
    "shop": "Woolworths",
    "weight": "1L",
    "prices": [
      {
        "state": "VIC",
        "price": "385",
        "price_per_unit": "308",
        "price_unit": "L"
      },
      {
        "state": "WA",
        "price": "385",
        "price_per_unit": "308",
        "price_unit": "L"
      },
      {
        "state": "SA",
        "price": "385",
        "price_per_unit": "308",
        "price_unit": "L"
      },
      {
        "state": "TAS",
        "price": "375",
        "price_per_unit": "300",
        "price_unit": "L"
      },
      {
        "state": "NT",
        "price": "405",
        "price_per_unit": "324",
        "price_unit": "L"
      }
    ]
  },
  {
    "source_url": "https://www.woolworths.com.au/shop/productdetails/255360/diet-rite-soft-drink-passionfruit-bottle",
    "name": "Diet Rite Soft Drink Passionfruit Bottle 1.25l",
    "image_url": "https://cdn1.woolworths.media/content/wowproductimages/large/255360.jpg",
    "source_id": "Woolworths - 255360",
    "barcode": "9315626023328",
    "category_id": "1_5AF3A0A",
    "shop": "Woolworths",
    "weight": "1L",
    "prices": [
      {
        "state": "VIC",
        "price": "155",
        "price_per_unit": "124",
        "price_unit": "L"
      },
      {
        "state": "WA",
        "price": "155",
        "price_per_unit": "124",
        "price_unit": "L"
      },
      {
        "state": "ACT",
        "price": "155",
        "price_per_unit": "124",
        "price_unit": "L"
      }
    ]
  },
  {
    "source_url": "https://www.woolworths.com.au/shop/productdetails/924575/fanta-grape-soft-drink",
    "name": "Fanta Grape Soft Drink 1.25l",
    "image_url": "https://cdn1.woolworths.media/content/wowproductimages/large/924575.jpg",
    "source_id": "Woolworths - 924575",
    "barcode": "9300675095150",
    "category_id": "1_5AF3A0A",
    "shop": "Woolworths",
    "weight": "1L",
    "prices": [
      {
        "state": "VIC",
        "price": "385",
        "price_per_unit": "308",
        "price_unit": "L"
      },
      {
        "state": "WA",
        "price": "385",
        "price_per_unit": "308",
        "price_unit": "L"
      },
      {
        "state": "SA",
        "price": "385",
        "price_per_unit": "308",
        "price_unit": "L"
      },
      {
        "state": "TAS",
        "price": "375",
        "price_per_unit": "300",
        "price_unit": "L"
      },
      {
        "state": "ACT",
        "price": "385",
        "price_per_unit": "308",
        "price_unit": "L"
      }
    ]
  },
  {
    "source_url": "https://www.woolworths.com.au/shop/productdetails/924108/fanta-grape-zero-sugar-soft-drink",
    "name": "Fanta Grape Zero Sugar Soft Drink 1.25l",
    "image_url": "https://cdn1.woolworths.media/content/wowproductimages/large/924108.jpg",
    "source_id": "Woolworths - 924108",
    "barcode": "9300675095174",
    "category_id": "1_5AF3A0A",
    "shop": "Woolworths",
    "weight": "1L",
    "prices": [
      {
        "state": "VIC",
        "price": "385",
        "price_per_unit": "308",
        "price_unit": "L"
      },
      {
        "state": "WA",
        "price": "385",
        "price_per_unit": "308",
        "price_unit": "L"
      },
      {
        "state": "SA",
        "price": "385",
        "price_per_unit": "308",
        "price_unit": "L"
      },
      {
        "state": "TAS",
        "price": "375",
        "price_per_unit": "300",
        "price_unit": "L"
      },
      {
        "state": "ACT",
        "price": "385",
        "price_per_unit": "308",
        "price_unit": "L"
      }
    ]
  },
  {
    "source_url": "https://www.woolworths.com.au/shop/productdetails/32812/fanta-orange-soft-drink-bottle",
    "name": "Fanta Orange Soft Drink Bottle 1.25l",
    "image_url": "https://cdn1.woolworths.media/content/wowproductimages/large/032812.jpg",
    "source_id": "Woolworths - 32812",
    "barcode": "9300675003094",
    "category_id": "1_5AF3A0A",
    "shop": "Woolworths",
    "weight": "1L",
    "prices": [
      {
        "state": "VIC",
        "price": "385",
        "price_per_unit": "308",
        "price_unit": "L"
      },
      {
        "state": "QLD",
        "price": "385",
        "price_per_unit": "308",
        "price_unit": "L"
      },
      {
        "state": "WA",
        "price": "385",
        "price_per_unit": "308",
        "price_unit": "L"
      },
      {
        "state": "SA",
        "price": "385",
        "price_per_unit": "308",
        "price_unit": "L"
      },
      {
        "state": "TAS",
        "price": "375",
        "price_per_unit": "300",
        "price_unit": "L"
      },
      {
        "state": "ACT",
        "price": "385",
        "price_per_unit": "308",
        "price_unit": "L"
      },
      {
        "state": "NT",
        "price": "405",
        "price_per_unit": "324",
        "price_unit": "L"
      }
    ]
  },
  {
    "source_url": "https://www.woolworths.com.au/shop/productdetails/221011/fanta-orange-zero-sugar-soft-drink-bottles",
    "name": "Fanta Orange Zero Sugar Soft Drink Bottles 300ml x 12 Pack",
    "image_url": "https://cdn1.woolworths.media/content/wowproductimages/large/221011.jpg",
    "source_id": "Woolworths - 221011",
    "barcode": "9300675092142",
    "category_id": "1_5AF3A0A",
    "shop": "Woolworths",
    "weight": "1L",
    "prices": [
      {
        "state": "VIC",
        "price": "1140",
        "price_per_unit": "317",
        "price_unit": "L"
      },
      {
        "state": "WA",
        "price": "1140",
        "price_per_unit": "317",
        "price_unit": "L"
      },
      {
        "state": "NT",
        "price": "1140",
        "price_per_unit": "317",
        "price_unit": "L"
      }
    ]
  },
  {
    "source_url": "https://www.woolworths.com.au/shop/productdetails/635887/fanta-pineapple-zero-sugar",
    "name": "Fanta Pineapple Zero Sugar 1.25l",
    "image_url": "https://cdn1.woolworths.media/content/wowproductimages/large/635887.jpg",
    "source_id": "Woolworths - 635887",
    "barcode": "9300675094320",
    "category_id": "1_5AF3A0A",
    "shop": "Woolworths",
    "weight": "1L",
    "prices": [
      {
        "state": "VIC",
        "price": "385",
        "price_per_unit": "308",
        "price_unit": "L"
      },
      {
        "state": "QLD",
        "price": "385",
        "price_per_unit": "308",
        "price_unit": "L"
      },
      {
        "state": "WA",
        "price": "385",
        "price_per_unit": "308",
        "price_unit": "L"
      },
      {
        "state": "SA",
        "price": "385",
        "price_per_unit": "308",
        "price_unit": "L"
      },
      {
        "state": "TAS",
        "price": "375",
        "price_per_unit": "300",
        "price_unit": "L"
      },
      {
        "state": "ACT",
        "price": "385",
        "price_per_unit": "308",
        "price_unit": "L"
      },
      {
        "state": "NT",
        "price": "405",
        "price_per_unit": "324",
        "price_unit": "L"
      }
    ]
  },
  {
    "source_url": "https://www.woolworths.com.au/shop/productdetails/614006/fanta-raspberry-bottles",
    "name": "Fanta Raspberry Bottles 300ml x 12 Pack",
    "image_url": "https://cdn1.woolworths.media/content/wowproductimages/large/614006.jpg",
    "source_id": "Woolworths - 614006",
    "barcode": "9300675094405",
    "category_id": "1_5AF3A0A",
    "shop": "Woolworths",
    "weight": "1L",
    "prices": [
      {
        "state": "VIC",
        "price": "1140",
        "price_per_unit": "317",
        "price_unit": "L"
      },
      {
        "state": "WA",
        "price": "1140",
        "price_per_unit": "317",
        "price_unit": "L"
      },
      {
        "state": "SA",
        "price": "1140",
        "price_per_unit": "317",
        "price_unit": "L"
      },
      {
        "state": "ACT",
        "price": "1140",
        "price_per_unit": "317",
        "price_unit": "L"
      },
      {
        "state": "NT",
        "price": "1140",
        "price_per_unit": "317",
        "price_unit": "L"
      }
    ]
  },
  {
    "source_url": "https://www.woolworths.com.au/shop/productdetails/221678/fanta-raspberry-zero-sugar-soft-drink-bottles",
    "name": "Fanta Raspberry Zero Sugar Soft Drink Bottles 1.25l",
    "image_url": "https://cdn1.woolworths.media/content/wowproductimages/large/221678.jpg",
    "source_id": "Woolworths - 221678",
    "barcode": "9300675092005",
    "category_id": "1_5AF3A0A",
    "shop": "Woolworths",
    "weight": "1L",
    "prices": [
      {
        "state": "VIC",
        "price": "385",
        "price_per_unit": "308",
        "price_unit": "L"
      },
      {
        "state": "QLD",
        "price": "385",
        "price_per_unit": "308",
        "price_unit": "L"
      },
      {
        "state": "WA",
        "price": "385",
        "price_per_unit": "308",
        "price_unit": "L"
      },
      {
        "state": "SA",
        "price": "385",
        "price_per_unit": "308",
        "price_unit": "L"
      },
      {
        "state": "TAS",
        "price": "375",
        "price_per_unit": "300",
        "price_unit": "L"
      }
    ]
  },
  {
    "source_url": "https://www.woolworths.com.au/shop/productdetails/924849/fanta-zero-sugar-rasperry-soft-drink-bottles",
    "name": "Fanta Zero Sugar Rasperry Soft Drink Bottles 300mL x 12 pack",
    "image_url": "https://cdn1.woolworths.media/content/wowproductimages/large/924849.jpg",
    "source_id": "Woolworths - 924849",
    "barcode": "9300675095983",
    "category_id": "1_5AF3A0A",
    "shop": "Woolworths",
    "weight": "1L",
    "prices": [
      {
        "state": "VIC",
        "price": "1140",
        "price_per_unit": "317",
        "price_unit": "L"
      },
      {
        "state": "WA",
        "price": "1140",
        "price_per_unit": "317",
        "price_unit": "L"
      },
      {
        "state": "SA",
        "price": "1140",
        "price_per_unit": "317",
        "price_unit": "L"
      },
      {
        "state": "ACT",
        "price": "1140",
        "price_per_unit": "317",
        "price_unit": "L"
      },
      {
        "state": "NT",
        "price": "1140",
        "price_per_unit": "317",
        "price_unit": "L"
      }
    ]
  },
  {
    "source_url": "https://www.woolworths.com.au/shop/productdetails/52547/kirks-ginger-beer-soft-drink-bottle",
    "name": "Kirks Ginger Beer Soft Drink Bottle 1.25l",
    "image_url": "https://cdn1.woolworths.media/content/wowproductimages/large/052547.jpg",
    "source_id": "Woolworths - 52547",
    "barcode": "9300624401933",
    "category_id": "1_5AF3A0A",
    "shop": "Woolworths",
    "weight": "1L",
    "prices": [
      {
        "state": "VIC",
        "price": "160",
        "price_per_unit": "128",
        "price_unit": "L"
      },
      {
        "state": "QLD",
        "price": "160",
        "price_per_unit": "128",
        "price_unit": "L"
      },
      {
        "state": "WA",
        "price": "160",
        "price_per_unit": "128",
        "price_unit": "L"
      },
      {
        "state": "SA",
        "price": "160",
        "price_per_unit": "128",
        "price_unit": "L"
      },
      {
        "state": "TAS",
        "price": "155",
        "price_per_unit": "124",
        "price_unit": "L"
      },
      {
        "state": "ACT",
        "price": "160",
        "price_per_unit": "128",
        "price_unit": "L"
      },
      {
        "state": "NT",
        "price": "170",
        "price_per_unit": "136",
        "price_unit": "L"
      }
    ]
  },
  {
    "source_url": "https://www.woolworths.com.au/shop/productdetails/52558/kirks-lemonade-soft-drink-bottle",
    "name": "Kirks Lemonade Soft Drink Bottle 1.25l",
    "image_url": "https://cdn1.woolworths.media/content/wowproductimages/large/052558.jpg",
    "source_id": "Woolworths - 52558",
    "barcode": "9300624400042",
    "category_id": "1_5AF3A0A",
    "shop": "Woolworths",
    "weight": "1L",
    "prices": [
      {
        "state": "VIC",
        "price": "160",
        "price_per_unit": "128",
        "price_unit": "L"
      },
      {
        "state": "QLD",
        "price": "160",
        "price_per_unit": "128",
        "price_unit": "L"
      },
      {
        "state": "WA",
        "price": "160",
        "price_per_unit": "128",
        "price_unit": "L"
      },
      {
        "state": "SA",
        "price": "160",
        "price_per_unit": "128",
        "price_unit": "L"
      },
      {
        "state": "TAS",
        "price": "155",
        "price_per_unit": "124",
        "price_unit": "L"
      },
      {
        "state": "ACT",
        "price": "160",
        "price_per_unit": "128",
        "price_unit": "L"
      },
      {
        "state": "NT",
        "price": "170",
        "price_per_unit": "136",
        "price_unit": "L"
      }
    ]
  },
  {
    "source_url": "https://www.woolworths.com.au/shop/productdetails/610458/kirks-orange-sugar-free",
    "name": "Kirks Orange Sugar Free 1.25l",
    "image_url": "https://cdn1.woolworths.media/content/wowproductimages/large/610458.jpg",
    "source_id": "Woolworths - 610458",
    "barcode": "9300675093514",
    "category_id": "1_5AF3A0A",
    "shop": "Woolworths",
    "weight": "1L",
    "prices": [
      {
        "state": "VIC",
        "price": "160",
        "price_per_unit": "128",
        "price_unit": "L"
      },
      {
        "state": "QLD",
        "price": "160",
        "price_per_unit": "128",
        "price_unit": "L"
      },
      {
        "state": "WA",
        "price": "160",
        "price_per_unit": "128",
        "price_unit": "L"
      },
      {
        "state": "SA",
        "price": "160",
        "price_per_unit": "128",
        "price_unit": "L"
      },
      {
        "state": "TAS",
        "price": "155",
        "price_per_unit": "124",
        "price_unit": "L"
      },
      {
        "state": "ACT",
        "price": "160",
        "price_per_unit": "128",
        "price_unit": "L"
      },
      {
        "state": "NT",
        "price": "170",
        "price_per_unit": "136",
        "price_unit": "L"
      }
    ]
  },
  {
    "source_url": "https://www.woolworths.com.au/shop/productdetails/260366/kirks-sugar-free-creaming-soda-soft-drink-bottle",
    "name": "Kirks Sugar Free Creaming Soda Soft Drink Bottle 1.25l",
    "image_url": "https://cdn1.woolworths.media/content/wowproductimages/large/260366.jpg",
    "source_id": "Woolworths - 260366",
    "barcode": "9300624015741",
    "category_id": "1_5AF3A0A",
    "shop": "Woolworths",
    "weight": "1L",
    "prices": [
      {
        "state": "VIC",
        "price": "160",
        "price_per_unit": "128",
        "price_unit": "L"
      },
      {
        "state": "QLD",
        "price": "160",
        "price_per_unit": "128",
        "price_unit": "L"
      },
      {
        "state": "WA",
        "price": "160",
        "price_per_unit": "128",
        "price_unit": "L"
      },
      {
        "state": "SA",
        "price": "160",
        "price_per_unit": "128",
        "price_unit": "L"
      },
      {
        "state": "ACT",
        "price": "160",
        "price_per_unit": "128",
        "price_unit": "L"
      },
      {
        "state": "NT",
        "price": "170",
        "price_per_unit": "136",
        "price_unit": "L"
      }
    ]
  },
  {
    "source_url": "https://www.woolworths.com.au/shop/productdetails/260368/kirks-sugar-free-lemonade-soft-drink-bottle",
    "name": "Kirks Sugar Free Lemonade Soft Drink  Bottle 1.25l",
    "image_url": "https://cdn1.woolworths.media/content/wowproductimages/large/260368.jpg",
    "source_id": "Woolworths - 260368",
    "barcode": "9300624015789",
    "category_id": "1_5AF3A0A",
    "shop": "Woolworths",
    "weight": "1L",
    "prices": [
      {
        "state": "VIC",
        "price": "160",
        "price_per_unit": "128",
        "price_unit": "L"
      },
      {
        "state": "QLD",
        "price": "160",
        "price_per_unit": "128",
        "price_unit": "L"
      },
      {
        "state": "WA",
        "price": "160",
        "price_per_unit": "128",
        "price_unit": "L"
      },
      {
        "state": "SA",
        "price": "160",
        "price_per_unit": "128",
        "price_unit": "L"
      },
      {
        "state": "TAS",
        "price": "155",
        "price_per_unit": "124",
        "price_unit": "L"
      },
      {
        "state": "NT",
        "price": "170",
        "price_per_unit": "136",
        "price_unit": "L"
      }
    ]
  },
  {
    "source_url": "https://www.woolworths.com.au/shop/productdetails/178822/kirks-sugar-free-pasito-soft-drink-bottle",
    "name": "Kirks Sugar Free Pasito Soft Drink Bottle 1.25l",
    "image_url": "https://cdn1.woolworths.media/content/wowproductimages/large/178822.jpg",
    "source_id": "Woolworths - 178822",
    "barcode": "9300624034681",
    "category_id": "1_5AF3A0A",
    "shop": "Woolworths",
    "weight": "1L",
    "prices": [
      {
        "state": "VIC",
        "price": "160",
        "price_per_unit": "128",
        "price_unit": "L"
      },
      {
        "state": "QLD",
        "price": "160",
        "price_per_unit": "128",
        "price_unit": "L"
      },
      {
        "state": "WA",
        "price": "160",
        "price_per_unit": "128",
        "price_unit": "L"
      },
      {
        "state": "SA",
        "price": "160",
        "price_per_unit": "128",
        "price_unit": "L"
      },
      {
        "state": "ACT",
        "price": "160",
        "price_per_unit": "128",
        "price_unit": "L"
      },
      {
        "state": "NT",
        "price": "170",
        "price_per_unit": "136",
        "price_unit": "L"
      }
    ]
  },
  {
    "source_url": "https://www.woolworths.com.au/shop/productdetails/842241/la-ice-cola-bottle-bottle",
    "name": "La Ice Cola Bottle 2l",
    "image_url": "https://cdn1.woolworths.media/content/wowproductimages/large/842241.jpg",
    "source_id": "Woolworths - 842241",
    "barcode": "9345905000092",
    "category_id": "1_5AF3A0A",
    "shop": "Woolworths",
    "weight": "1L",
    "prices": [
      {
        "state": "VIC",
        "price": "200",
        "price_per_unit": "100",
        "price_unit": "L"
      },
      {
        "state": "WA",
        "price": "200",
        "price_per_unit": "100",
        "price_unit": "L"
      },
      {
        "state": "SA",
        "price": "200",
        "price_per_unit": "100",
        "price_unit": "L"
      },
      {
        "state": "NT",
        "price": "200",
        "price_per_unit": "100",
        "price_unit": "L"
      }
    ]
  },
  {
    "source_url": "https://www.woolworths.com.au/shop/productdetails/177982/la-ice-cola-no-sugar",
    "name": "La Ice Cola No Sugar 2l",
    "image_url": "https://cdn1.woolworths.media/content/wowproductimages/large/177982.jpg",
    "source_id": "Woolworths - 177982",
    "barcode": "9345905008227",
    "category_id": "1_5AF3A0A",
    "shop": "Woolworths",
    "weight": "1L",
    "prices": [
      {
        "state": "VIC",
        "price": "200",
        "price_per_unit": "100",
        "price_unit": "L"
      },
      {
        "state": "WA",
        "price": "200",
        "price_per_unit": "100",
        "price_unit": "L"
      },
      {
        "state": "SA",
        "price": "200",
        "price_per_unit": "100",
        "price_unit": "L"
      },
      {
        "state": "NT",
        "price": "200",
        "price_per_unit": "100",
        "price_unit": "L"
      }
    ]
  },
  {
    "source_url": "https://www.woolworths.com.au/shop/productdetails/335129/mountain-dew-energised-sugar-free-major-melon-caffeinated-soft-drink",
    "name": "Mountain Dew Energised Sugar Free Major Melon Caffeinated Soft Drink 1.25l",
    "image_url": "https://cdn1.woolworths.media/content/wowproductimages/large/335129.jpg",
    "source_id": "Woolworths - 335129",
    "barcode": "9313820002897",
    "category_id": "1_5AF3A0A",
    "shop": "Woolworths",
    "weight": "1L",
    "prices": [
      {
        "state": "VIC",
        "price": "180",
        "price_per_unit": "144",
        "price_unit": "L"
      },
      {
        "state": "WA",
        "price": "180",
        "price_per_unit": "144",
        "price_unit": "L"
      },
      {
        "state": "SA",
        "price": "180",
        "price_per_unit": "144",
        "price_unit": "L"
      },
      {
        "state": "ACT",
        "price": "180",
        "price_per_unit": "144",
        "price_unit": "L"
      },
      {
        "state": "NT",
        "price": "180",
        "price_per_unit": "144",
        "price_unit": "L"
      }
    ]
  },
  {
    "source_url": "https://www.woolworths.com.au/shop/productdetails/38433/pepsi-cola-soft-drink-bottle",
    "name": "Pepsi Cola Soft Drink Bottle 2l",
    "image_url": "https://cdn1.woolworths.media/content/wowproductimages/large/038433.jpg",
    "source_id": "Woolworths - 38433",
    "barcode": "9313820001609",
    "category_id": "1_5AF3A0A",
    "shop": "Woolworths",
    "weight": "1L",
    "prices": [
      {
        "state": "VIC",
        "price": "360",
        "price_per_unit": "180",
        "price_unit": "L"
      },
      {
        "state": "WA",
        "price": "360",
        "price_per_unit": "180",
        "price_unit": "L"
      },
      {
        "state": "SA",
        "price": "360",
        "price_per_unit": "180",
        "price_unit": "L"
      },
      {
        "state": "ACT",
        "price": "360",
        "price_per_unit": "180",
        "price_unit": "L"
      },
      {
        "state": "NT",
        "price": "360",
        "price_per_unit": "180",
        "price_unit": "L"
      }
    ]
  },
  {
    "source_url": "https://www.woolworths.com.au/shop/productdetails/40895/pepsi-light-caffeine-free-no-sugar-cola-soft-drink-bottle",
    "name": "Pepsi Light Caffeine Free No Sugar Cola Soft Drink Bottle 1.25l",
    "image_url": "https://cdn1.woolworths.media/content/wowproductimages/large/040895.jpg",
    "source_id": "Woolworths - 40895",
    "barcode": "9313820003504",
    "category_id": "1_5AF3A0A",
    "shop": "Woolworths",
    "weight": "1L",
    "prices": [
      {
        "state": "VIC",
        "price": "180",
        "price_per_unit": "144",
        "price_unit": "L"
      },
      {
        "state": "QLD",
        "price": "180",
        "price_per_unit": "144",
        "price_unit": "L"
      },
      {
        "state": "WA",
        "price": "180",
        "price_per_unit": "144",
        "price_unit": "L"
      },
      {
        "state": "SA",
        "price": "180",
        "price_per_unit": "144",
        "price_unit": "L"
      },
      {
        "state": "TAS",
        "price": "170",
        "price_per_unit": "136",
        "price_unit": "L"
      },
      {
        "state": "ACT",
        "price": "180",
        "price_per_unit": "144",
        "price_unit": "L"
      },
      {
        "state": "NT",
        "price": "180",
        "price_per_unit": "144",
        "price_unit": "L"
      }
    ]
  },
  {
    "source_url": "https://www.woolworths.com.au/shop/productdetails/7984/pepsi-max-no-sugar-cola-soft-drink-bottle",
    "name": "Pepsi Max No Sugar Cola Soft Drink Bottle 2l",
    "image_url": "https://cdn1.woolworths.media/content/wowproductimages/large/007984.jpg",
    "source_id": "Woolworths - 7984",
    "barcode": "9313820016603",
    "category_id": "1_5AF3A0A",
    "shop": "Woolworths",
    "weight": "1L",
    "prices": [
      {
        "state": "VIC",
        "price": "360",
        "price_per_unit": "180",
        "price_unit": "L"
      },
      {
        "state": "QLD",
        "price": "360",
        "price_per_unit": "180",
        "price_unit": "L"
      },
      {
        "state": "WA",
        "price": "360",
        "price_per_unit": "180",
        "price_unit": "L"
      },
      {
        "state": "SA",
        "price": "360",
        "price_per_unit": "180",
        "price_unit": "L"
      },
      {
        "state": "TAS",
        "price": "345",
        "price_per_unit": "173",
        "price_unit": "L"
      },
      {
        "state": "ACT",
        "price": "360",
        "price_per_unit": "180",
        "price_unit": "L"
      },
      {
        "state": "NT",
        "price": "360",
        "price_per_unit": "180",
        "price_unit": "L"
      }
    ]
  },
  {
    "source_url": "https://www.woolworths.com.au/shop/productdetails/230840/pepsi-max-no-sugar-cola-soft-drink-bottles-multipack",
    "name": "Pepsi Max No Sugar Cola Soft Drink Bottles Multipack 450ml x 12 Pack",
    "image_url": "https://cdn1.woolworths.media/content/wowproductimages/large/230840.jpg",
    "source_id": "Woolworths - 230840",
    "barcode": "9313820002668",
    "category_id": "1_5AF3A0A",
    "shop": "Woolworths",
    "weight": "1L",
    "prices": [
      {
        "state": "VIC",
        "price": "2000",
        "price_per_unit": "370",
        "price_unit": "L"
      },
      {
        "state": "WA",
        "price": "2000",
        "price_per_unit": "370",
        "price_unit": "L"
      },
      {
        "state": "SA",
        "price": "2000",
        "price_per_unit": "370",
        "price_unit": "L"
      },
      {
        "state": "TAS",
        "price": "1800",
        "price_per_unit": "333",
        "price_unit": "L"
      },
      {
        "state": "NT",
        "price": "2000",
        "price_per_unit": "370",
        "price_unit": "L"
      }
    ]
  },
  {
    "source_url": "https://www.woolworths.com.au/shop/productdetails/580911/pepsi-max-no-sugar-cola-vanilla-soft-drink-bottle",
    "name": "Pepsi Max No Sugar Cola Vanilla Soft Drink Bottle 1.25l",
    "image_url": "https://cdn1.woolworths.media/content/wowproductimages/large/580911.jpg",
    "source_id": "Woolworths - 580911",
    "barcode": "9313820001036",
    "category_id": "1_5AF3A0A",
    "shop": "Woolworths",
    "weight": "1L",
    "prices": [
      {
        "state": "VIC",
        "price": "180",
        "price_per_unit": "144",
        "price_unit": "L"
      },
      {
        "state": "WA",
        "price": "180",
        "price_per_unit": "144",
        "price_unit": "L"
      },
      {
        "state": "SA",
        "price": "180",
        "price_per_unit": "144",
        "price_unit": "L"
      },
      {
        "state": "NT",
        "price": "180",
        "price_per_unit": "144",
        "price_unit": "L"
      }
    ]
  },
  {
    "source_url": "https://www.woolworths.com.au/shop/productdetails/825111/pepsi-max-raspberry",
    "name": "Pepsi Max Raspberry 1.25l",
    "image_url": "https://cdn1.woolworths.media/content/wowproductimages/large/825111.jpg",
    "source_id": "Woolworths - 825111",
    "barcode": "9313820002262",
    "category_id": "1_5AF3A0A",
    "shop": "Woolworths",
    "weight": "1L",
    "prices": [
      {
        "state": "VIC",
        "price": "180",
        "price_per_unit": "144",
        "price_unit": "L"
      },
      {
        "state": "QLD",
        "price": "180",
        "price_per_unit": "144",
        "price_unit": "L"
      },
      {
        "state": "WA",
        "price": "180",
        "price_per_unit": "144",
        "price_unit": "L"
      },
      {
        "state": "SA",
        "price": "180",
        "price_per_unit": "144",
        "price_unit": "L"
      },
      {
        "state": "ACT",
        "price": "180",
        "price_per_unit": "144",
        "price_unit": "L"
      },
      {
        "state": "NT",
        "price": "180",
        "price_per_unit": "144",
        "price_unit": "L"
      }
    ]
  },
  {
    "source_url": "https://www.woolworths.com.au/shop/productdetails/779549/river-port-creamy-soda-bottle",
    "name": "River Port Creamy Soda Bottle 1.25l",
    "image_url": "https://cdn1.woolworths.media/content/wowproductimages/large/779549.jpg",
    "source_id": "Woolworths - 779549",
    "barcode": "9300796001498",
    "category_id": "1_5AF3A0A",
    "shop": "Woolworths",
    "weight": "1L",
    "prices": [
      {
        "state": "VIC",
        "price": "210",
        "price_per_unit": "168",
        "price_unit": "L"
      }
    ]
  },
  {
    "source_url": "https://www.woolworths.com.au/shop/productdetails/779564/river-port-portello-bottle",
    "name": "River Port Portello Bottle 600ml",
    "image_url": "https://cdn1.woolworths.media/content/wowproductimages/large/779564.jpg",
    "source_id": "Woolworths - 779564",
    "barcode": "9300796001528",
    "category_id": "1_5AF3A0A",
    "shop": "Woolworths",
    "weight": "1L",
    "prices": [
      {
        "state": "VIC",
        "price": "310",
        "price_per_unit": "517",
        "price_unit": "L"
      }
    ]
  },
  {
    "source_url": "https://www.woolworths.com.au/shop/productdetails/225304/saxbys-diet-ginger-beer",
    "name": "Saxbys Diet Ginger Beer 4x375mL",
    "image_url": "https://cdn1.woolworths.media/content/wowproductimages/large/225304.jpg",
    "source_id": "Woolworths - 225304",
    "barcode": "9311945375421",
    "category_id": "1_5AF3A0A",
    "shop": "Woolworths",
    "weight": "1L",
    "prices": [
      {
        "state": "VIC",
        "price": "540",
        "price_per_unit": "360",
        "price_unit": "L"
      },
      {
        "state": "WA",
        "price": "640",
        "price_per_unit": "427",
        "price_unit": "L"
      },
      {
        "state": "SA",
        "price": "640",
        "price_per_unit": "427",
        "price_unit": "L"
      },
      {
        "state": "ACT",
        "price": "640",
        "price_per_unit": "427",
        "price_unit": "L"
      },
      {
        "state": "NT",
        "price": "640",
        "price_per_unit": "427",
        "price_unit": "L"
      }
    ]
  },
  {
    "source_url": "https://www.woolworths.com.au/shop/productdetails/180891/saxbys-diet-ginger-beer",
    "name": "Saxbys Diet Ginger Beer 750ml",
    "image_url": "https://cdn1.woolworths.media/content/wowproductimages/large/180891.jpg",
    "source_id": "Woolworths - 180891",
    "barcode": "9311945750167",
    "category_id": "1_5AF3A0A",
    "shop": "Woolworths",
    "weight": "1L",
    "prices": [
      {
        "state": "VIC",
        "price": "250",
        "price_per_unit": "333",
        "price_unit": "L"
      },
      {
        "state": "QLD",
        "price": "280",
        "price_per_unit": "373",
        "price_unit": "L"
      },
      {
        "state": "WA",
        "price": "280",
        "price_per_unit": "373",
        "price_unit": "L"
      },
      {
        "state": "SA",
        "price": "280",
        "price_per_unit": "373",
        "price_unit": "L"
      },
      {
        "state": "TAS",
        "price": "250",
        "price_per_unit": "333",
        "price_unit": "L"
      },
      {
        "state": "ACT",
        "price": "280",
        "price_per_unit": "373",
        "price_unit": "L"
      },
      {
        "state": "NT",
        "price": "280",
        "price_per_unit": "373",
        "price_unit": "L"
      }
    ]
  },
  {
    "source_url": "https://www.woolworths.com.au/shop/productdetails/225298/saxbys-ginger-beer",
    "name": "Saxbys Ginger Beer 375ml x4 Pack",
    "image_url": "https://cdn1.woolworths.media/content/wowproductimages/large/225298.jpg",
    "source_id": "Woolworths - 225298",
    "barcode": "9311945375414",
    "category_id": "1_5AF3A0A",
    "shop": "Woolworths",
    "weight": "1L",
    "prices": [
      {
        "state": "VIC",
        "price": "540",
        "price_per_unit": "360",
        "price_unit": "L"
      },
      {
        "state": "QLD",
        "price": "600",
        "price_per_unit": "400",
        "price_unit": "L"
      },
      {
        "state": "WA",
        "price": "640",
        "price_per_unit": "427",
        "price_unit": "L"
      },
      {
        "state": "SA",
        "price": "640",
        "price_per_unit": "427",
        "price_unit": "L"
      },
      {
        "state": "ACT",
        "price": "640",
        "price_per_unit": "427",
        "price_unit": "L"
      },
      {
        "state": "NT",
        "price": "640",
        "price_per_unit": "427",
        "price_unit": "L"
      }
    ]
  },
  {
    "source_url": "https://www.woolworths.com.au/shop/productdetails/13159/saxbys-ginger-beer",
    "name": "Saxbys Ginger Beer 750ml",
    "image_url": "https://cdn1.woolworths.media/content/wowproductimages/large/013159.jpg",
    "source_id": "Woolworths - 13159",
    "barcode": "93227513",
    "category_id": "1_5AF3A0A",
    "shop": "Woolworths",
    "weight": "1L",
    "prices": [
      {
        "state": "VIC",
        "price": "250",
        "price_per_unit": "333",
        "price_unit": "L"
      },
      {
        "state": "QLD",
        "price": "280",
        "price_per_unit": "373",
        "price_unit": "L"
      },
      {
        "state": "WA",
        "price": "280",
        "price_per_unit": "373",
        "price_unit": "L"
      },
      {
        "state": "SA",
        "price": "280",
        "price_per_unit": "373",
        "price_unit": "L"
      },
      {
        "state": "ACT",
        "price": "280",
        "price_per_unit": "373",
        "price_unit": "L"
      },
      {
        "state": "NT",
        "price": "280",
        "price_per_unit": "373",
        "price_unit": "L"
      }
    ]
  },
  {
    "source_url": "https://www.woolworths.com.au/shop/productdetails/662713/schweppes-agrum-blood-orange-soft-drink-bottle",
    "name": "Schweppes Agrum Blood Orange Soft Drink Bottle 1.1l",
    "image_url": "https://cdn1.woolworths.media/content/wowproductimages/large/662713.jpg",
    "source_id": "Woolworths - 662713",
    "barcode": "9315596006345",
    "category_id": "1_5AF3A0A",
    "shop": "Woolworths",
    "weight": "1L",
    "prices": [
      {
        "state": "VIC",
        "price": "300",
        "price_per_unit": "273",
        "price_unit": "L"
      },
      {
        "state": "QLD",
        "price": "300",
        "price_per_unit": "273",
        "price_unit": "L"
      },
      {
        "state": "WA",
        "price": "300",
        "price_per_unit": "273",
        "price_unit": "L"
      },
      {
        "state": "SA",
        "price": "300",
        "price_per_unit": "273",
        "price_unit": "L"
      },
      {
        "state": "TAS",
        "price": "285",
        "price_per_unit": "259",
        "price_unit": "L"
      },
      {
        "state": "ACT",
        "price": "300",
        "price_per_unit": "273",
        "price_unit": "L"
      },
      {
        "state": "NT",
        "price": "315",
        "price_per_unit": "286",
        "price_unit": "L"
      }
    ]
  },
  {
    "source_url": "https://www.woolworths.com.au/shop/productdetails/634293/schweppes-lemon-lime-natural-mineral-water-bottle",
    "name": "Schweppes Lemon Lime Natural Mineral Water Bottle 1.1l",
    "image_url": "https://cdn1.woolworths.media/content/wowproductimages/large/634293.jpg",
    "source_id": "Woolworths - 634293",
    "barcode": "9315596006383",
    "category_id": "1_5AF3A0A",
    "shop": "Woolworths",
    "weight": "1L",
    "prices": [
      {
        "state": "VIC",
        "price": "300",
        "price_per_unit": "273",
        "price_unit": "L"
      },
      {
        "state": "QLD",
        "price": "300",
        "price_per_unit": "273",
        "price_unit": "L"
      },
      {
        "state": "WA",
        "price": "300",
        "price_per_unit": "273",
        "price_unit": "L"
      },
      {
        "state": "SA",
        "price": "300",
        "price_per_unit": "273",
        "price_unit": "L"
      },
      {
        "state": "NT",
        "price": "315",
        "price_per_unit": "286",
        "price_unit": "L"
      }
    ]
  },
  {
    "source_url": "https://www.woolworths.com.au/shop/productdetails/32634/schweppes-lemonade-soft-drink-single-bottle",
    "name": "Schweppes Lemonade Soft Drink Single Bottle 2l",
    "image_url": "https://cdn1.woolworths.media/content/wowproductimages/large/032634.jpg",
    "source_id": "Woolworths - 32634",
    "barcode": "9315596002316",
    "category_id": "1_5AF3A0A",
    "shop": "Woolworths",
    "weight": "1L",
    "prices": [
      {
        "state": "VIC",
        "price": "360",
        "price_per_unit": "180",
        "price_unit": "L"
      },
      {
        "state": "QLD",
        "price": "360",
        "price_per_unit": "180",
        "price_unit": "L"
      },
      {
        "state": "WA",
        "price": "360",
        "price_per_unit": "180",
        "price_unit": "L"
      },
      {
        "state": "SA",
        "price": "360",
        "price_per_unit": "180",
        "price_unit": "L"
      },
      {
        "state": "ACT",
        "price": "360",
        "price_per_unit": "180",
        "price_unit": "L"
      },
      {
        "state": "NT",
        "price": "360",
        "price_per_unit": "180",
        "price_unit": "L"
      }
    ]
  },
  {
    "source_url": "https://www.woolworths.com.au/shop/productdetails/942096/schweppes-messina-passionfruit-lemonade-soft-drink-bottle",
    "name": "Schweppes Messina Passionfruit Lemonade Soft Drink Bottle 1.1L",
    "image_url": "https://cdn1.woolworths.media/content/wowproductimages/large/942096.jpg",
    "source_id": "Woolworths - 942096",
    "barcode": "9315596009254",
    "category_id": "1_5AF3A0A",
    "shop": "Woolworths",
    "weight": "1L",
    "prices": [
      {
        "state": "VIC",
        "price": "300",
        "price_per_unit": "273",
        "price_unit": "L"
      },
      {
        "state": "WA",
        "price": "300",
        "price_per_unit": "273",
        "price_unit": "L"
      },
      {
        "state": "SA",
        "price": "300",
        "price_per_unit": "273",
        "price_unit": "L"
      },
      {
        "state": "ACT",
        "price": "300",
        "price_per_unit": "273",
        "price_unit": "L"
      },
      {
        "state": "NT",
        "price": "315",
        "price_per_unit": "286",
        "price_unit": "L"
      }
    ]
  },
  {
    "source_url": "https://www.woolworths.com.au/shop/productdetails/942192/schweppes-messina-pineapple-lime-soft-drink-bottle",
    "name": "Schweppes Messina Pineapple & Lime Soft Drink Bottle 1.1L",
    "image_url": "https://cdn1.woolworths.media/content/wowproductimages/large/942192.jpg",
    "source_id": "Woolworths - 942192",
    "barcode": "9315596009261",
    "category_id": "1_5AF3A0A",
    "shop": "Woolworths",
    "weight": "1L",
    "prices": [
      {
        "state": "VIC",
        "price": "300",
        "price_per_unit": "273",
        "price_unit": "L"
      },
      {
        "state": "WA",
        "price": "300",
        "price_per_unit": "273",
        "price_unit": "L"
      },
      {
        "state": "SA",
        "price": "300",
        "price_per_unit": "273",
        "price_unit": "L"
      },
      {
        "state": "ACT",
        "price": "300",
        "price_per_unit": "273",
        "price_unit": "L"
      },
      {
        "state": "NT",
        "price": "315",
        "price_per_unit": "286",
        "price_unit": "L"
      }
    ]
  },
  {
    "source_url": "https://www.woolworths.com.au/shop/productdetails/634284/schweppes-orange-mango-natural-mineral-water-bottle",
    "name": "Schweppes Orange Mango Natural Mineral Water Bottle 1.1l",
    "image_url": "https://cdn1.woolworths.media/content/wowproductimages/large/634284.jpg",
    "source_id": "Woolworths - 634284",
    "barcode": "9315596006390",
    "category_id": "1_5AF3A0A",
    "shop": "Woolworths",
    "weight": "1L",
    "prices": [
      {
        "state": "VIC",
        "price": "300",
        "price_per_unit": "273",
        "price_unit": "L"
      },
      {
        "state": "QLD",
        "price": "300",
        "price_per_unit": "273",
        "price_unit": "L"
      },
      {
        "state": "WA",
        "price": "300",
        "price_per_unit": "273",
        "price_unit": "L"
      },
      {
        "state": "SA",
        "price": "300",
        "price_per_unit": "273",
        "price_unit": "L"
      },
      {
        "state": "TAS",
        "price": "285",
        "price_per_unit": "259",
        "price_unit": "L"
      },
      {
        "state": "ACT",
        "price": "300",
        "price_per_unit": "273",
        "price_unit": "L"
      },
      {
        "state": "NT",
        "price": "315",
        "price_per_unit": "286",
        "price_unit": "L"
      }
    ]
  },
  {
    "source_url": "https://www.woolworths.com.au/shop/productdetails/707972/schweppes-traditional-brown-creaming-soda-soft-drink-bottle",
    "name": "Schweppes Traditional Brown Creaming Soda Soft Drink Bottle 1.1l",
    "image_url": "https://cdn1.woolworths.media/content/wowproductimages/large/707972.jpg",
    "source_id": "Woolworths - 707972",
    "barcode": "9315596006864",
    "category_id": "1_5AF3A0A",
    "shop": "Woolworths",
    "weight": "1L",
    "prices": [
      {
        "state": "VIC",
        "price": "300",
        "price_per_unit": "273",
        "price_unit": "L"
      },
      {
        "state": "WA",
        "price": "300",
        "price_per_unit": "273",
        "price_unit": "L"
      },
      {
        "state": "SA",
        "price": "300",
        "price_per_unit": "273",
        "price_unit": "L"
      },
      {
        "state": "TAS",
        "price": "285",
        "price_per_unit": "259",
        "price_unit": "L"
      },
      {
        "state": "NT",
        "price": "315",
        "price_per_unit": "286",
        "price_unit": "L"
      }
    ]
  },
  {
    "source_url": "https://www.woolworths.com.au/shop/productdetails/634291/schweppes-zero-sugar-agrum-citrus-blend-soft-drink-bottle",
    "name": "Schweppes Zero Sugar Agrum Citrus Blend Soft Drink Bottle 1.1l",
    "image_url": "https://cdn1.woolworths.media/content/wowproductimages/large/634291.jpg",
    "source_id": "Woolworths - 634291",
    "barcode": "9315596006321",
    "category_id": "1_5AF3A0A",
    "shop": "Woolworths",
    "weight": "1L",
    "prices": [
      {
        "state": "VIC",
        "price": "300",
        "price_per_unit": "273",
        "price_unit": "L"
      },
      {
        "state": "QLD",
        "price": "300",
        "price_per_unit": "273",
        "price_unit": "L"
      },
      {
        "state": "WA",
        "price": "300",
        "price_per_unit": "273",
        "price_unit": "L"
      },
      {
        "state": "SA",
        "price": "300",
        "price_per_unit": "273",
        "price_unit": "L"
      },
      {
        "state": "TAS",
        "price": "285",
        "price_per_unit": "259",
        "price_unit": "L"
      },
      {
        "state": "ACT",
        "price": "300",
        "price_per_unit": "273",
        "price_unit": "L"
      },
      {
        "state": "NT",
        "price": "315",
        "price_per_unit": "286",
        "price_unit": "L"
      }
    ]
  },
  {
    "source_url": "https://www.woolworths.com.au/shop/productdetails/708254/schweppes-zero-sugar-lemonade-soft-drink-bottle",
    "name": "Schweppes Zero Sugar Lemonade Soft Drink Bottle 1.1l",
    "image_url": "https://cdn1.woolworths.media/content/wowproductimages/large/708254.jpg",
    "source_id": "Woolworths - 708254",
    "barcode": "9315596006925",
    "category_id": "1_5AF3A0A",
    "shop": "Woolworths",
    "weight": "1L",
    "prices": [
      {
        "state": "VIC",
        "price": "300",
        "price_per_unit": "273",
        "price_unit": "L"
      },
      {
        "state": "QLD",
        "price": "300",
        "price_per_unit": "273",
        "price_unit": "L"
      },
      {
        "state": "WA",
        "price": "300",
        "price_per_unit": "273",
        "price_unit": "L"
      },
      {
        "state": "SA",
        "price": "300",
        "price_per_unit": "273",
        "price_unit": "L"
      },
      {
        "state": "TAS",
        "price": "285",
        "price_per_unit": "259",
        "price_unit": "L"
      },
      {
        "state": "ACT",
        "price": "300",
        "price_per_unit": "273",
        "price_unit": "L"
      },
      {
        "state": "NT",
        "price": "315",
        "price_per_unit": "286",
        "price_unit": "L"
      }
    ]
  },
  {
    "source_url": "https://www.woolworths.com.au/shop/productdetails/89801/schweppes-zero-sugar-mixers-lemon-lime-bitters-soft-drink",
    "name": "Schweppes Zero Sugar Mixers Lemon Lime & Bitters Soft Drink 1.1l",
    "image_url": "https://cdn1.woolworths.media/content/wowproductimages/large/089801.jpg",
    "source_id": "Woolworths - 89801",
    "barcode": "9315596007656",
    "category_id": "1_5AF3A0A",
    "shop": "Woolworths",
    "weight": "1L",
    "prices": [
      {
        "state": "VIC",
        "price": "300",
        "price_per_unit": "273",
        "price_unit": "L"
      },
      {
        "state": "QLD",
        "price": "300",
        "price_per_unit": "273",
        "price_unit": "L"
      },
      {
        "state": "WA",
        "price": "300",
        "price_per_unit": "273",
        "price_unit": "L"
      },
      {
        "state": "SA",
        "price": "300",
        "price_per_unit": "273",
        "price_unit": "L"
      },
      {
        "state": "NT",
        "price": "315",
        "price_per_unit": "286",
        "price_unit": "L"
      }
    ]
  },
  {
    "source_url": "https://www.woolworths.com.au/shop/productdetails/43399/solo-thirst-crusher-original-lemon-soft-drink-bottle",
    "name": "Solo Thirst Crusher Original Lemon Soft Drink Bottle 2l",
    "image_url": "https://cdn1.woolworths.media/content/wowproductimages/large/043399.jpg",
    "source_id": "Woolworths - 43399",
    "barcode": "9315596002323",
    "category_id": "1_5AF3A0A",
    "shop": "Woolworths",
    "weight": "1L",
    "prices": [
      {
        "state": "VIC",
        "price": "360",
        "price_per_unit": "180",
        "price_unit": "L"
      },
      {
        "state": "WA",
        "price": "360",
        "price_per_unit": "180",
        "price_unit": "L"
      },
      {
        "state": "SA",
        "price": "360",
        "price_per_unit": "180",
        "price_unit": "L"
      },
      {
        "state": "ACT",
        "price": "360",
        "price_per_unit": "180",
        "price_unit": "L"
      },
      {
        "state": "NT",
        "price": "360",
        "price_per_unit": "180",
        "price_unit": "L"
      }
    ]
  },
  {
    "source_url": "https://www.woolworths.com.au/shop/productdetails/676277/solo-zero-sugar-original-lemon-soft-drink",
    "name": "Solo Zero Sugar Original Lemon Soft Drink 1.25l",
    "image_url": "https://cdn1.woolworths.media/content/wowproductimages/large/676277.jpg",
    "source_id": "Woolworths - 676277",
    "barcode": "9315596006949",
    "category_id": "1_5AF3A0A",
    "shop": "Woolworths",
    "weight": "1L",
    "prices": [
      {
        "state": "VIC",
        "price": "180",
        "price_per_unit": "144",
        "price_unit": "L"
      },
      {
        "state": "QLD",
        "price": "180",
        "price_per_unit": "144",
        "price_unit": "L"
      },
      {
        "state": "WA",
        "price": "180",
        "price_per_unit": "144",
        "price_unit": "L"
      },
      {
        "state": "SA",
        "price": "180",
        "price_per_unit": "144",
        "price_unit": "L"
      },
      {
        "state": "TAS",
        "price": "170",
        "price_per_unit": "136",
        "price_unit": "L"
      },
      {
        "state": "ACT",
        "price": "180",
        "price_per_unit": "144",
        "price_unit": "L"
      },
      {
        "state": "NT",
        "price": "180",
        "price_per_unit": "144",
        "price_unit": "L"
      }
    ]
  },
  {
    "source_url": "https://www.woolworths.com.au/shop/productdetails/231593/solo-zero-sugar-original-lemon-soft-drink-bottles-multipack",
    "name": "Solo Zero Sugar Original Lemon Soft Drink Bottles Multipack 450ml x 12 Pack",
    "image_url": "https://cdn1.woolworths.media/content/wowproductimages/large/231593.jpg",
    "source_id": "Woolworths - 231593",
    "barcode": "9315596008110",
    "category_id": "1_5AF3A0A",
    "shop": "Woolworths",
    "weight": "1L",
    "prices": [
      {
        "state": "VIC",
        "price": "2000",
        "price_per_unit": "370",
        "price_unit": "L"
      },
      {
        "state": "WA",
        "price": "2000",
        "price_per_unit": "370",
        "price_unit": "L"
      },
      {
        "state": "SA",
        "price": "2000",
        "price_per_unit": "370",
        "price_unit": "L"
      },
      {
        "state": "NT",
        "price": "2000",
        "price_per_unit": "370",
        "price_unit": "L"
      }
    ]
  },
  {
    "source_url": "https://www.woolworths.com.au/shop/productdetails/399589/sprite-lemonade",
    "name": "Sprite Lemonade 300ml x 12 Pack",
    "image_url": "https://cdn1.woolworths.media/content/wowproductimages/large/399589.jpg",
    "source_id": "Woolworths - 399589",
    "barcode": "9300675094382",
    "category_id": "1_5AF3A0A",
    "shop": "Woolworths",
    "weight": "1L",
    "prices": [
      {
        "state": "VIC",
        "price": "1140",
        "price_per_unit": "317",
        "price_unit": "L"
      },
      {
        "state": "WA",
        "price": "1140",
        "price_per_unit": "317",
        "price_unit": "L"
      },
      {
        "state": "SA",
        "price": "1140",
        "price_per_unit": "317",
        "price_unit": "L"
      },
      {
        "state": "ACT",
        "price": "1140",
        "price_per_unit": "317",
        "price_unit": "L"
      },
      {
        "state": "NT",
        "price": "1140",
        "price_per_unit": "317",
        "price_unit": "L"
      }
    ]
  },
  {
    "source_url": "https://www.woolworths.com.au/shop/productdetails/221822/sprite-zero-sugar-lemonade-soft-drink-mini-bottles",
    "name": "Sprite Zero Sugar Lemonade Soft Drink Mini Bottles 300ml x12 Pack",
    "image_url": "https://cdn1.woolworths.media/content/wowproductimages/large/221822.jpg",
    "source_id": "Woolworths - 221822",
    "barcode": "9300675091831",
    "category_id": "1_5AF3A0A",
    "shop": "Woolworths",
    "weight": "1L",
    "prices": [
      {
        "state": "VIC",
        "price": "1140",
        "price_per_unit": "317",
        "price_unit": "L"
      },
      {
        "state": "WA",
        "price": "1140",
        "price_per_unit": "317",
        "price_unit": "L"
      },
      {
        "state": "SA",
        "price": "1140",
        "price_per_unit": "317",
        "price_unit": "L"
      },
      {
        "state": "TAS",
        "price": "1110",
        "price_per_unit": "308",
        "price_unit": "L"
      },
      {
        "state": "ACT",
        "price": "1140",
        "price_per_unit": "317",
        "price_unit": "L"
      },
      {
        "state": "NT",
        "price": "1140",
        "price_per_unit": "317",
        "price_unit": "L"
      }
    ]
  },
  {
    "source_url": "https://www.woolworths.com.au/shop/productdetails/12011/sunkist-orange-soft-drink-bottle",
    "name": "Sunkist Orange Soft Drink Bottle 1.25l",
    "image_url": "https://cdn1.woolworths.media/content/wowproductimages/large/012011.jpg",
    "source_id": "Woolworths - 12011",
    "barcode": "9300617029687",
    "category_id": "1_5AF3A0A",
    "shop": "Woolworths",
    "weight": "1L",
    "prices": [
      {
        "state": "VIC",
        "price": "180",
        "price_per_unit": "144",
        "price_unit": "L"
      },
      {
        "state": "WA",
        "price": "180",
        "price_per_unit": "144",
        "price_unit": "L"
      },
      {
        "state": "SA",
        "price": "180",
        "price_per_unit": "144",
        "price_unit": "L"
      },
      {
        "state": "TAS",
        "price": "170",
        "price_per_unit": "136",
        "price_unit": "L"
      },
      {
        "state": "NT",
        "price": "180",
        "price_per_unit": "144",
        "price_unit": "L"
      }
    ]
  },
  {
    "source_url": "https://www.woolworths.com.au/shop/productdetails/7373/sunkist-orange-soft-drink-bottle",
    "name": "Sunkist Orange Soft Drink Bottle 2l",
    "image_url": "https://cdn1.woolworths.media/content/wowproductimages/large/007373.jpg",
    "source_id": "Woolworths - 7373",
    "barcode": "9315596002378",
    "category_id": "1_5AF3A0A",
    "shop": "Woolworths",
    "weight": "1L",
    "prices": [
      {
        "state": "VIC",
        "price": "360",
        "price_per_unit": "180",
        "price_unit": "L"
      },
      {
        "state": "WA",
        "price": "360",
        "price_per_unit": "180",
        "price_unit": "L"
      },
      {
        "state": "SA",
        "price": "360",
        "price_per_unit": "180",
        "price_unit": "L"
      },
      {
        "state": "ACT",
        "price": "360",
        "price_per_unit": "180",
        "price_unit": "L"
      },
      {
        "state": "NT",
        "price": "360",
        "price_per_unit": "180",
        "price_unit": "L"
      }
    ]
  },
  {
    "source_url": "https://www.woolworths.com.au/shop/productdetails/676312/sunkist-zero-sugar-orange-soft-drink-bottle-sugar-free",
    "name": "Sunkist Zero Sugar Orange Soft Drink Bottle Sugar Free 1.25l",
    "image_url": "https://cdn1.woolworths.media/content/wowproductimages/large/676312.jpg",
    "source_id": "Woolworths - 676312",
    "barcode": "9315596006956",
    "category_id": "1_5AF3A0A",
    "shop": "Woolworths",
    "weight": "1L",
    "prices": [
      {
        "state": "VIC",
        "price": "180",
        "price_per_unit": "144",
        "price_unit": "L"
      },
      {
        "state": "WA",
        "price": "180",
        "price_per_unit": "144",
        "price_unit": "L"
      },
      {
        "state": "SA",
        "price": "180",
        "price_per_unit": "144",
        "price_unit": "L"
      },
      {
        "state": "TAS",
        "price": "170",
        "price_per_unit": "136",
        "price_unit": "L"
      },
      {
        "state": "ACT",
        "price": "180",
        "price_per_unit": "144",
        "price_unit": "L"
      },
      {
        "state": "NT",
        "price": "180",
        "price_per_unit": "144",
        "price_unit": "L"
      }
    ]
  },
  {
    "source_url": "https://www.woolworths.com.au/shop/productdetails/756078/woolworths-diet-blood-orange-sparkling-mineral-water",
    "name": "Woolworths Diet Blood Orange Sparkling Mineral Water 1.25l",
    "image_url": "https://cdn1.woolworths.media/content/wowproductimages/large/756078.jpg",
    "source_id": "Woolworths - 756078",
    "barcode": "9339687219452",
    "category_id": "1_5AF3A0A",
    "shop": "Woolworths",
    "weight": "1L",
    "prices": [
      {
        "state": "VIC",
        "price": "130",
        "price_per_unit": "104",
        "price_unit": "L"
      },
      {
        "state": "WA",
        "price": "130",
        "price_per_unit": "104",
        "price_unit": "L"
      },
      {
        "state": "NT",
        "price": "130",
        "price_per_unit": "104",
        "price_unit": "L"
      }
    ]
  },
  {
    "source_url": "https://www.woolworths.com.au/shop/productdetails/756077/woolworths-diet-orange-passionfruit-sparkling-mineral-water",
    "name": "Woolworths Diet Orange & Passionfruit Sparkling Mineral Water 1.25l",
    "image_url": "https://cdn1.woolworths.media/content/wowproductimages/large/756077.jpg",
    "source_id": "Woolworths - 756077",
    "barcode": "9339687219445",
    "category_id": "1_5AF3A0A",
    "shop": "Woolworths",
    "weight": "1L",
    "prices": [
      {
        "state": "VIC",
        "price": "130",
        "price_per_unit": "104",
        "price_unit": "L"
      },
      {
        "state": "WA",
        "price": "130",
        "price_per_unit": "104",
        "price_unit": "L"
      },
      {
        "state": "NT",
        "price": "130",
        "price_per_unit": "104",
        "price_unit": "L"
      }
    ]
  },
  {
    "source_url": "https://www.woolworths.com.au/shop/productdetails/756030/woolworths-ginger-beer-bottle",
    "name": "Woolworths Ginger Beer Bottle 1.25l",
    "image_url": "https://cdn1.woolworths.media/content/wowproductimages/large/756030.jpg",
    "source_id": "Woolworths - 756030",
    "barcode": "9339687219292",
    "category_id": "1_5AF3A0A",
    "shop": "Woolworths",
    "weight": "1L",
    "prices": [
      {
        "state": "VIC",
        "price": "130",
        "price_per_unit": "104",
        "price_unit": "L"
      },
      {
        "state": "QLD",
        "price": "130",
        "price_per_unit": "104",
        "price_unit": "L"
      },
      {
        "state": "WA",
        "price": "130",
        "price_per_unit": "104",
        "price_unit": "L"
      },
      {
        "state": "ACT",
        "price": "130",
        "price_per_unit": "104",
        "price_unit": "L"
      },
      {
        "state": "NT",
        "price": "130",
        "price_per_unit": "104",
        "price_unit": "L"
      }
    ]
  },
  {
    "source_url": "https://www.woolworths.com.au/shop/productdetails/333342/woolworths-lemon-bottle",
    "name": "Woolworths Lemon Bottle 1.25l",
    "image_url": "https://cdn1.woolworths.media/content/wowproductimages/large/333342.jpg",
    "source_id": "Woolworths - 333342",
    "barcode": "9339687219254",
    "category_id": "1_5AF3A0A",
    "shop": "Woolworths",
    "weight": "1L",
    "prices": [
      {
        "state": "VIC",
        "price": "130",
        "price_per_unit": "104",
        "price_unit": "L"
      },
      {
        "state": "QLD",
        "price": "130",
        "price_per_unit": "104",
        "price_unit": "L"
      },
      {
        "state": "WA",
        "price": "130",
        "price_per_unit": "104",
        "price_unit": "L"
      },
      {
        "state": "ACT",
        "price": "130",
        "price_per_unit": "104",
        "price_unit": "L"
      },
      {
        "state": "NT",
        "price": "130",
        "price_per_unit": "104",
        "price_unit": "L"
      }
    ]
  },
  {
    "source_url": "https://www.woolworths.com.au/shop/productdetails/756029/woolworths-lemon-zero-sugar-bottle",
    "name": "Woolworths Lemon Zero Sugar Bottle 1.25l",
    "image_url": "https://cdn1.woolworths.media/content/wowproductimages/large/756029.jpg",
    "source_id": "Woolworths - 756029",
    "barcode": "9300633417642",
    "category_id": "1_5AF3A0A",
    "shop": "Woolworths",
    "weight": "1L",
    "prices": [
      {
        "state": "VIC",
        "price": "130",
        "price_per_unit": "104",
        "price_unit": "L"
      },
      {
        "state": "QLD",
        "price": "130",
        "price_per_unit": "104",
        "price_unit": "L"
      },
      {
        "state": "WA",
        "price": "130",
        "price_per_unit": "104",
        "price_unit": "L"
      },
      {
        "state": "ACT",
        "price": "130",
        "price_per_unit": "104",
        "price_unit": "L"
      },
      {
        "state": "NT",
        "price": "130",
        "price_per_unit": "104",
        "price_unit": "L"
      }
    ]
  },
  {
    "source_url": "https://www.woolworths.com.au/shop/productdetails/333337/woolworths-orange-bottle",
    "name": "Woolworths Orange Bottle 1.25l",
    "image_url": "https://cdn1.woolworths.media/content/wowproductimages/large/333337.jpg",
    "source_id": "Woolworths - 333337",
    "barcode": "9300633999278",
    "category_id": "1_5AF3A0A",
    "shop": "Woolworths",
    "weight": "1L",
    "prices": [
      {
        "state": "VIC",
        "price": "130",
        "price_per_unit": "104",
        "price_unit": "L"
      },
      {
        "state": "WA",
        "price": "130",
        "price_per_unit": "104",
        "price_unit": "L"
      },
      {
        "state": "ACT",
        "price": "130",
        "price_per_unit": "104",
        "price_unit": "L"
      },
      {
        "state": "NT",
        "price": "130",
        "price_per_unit": "104",
        "price_unit": "L"
      }
    ]
  },
  {
    "source_url": "https://www.woolworths.com.au/shop/productdetails/570637/woolworths-passionfruit-bottle",
    "name": "Woolworths Passionfruit Bottle 1.25l",
    "image_url": "https://cdn1.woolworths.media/content/wowproductimages/large/570637.jpg",
    "source_id": "Woolworths - 570637",
    "barcode": "9339687219285",
    "category_id": "1_5AF3A0A",
    "shop": "Woolworths",
    "weight": "1L",
    "prices": [
      {
        "state": "VIC",
        "price": "130",
        "price_per_unit": "104",
        "price_unit": "L"
      },
      {
        "state": "QLD",
        "price": "130",
        "price_per_unit": "104",
        "price_unit": "L"
      },
      {
        "state": "WA",
        "price": "130",
        "price_per_unit": "104",
        "price_unit": "L"
      },
      {
        "state": "ACT",
        "price": "130",
        "price_per_unit": "104",
        "price_unit": "L"
      },
      {
        "state": "NT",
        "price": "130",
        "price_per_unit": "104",
        "price_unit": "L"
      }
    ]
  },
  {
    "source_url": "https://www.woolworths.com.au/shop/productdetails/756026/woolworths-pineapple-bottle",
    "name": "Woolworths Pineapple Bottle 1.25l",
    "image_url": "https://cdn1.woolworths.media/content/wowproductimages/large/756026.jpg",
    "source_id": "Woolworths - 756026",
    "barcode": "9300633417611",
    "category_id": "1_5AF3A0A",
    "shop": "Woolworths",
    "weight": "1L",
    "prices": [
      {
        "state": "VIC",
        "price": "130",
        "price_per_unit": "104",
        "price_unit": "L"
      },
      {
        "state": "QLD",
        "price": "130",
        "price_per_unit": "104",
        "price_unit": "L"
      },
      {
        "state": "WA",
        "price": "130",
        "price_per_unit": "104",
        "price_unit": "L"
      },
      {
        "state": "ACT",
        "price": "130",
        "price_per_unit": "104",
        "price_unit": "L"
      },
      {
        "state": "NT",
        "price": "130",
        "price_per_unit": "104",
        "price_unit": "L"
      }
    ]
  },
  {
    "source_url": "https://www.woolworths.com.au/shop/productdetails/374622/woolworths-raspberry-bottle",
    "name": "Woolworths Raspberry Bottle 1.25l",
    "image_url": "https://cdn1.woolworths.media/content/wowproductimages/large/374622.jpg",
    "source_id": "Woolworths - 374622",
    "barcode": "9300633219000",
    "category_id": "1_5AF3A0A",
    "shop": "Woolworths",
    "weight": "1L",
    "prices": [
      {
        "state": "VIC",
        "price": "130",
        "price_per_unit": "104",
        "price_unit": "L"
      },
      {
        "state": "QLD",
        "price": "130",
        "price_per_unit": "104",
        "price_unit": "L"
      },
      {
        "state": "WA",
        "price": "130",
        "price_per_unit": "104",
        "price_unit": "L"
      },
      {
        "state": "TAS",
        "price": "130",
        "price_per_unit": "104",
        "price_unit": "L"
      },
      {
        "state": "ACT",
        "price": "130",
        "price_per_unit": "104",
        "price_unit": "L"
      },
      {
        "state": "NT",
        "price": "130",
        "price_per_unit": "104",
        "price_unit": "L"
      }
    ]
  },
  {
    "source_url": "https://www.woolworths.com.au/shop/productdetails/776931/bundaberg-sarsaparilla",
    "name": "Bundaberg Sarsaparilla 10x375ml",
    "image_url": "https://cdn1.woolworths.media/content/wowproductimages/large/776931.jpg",
    "source_id": "Woolworths - 776931",
    "barcode": "9311493002145",
    "category_id": "1_5AF3A0A",
    "shop": "Woolworths",
    "weight": "1L",
    "prices": [
      {
        "state": "QLD",
        "price": "1250",
        "price_per_unit": "333",
        "price_unit": "L"
      }
    ]
  },
  {
    "source_url": "https://www.woolworths.com.au/shop/productdetails/771498/bundaberg-sarsaparilla",
    "name": "Bundaberg Sarsaparilla 750ml",
    "image_url": "https://cdn1.woolworths.media/content/wowproductimages/large/771498.jpg",
    "source_id": "Woolworths - 771498",
    "barcode": "9311493001520",
    "category_id": "1_5AF3A0A",
    "shop": "Woolworths",
    "weight": "1L",
    "prices": [
      {
        "state": "QLD",
        "price": "375",
        "price_per_unit": "500",
        "price_unit": "L"
      }
    ]
  },
  {
    "source_url": "https://www.woolworths.com.au/shop/productdetails/315221/kirks-dry-drinking-ginger-ale-soft-drink-bottle",
    "name": "Kirks Dry Drinking Ginger Ale Soft Drink Bottle 1.25l",
    "image_url": "https://cdn1.woolworths.media/content/wowproductimages/large/315221.jpg",
    "source_id": "Woolworths - 315221",
    "barcode": "9300624403043",
    "category_id": "1_5AF3A0A",
    "shop": "Woolworths",
    "weight": "1L",
    "prices": [
      {
        "state": "QLD",
        "price": "160",
        "price_per_unit": "128",
        "price_unit": "L"
      }
    ]
  },
  {
    "source_url": "https://www.woolworths.com.au/shop/productdetails/125666/wimmers-double-sarsaparilla-bottle",
    "name": "Wimmers Double Sarsaparilla Bottle 1.25l",
    "image_url": "https://cdn1.woolworths.media/content/wowproductimages/large/125666.jpg",
    "source_id": "Woolworths - 125666",
    "barcode": "93249621",
    "category_id": "1_5AF3A0A",
    "shop": "Woolworths",
    "weight": "1L",
    "prices": [
      {
        "state": "QLD",
        "price": "220",
        "price_per_unit": "176",
        "price_unit": "L"
      }
    ]
  },
  {
    "source_url": "https://www.woolworths.com.au/shop/productdetails/652026/wimmers-ginger-beer",
    "name": "Wimmers Ginger Beer 1.25l",
    "image_url": "https://cdn1.woolworths.media/content/wowproductimages/large/652026.jpg",
    "source_id": "Woolworths - 652026",
    "barcode": "9313341000952",
    "category_id": "1_5AF3A0A",
    "shop": "Woolworths",
    "weight": "1L",
    "prices": [
      {
        "state": "QLD",
        "price": "220",
        "price_per_unit": "176",
        "price_unit": "L"
      }
    ]
  },
  {
    "source_url": "https://www.woolworths.com.au/shop/productdetails/562992/diet-rite-orange-mango-no-sugar",
    "name": "Diet Rite Orange Mango No Sugar 1.25l",
    "image_url": "https://cdn1.woolworths.media/content/wowproductimages/large/562992.jpg",
    "source_id": "Woolworths - 562992",
    "barcode": "9345905009897",
    "category_id": "1_5AF3A0A",
    "shop": "Woolworths",
    "weight": "1L",
    "prices": [
      {
        "state": "WA",
        "price": "155",
        "price_per_unit": "124",
        "price_unit": "L"
      },
      {
        "state": "NT",
        "price": "155",
        "price_per_unit": "124",
        "price_unit": "L"
      }
    ]
  },
  {
    "source_url": "https://www.woolworths.com.au/shop/productdetails/178870/diet-rite-pine-lime-no-sugar",
    "name": "Diet Rite Pine Lime No Sugar 1.25l",
    "image_url": "https://cdn1.woolworths.media/content/wowproductimages/large/178870.jpg",
    "source_id": "Woolworths - 178870",
    "barcode": "9345905009385",
    "category_id": "1_5AF3A0A",
    "shop": "Woolworths",
    "weight": "1L",
    "prices": [
      {
        "state": "WA",
        "price": "155",
        "price_per_unit": "124",
        "price_unit": "L"
      },
      {
        "state": "NT",
        "price": "155",
        "price_per_unit": "124",
        "price_unit": "L"
      }
    ]
  },
  {
    "source_url": "https://www.woolworths.com.au/shop/productdetails/294326/diet-rite-soft-drink-grape-portello-bottle",
    "name": "Diet Rite Soft Drink Grape Portello Bottle 1.25l",
    "image_url": "https://cdn1.woolworths.media/content/wowproductimages/large/294326.jpg",
    "source_id": "Woolworths - 294326",
    "barcode": "9315626024530",
    "category_id": "1_5AF3A0A",
    "shop": "Woolworths",
    "weight": "1L",
    "prices": [
      {
        "state": "WA",
        "price": "155",
        "price_per_unit": "124",
        "price_unit": "L"
      },
      {
        "state": "NT",
        "price": "155",
        "price_per_unit": "124",
        "price_unit": "L"
      }
    ]
  },
  {
    "source_url": "https://www.woolworths.com.au/shop/productdetails/162961/kirks-kole-beer-bottle",
    "name": "Kirks Kole Beer Bottle 1.25l",
    "image_url": "https://cdn1.woolworths.media/content/wowproductimages/large/162961.jpg",
    "source_id": "Woolworths - 162961",
    "barcode": "9300624010791",
    "category_id": "1_5AF3A0A",
    "shop": "Woolworths",
    "weight": "1L",
    "prices": [
      {
        "state": "WA",
        "price": "160",
        "price_per_unit": "128",
        "price_unit": "L"
      }
    ]
  },
  {
    "source_url": "https://www.woolworths.com.au/shop/productdetails/67798/coca-cola-classic-bottles-value",
    "name": "Coca-Cola Classic Bottles Value 1.25L x 6 pack",
    "image_url": "https://cdn1.woolworths.media/content/wowproductimages/large/067798.jpg",
    "source_id": "Woolworths - 67798",
    "barcode": "9300675096676",
    "category_id": "1_5AF3A0A",
    "shop": "Woolworths",
    "weight": "1L",
    "prices": [
      {
        "state": "TAS",
        "price": "1150",
        "price_per_unit": "153",
        "price_unit": "L"
      }
    ]
  },
  {
    "source_url": "https://www.woolworths.com.au/shop/productdetails/71435/coca-cola-zero-sugar-bottles-value",
    "name": "Coca-Cola Zero Sugar Bottles Value 1.25L x 6 pack",
    "image_url": "https://cdn1.woolworths.media/content/wowproductimages/large/071435.jpg",
    "source_id": "Woolworths - 71435",
    "barcode": "9300675096683",
    "category_id": "1_5AF3A0A",
    "shop": "Woolworths",
    "weight": "1L",
    "prices": [
      {
        "state": "TAS",
        "price": "1150",
        "price_per_unit": "153",
        "price_unit": "L"
      }
    ]
  },
  {
    "source_url": "https://www.woolworths.com.au/shop/productdetails/61962/pepsi-max-no-sugar-cola-soft-drink-bottles-multipack",
    "name": "Pepsi Max No Sugar Cola Soft Drink Bottles Multipack 300ml x 4 Pack",
    "image_url": "https://cdn1.woolworths.media/content/wowproductimages/large/061962.jpg",
    "source_id": "Woolworths - 61962",
    "barcode": "9313820000473",
    "category_id": "1_5AF3A0A",
    "shop": "Woolworths",
    "weight": "1L",
    "prices": [
      {
        "state": "ACT",
        "price": "600",
        "price_per_unit": "500",
        "price_unit": "L"
      }
    ]
  },
  {
    "source_url": "https://www.woolworths.com.au/shop/productdetails/664742/bundaberg-spiced-ginger-beer",
    "name": "Bundaberg Spiced Ginger Beer 375ml x 10 Pack",
    "image_url": "https://cdn1.woolworths.media/content/wowproductimages/large/664742.jpg",
    "source_id": "Woolworths - 664742",
    "barcode": "9311493003128",
    "category_id": "1_5AF3A0A",
    "shop": "Woolworths",
    "weight": "1L",
    "prices": [
      {
        "state": "NT",
        "price": "1250",
        "price_per_unit": "333",
        "price_unit": "L"
      }
    ]
  }
]