[
  {
    "source_url": "https://www.woolworths.com.au/shop/productdetails/391544/harmony-wild-bird-dried-mealworms",
    "name": "Harmony Wild Bird Dried Mealworms 120g",
    "image_url": "https://cdn1.woolworths.media/content/wowproductimages/large/391544.jpg",
    "source_id": "Woolworths - 391544",
    "barcode": "9334214057491",
    "category_id": "1_61D6FEB",
    "shop": "Woolworths",
    "weight": "100G",
    "prices": [
      {
        "state": "NSW",
        "price": "1000",
        "price_per_unit": "833",
        "price_unit": "G"
      },
      {
        "state": "VIC",
        "price": "1000",
        "price_per_unit": "833",
        "price_unit": "G"
      },
      {
        "state": "QLD",
        "price": "1000",
        "price_per_unit": "833",
        "price_unit": "G"
      },
      {
        "state": "WA",
        "price": "1000",
        "price_per_unit": "833",
        "price_unit": "G"
      },
      {
        "state": "SA",
        "price": "1000",
        "price_per_unit": "833",
        "price_unit": "G"
      },
      {
        "state": "TAS",
        "price": "1000",
        "price_per_unit": "833",
        "price_unit": "G"
      },
      {
        "state": "ACT",
        "price": "1000",
        "price_per_unit": "833",
        "price_unit": "G"
      },
      {
        "state": "NT",
        "price": "1000",
        "price_per_unit": "833",
        "price_unit": "G"
      }
    ]
  },
  {
    "source_url": "https://www.woolworths.com.au/shop/productdetails/394263/pet-munchies-small-animal-gourmet-treat",
    "name": "Pet Munchies Small Animal Gourmet Treat 300g",
    "image_url": "https://cdn1.woolworths.media/content/wowproductimages/large/394263.jpg",
    "source_id": "Woolworths - 394263",
    "barcode": "9313175023219",
    "category_id": "1_61D6FEB",
    "shop": "Woolworths",
    "weight": "100G",
    "prices": [
      {
        "state": "NSW",
        "price": "400",
        "price_per_unit": "133",
        "price_unit": "G"
      },
      {
        "state": "VIC",
        "price": "400",
        "price_per_unit": "133",
        "price_unit": "G"
      },
      {
        "state": "QLD",
        "price": "400",
        "price_per_unit": "133",
        "price_unit": "G"
      },
      {
        "state": "WA",
        "price": "400",
        "price_per_unit": "133",
        "price_unit": "G"
      },
      {
        "state": "SA",
        "price": "400",
        "price_per_unit": "133",
        "price_unit": "G"
      },
      {
        "state": "TAS",
        "price": "400",
        "price_per_unit": "133",
        "price_unit": "G"
      },
      {
        "state": "ACT",
        "price": "400",
        "price_per_unit": "133",
        "price_unit": "G"
      },
      {
        "state": "NT",
        "price": "400",
        "price_per_unit": "133",
        "price_unit": "G"
      }
    ]
  },
  {
    "source_url": "https://www.woolworths.com.au/shop/productdetails/174486/peters-alfalfa-fruit-rabbit-guinea-pig-food",
    "name": "Peters Alfalfa & Fruit Rabbit & Guinea Pig Food 2kg",
    "image_url": "https://cdn1.woolworths.media/content/wowproductimages/large/174486.jpg",
    "source_id": "Woolworths - 174486",
    "barcode": "9316203000206",
    "category_id": "1_61D6FEB",
    "shop": "Woolworths",
    "weight": "100G",
    "prices": [
      {
        "state": "NSW",
        "price": "750",
        "price_per_unit": "38",
        "price_unit": "G"
      },
      {
        "state": "VIC",
        "price": "750",
        "price_per_unit": "38",
        "price_unit": "G"
      },
      {
        "state": "QLD",
        "price": "750",
        "price_per_unit": "38",
        "price_unit": "G"
      },
      {
        "state": "WA",
        "price": "750",
        "price_per_unit": "38",
        "price_unit": "G"
      },
      {
        "state": "SA",
        "price": "750",
        "price_per_unit": "38",
        "price_unit": "G"
      },
      {
        "state": "ACT",
        "price": "750",
        "price_per_unit": "38",
        "price_unit": "G"
      },
      {
        "state": "NT",
        "price": "750",
        "price_per_unit": "38",
        "price_unit": "G"
      }
    ]
  },
  {
    "source_url": "https://www.woolworths.com.au/shop/productdetails/183873/dux-guinea-pig-rabbit-meal",
    "name": "Dux Guinea Pig & Rabbit Meal 2kg",
    "image_url": "https://cdn1.woolworths.media/content/wowproductimages/large/183873.jpg",
    "source_id": "Woolworths - 183873",
    "barcode": "9311821000102",
    "category_id": "1_61D6FEB",
    "shop": "Woolworths",
    "weight": "100G",
    "prices": [
      {
        "state": "VIC",
        "price": "750",
        "price_per_unit": "38",
        "price_unit": "G"
      },
      {
        "state": "QLD",
        "price": "750",
        "price_per_unit": "38",
        "price_unit": "G"
      },
      {
        "state": "WA",
        "price": "750",
        "price_per_unit": "38",
        "price_unit": "G"
      },
      {
        "state": "SA",
        "price": "750",
        "price_per_unit": "38",
        "price_unit": "G"
      },
      {
        "state": "TAS",
        "price": "750",
        "price_per_unit": "38",
        "price_unit": "G"
      },
      {
        "state": "ACT",
        "price": "750",
        "price_per_unit": "38",
        "price_unit": "G"
      },
      {
        "state": "NT",
        "price": "750",
        "price_per_unit": "38",
        "price_unit": "G"
      }
    ]
  },
  {
    "source_url": "https://www.woolworths.com.au/shop/productdetails/133629/fibre-cycle-back-2-nature-small-animal-bedding",
    "name": "Fibre Cycle Back 2 Nature Small Animal Bedding 10l",
    "image_url": "https://cdn1.woolworths.media/content/wowproductimages/large/133629.jpg",
    "source_id": "Woolworths - 133629",
    "barcode": "9315087401109",
    "category_id": "1_61D6FEB",
    "shop": "Woolworths",
    "weight": "1L",
    "prices": [
      {
        "state": "VIC",
        "price": "1300",
        "price_per_unit": "130",
        "price_unit": "L"
      },
      {
        "state": "QLD",
        "price": "1300",
        "price_per_unit": "130",
        "price_unit": "L"
      },
      {
        "state": "WA",
        "price": "1300",
        "price_per_unit": "130",
        "price_unit": "L"
      },
      {
        "state": "SA",
        "price": "1300",
        "price_per_unit": "130",
        "price_unit": "L"
      },
      {
        "state": "TAS",
        "price": "1300",
        "price_per_unit": "130",
        "price_unit": "L"
      },
      {
        "state": "ACT",
        "price": "1300",
        "price_per_unit": "130",
        "price_unit": "L"
      },
      {
        "state": "NT",
        "price": "1300",
        "price_per_unit": "130",
        "price_unit": "L"
      }
    ]
  },
  {
    "source_url": "https://www.woolworths.com.au/shop/productdetails/390449/peckish-dental-nibbles-blueberry-for-small-animals",
    "name": "Peckish Dental Nibbles Blueberry For Small Animals 150g",
    "image_url": "https://cdn1.woolworths.media/content/wowproductimages/large/390449.jpg",
    "source_id": "Woolworths - 390449",
    "barcode": "9322930016533",
    "category_id": "1_61D6FEB",
    "shop": "Woolworths",
    "weight": "100G",
    "prices": [
      {
        "state": "VIC",
        "price": "800",
        "price_per_unit": "533",
        "price_unit": "G"
      },
      {
        "state": "QLD",
        "price": "800",
        "price_per_unit": "533",
        "price_unit": "G"
      },
      {
        "state": "WA",
        "price": "800",
        "price_per_unit": "533",
        "price_unit": "G"
      },
      {
        "state": "SA",
        "price": "800",
        "price_per_unit": "533",
        "price_unit": "G"
      },
      {
        "state": "TAS",
        "price": "800",
        "price_per_unit": "533",
        "price_unit": "G"
      },
      {
        "state": "ACT",
        "price": "800",
        "price_per_unit": "533",
        "price_unit": "G"
      },
      {
        "state": "NT",
        "price": "800",
        "price_per_unit": "533",
        "price_unit": "G"
      }
    ]
  },
  {
    "source_url": "https://www.woolworths.com.au/shop/productdetails/74624/peters-poultry-free-range-mix",
    "name": "Peters Poultry Free Range Mix 5kg",
    "image_url": "https://cdn1.woolworths.media/content/wowproductimages/large/074624.jpg",
    "source_id": "Woolworths - 74624",
    "barcode": "9316203000114",
    "category_id": "1_61D6FEB",
    "shop": "Woolworths",
    "weight": "100G",
    "prices": [
      {
        "state": "VIC",
        "price": "1200",
        "price_per_unit": "24",
        "price_unit": "G"
      },
      {
        "state": "QLD",
        "price": "1200",
        "price_per_unit": "24",
        "price_unit": "G"
      },
      {
        "state": "SA",
        "price": "1200",
        "price_per_unit": "24",
        "price_unit": "G"
      },
      {
        "state": "ACT",
        "price": "1200",
        "price_per_unit": "24",
        "price_unit": "G"
      },
      {
        "state": "NT",
        "price": "1200",
        "price_per_unit": "24",
        "price_unit": "G"
      }
    ]
  },
  {
    "source_url": "https://www.woolworths.com.au/shop/productdetails/351934/peters-rabbit-guinea-pig-foragers-feast",
    "name": "Peters Rabbit & Guinea Pig Foragers Feast 1kg",
    "image_url": "https://cdn1.woolworths.media/content/wowproductimages/large/351934.jpg",
    "source_id": "Woolworths - 351934",
    "barcode": "9316203000381",
    "category_id": "1_61D6FEB",
    "shop": "Woolworths",
    "weight": "100G",
    "prices": [
      {
        "state": "VIC",
        "price": "815",
        "price_per_unit": "82",
        "price_unit": "G"
      },
      {
        "state": "QLD",
        "price": "815",
        "price_per_unit": "82",
        "price_unit": "G"
      },
      {
        "state": "WA",
        "price": "815",
        "price_per_unit": "82",
        "price_unit": "G"
      },
      {
        "state": "SA",
        "price": "815",
        "price_per_unit": "82",
        "price_unit": "G"
      },
      {
        "state": "ACT",
        "price": "815",
        "price_per_unit": "82",
        "price_unit": "G"
      },
      {
        "state": "NT",
        "price": "856",
        "price_per_unit": "86",
        "price_unit": "G"
      }
    ]
  },
  {
    "source_url": "https://www.woolworths.com.au/shop/productdetails/247207/peters-rabbit-guinea-pig-pasture-hay",
    "name": "Peters Rabbit & Guinea Pig Pasture Hay 1kg",
    "image_url": "https://cdn1.woolworths.media/content/wowproductimages/large/247207.jpg",
    "source_id": "Woolworths - 247207",
    "barcode": "9316203000367",
    "category_id": "1_61D6FEB",
    "shop": "Woolworths",
    "weight": "100G",
    "prices": [
      {
        "state": "VIC",
        "price": "980",
        "price_per_unit": "98",
        "price_unit": "G"
      },
      {
        "state": "QLD",
        "price": "980",
        "price_per_unit": "98",
        "price_unit": "G"
      },
      {
        "state": "WA",
        "price": "980",
        "price_per_unit": "98",
        "price_unit": "G"
      },
      {
        "state": "SA",
        "price": "980",
        "price_per_unit": "98",
        "price_unit": "G"
      },
      {
        "state": "TAS",
        "price": "980",
        "price_per_unit": "98",
        "price_unit": "G"
      },
      {
        "state": "ACT",
        "price": "980",
        "price_per_unit": "98",
        "price_unit": "G"
      },
      {
        "state": "NT",
        "price": "980",
        "price_per_unit": "98",
        "price_unit": "G"
      }
    ]
  },
  {
    "source_url": "https://www.woolworths.com.au/shop/productdetails/134161/peckish-performance-layer-mix",
    "name": "Peckish Performance Layer Mix 5kg",
    "image_url": "https://cdn1.woolworths.media/content/wowproductimages/large/134161.jpg",
    "source_id": "Woolworths - 134161",
    "barcode": "9322930010531",
    "category_id": "1_61D6FEB",
    "shop": "Woolworths",
    "weight": "100G",
    "prices": [
      {
        "state": "SA",
        "price": "1500",
        "price_per_unit": "30",
        "price_unit": "G"
      },
      {
        "state": "ACT",
        "price": "1500",
        "price_per_unit": "30",
        "price_unit": "G"
      },
      {
        "state": "NT",
        "price": "1500",
        "price_per_unit": "30",
        "price_unit": "G"
      }
    ]
  },
  {
    "source_url": "https://www.woolworths.com.au/shop/productdetails/394283/pet-munchies-rabbit-guinea-pig-blend",
    "name": "Pet Munchies Rabbit & Guinea Pig Blend 90g",
    "image_url": "https://cdn1.woolworths.media/content/wowproductimages/large/394283.jpg",
    "source_id": "Woolworths - 394283",
    "barcode": "9313175023165",
    "category_id": "1_61D6FEB",
    "shop": "Woolworths",
    "weight": "100G",
    "prices": [
      {
        "state": "SA",
        "price": "320",
        "price_per_unit": "356",
        "price_unit": "G"
      },
      {
        "state": "ACT",
        "price": "320",
        "price_per_unit": "356",
        "price_unit": "G"
      },
      {
        "state": "NT",
        "price": "320",
        "price_per_unit": "356",
        "price_unit": "G"
      }
    ]
  },
  {
    "source_url": "https://www.woolworths.com.au/shop/productdetails/40423/peters-multigrain-mix-rabbit-guinea-pig-food",
    "name": "Peters Multigrain Mix Rabbit & Guinea Pig Food 2kg",
    "image_url": "https://cdn1.woolworths.media/content/wowproductimages/large/040423.jpg",
    "source_id": "Woolworths - 40423",
    "barcode": "9316203000015",
    "category_id": "1_61D6FEB",
    "shop": "Woolworths",
    "weight": "100G",
    "prices": [
      {
        "state": "SA",
        "price": "750",
        "price_per_unit": "38",
        "price_unit": "G"
      },
      {
        "state": "ACT",
        "price": "750",
        "price_per_unit": "38",
        "price_unit": "G"
      },
      {
        "state": "NT",
        "price": "750",
        "price_per_unit": "38",
        "price_unit": "G"
      }
    ]
  },
  {
    "source_url": "https://www.woolworths.com.au/shop/productdetails/351933/peters-rabbit-guinea-pig-little-gems-treats",
    "name": "Peters Rabbit & Guinea Pig Little Gems Treats 120g",
    "image_url": "https://cdn1.woolworths.media/content/wowproductimages/large/351933.jpg",
    "source_id": "Woolworths - 351933",
    "barcode": "9316203000282",
    "category_id": "1_61D6FEB",
    "shop": "Woolworths",
    "weight": "100G",
    "prices": [
      {
        "state": "SA",
        "price": "399",
        "price_per_unit": "333",
        "price_unit": "G"
      },
      {
        "state": "ACT",
        "price": "454",
        "price_per_unit": "378",
        "price_unit": "G"
      },
      {
        "state": "NT",
        "price": "539",
        "price_per_unit": "449",
        "price_unit": "G"
      }
    ]
  },
  {
    "source_url": "https://www.woolworths.com.au/shop/productdetails/174485/peters-rabbit-guinea-pig-lucerne-pellets",
    "name": "Peters Rabbit & Guinea Pig Lucerne Pellets 2kg",
    "image_url": "https://cdn1.woolworths.media/content/wowproductimages/large/174485.jpg",
    "source_id": "Woolworths - 174485",
    "barcode": "9316203000190",
    "category_id": "1_61D6FEB",
    "shop": "Woolworths",
    "weight": "100G",
    "prices": [
      {
        "state": "SA",
        "price": "700",
        "price_per_unit": "35",
        "price_unit": "G"
      },
      {
        "state": "ACT",
        "price": "700",
        "price_per_unit": "35",
        "price_unit": "G"
      },
      {
        "state": "NT",
        "price": "700",
        "price_per_unit": "35",
        "price_unit": "G"
      }
    ]
  }
]