[
  {
    "source_url": "https://www.woolworths.com.au/shop/productdetails/391859/coyo-dairy-free-coconut-vanilla-custard",
    "name": "Coyo Dairy Free Coconut Vanilla Custard 500g",
    "image_url": "https://cdn1.woolworths.media/content/wowproductimages/large/391859.jpg",
    "source_id": "Woolworths - 391859",
    "barcode": "9351851002370",
    "category_id": "1_6E4F4E4",
    "shop": "Woolworths",
    "weight": "100G",
    "prices": [
      {
        "state": "NSW",
        "price": "650",
        "price_per_unit": "130",
        "price_unit": "G"
      },
      {
        "state": "QLD",
        "price": "650",
        "price_per_unit": "130",
        "price_unit": "G"
      },
      {
        "state": "WA",
        "price": "650",
        "price_per_unit": "130",
        "price_unit": "G"
      },
      {
        "state": "SA",
        "price": "650",
        "price_per_unit": "130",
        "price_unit": "G"
      },
      {
        "state": "TAS",
        "price": "650",
        "price_per_unit": "130",
        "price_unit": "G"
      },
      {
        "state": "NT",
        "price": "650",
        "price_per_unit": "130",
        "price_unit": "G"
      }
    ]
  },
  {
    "source_url": "https://www.woolworths.com.au/shop/productdetails/85358/dairy-farmers-vanilla-custard",
    "name": "Dairy Farmers Vanilla Custard 1kg",
    "image_url": "https://cdn1.woolworths.media/content/wowproductimages/large/085358.jpg",
    "source_id": "Woolworths - 85358",
    "barcode": "9310199022969",
    "category_id": "1_6E4F4E4",
    "shop": "Woolworths",
    "weight": "100G",
    "prices": [
      {
        "state": "NSW",
        "price": "490",
        "price_per_unit": "49",
        "price_unit": "G"
      },
      {
        "state": "VIC",
        "price": "490",
        "price_per_unit": "49",
        "price_unit": "G"
      },
      {
        "state": "QLD",
        "price": "490",
        "price_per_unit": "49",
        "price_unit": "G"
      },
      {
        "state": "WA",
        "price": "490",
        "price_per_unit": "49",
        "price_unit": "G"
      },
      {
        "state": "SA",
        "price": "490",
        "price_per_unit": "49",
        "price_unit": "G"
      },
      {
        "state": "TAS",
        "price": "490",
        "price_per_unit": "49",
        "price_unit": "G"
      },
      {
        "state": "ACT",
        "price": "490",
        "price_per_unit": "49",
        "price_unit": "G"
      }
    ]
  },
  {
    "source_url": "https://www.woolworths.com.au/shop/productdetails/66394/foster-clark-s-original-recipe-vanilla-flavoured-liquid-custard",
    "name": "Foster Clark's Original Recipe Vanilla Flavoured Liquid Custard 1l",
    "image_url": "https://cdn1.woolworths.media/content/wowproductimages/large/066394.jpg",
    "source_id": "Woolworths - 66394",
    "barcode": "9300681409460",
    "category_id": "1_6E4F4E4",
    "shop": "Woolworths",
    "weight": "100ML",
    "prices": [
      {
        "state": "NSW",
        "price": "580",
        "price_per_unit": "58",
        "price_unit": "ML"
      },
      {
        "state": "VIC",
        "price": "580",
        "price_per_unit": "58",
        "price_unit": "ML"
      },
      {
        "state": "QLD",
        "price": "580",
        "price_per_unit": "58",
        "price_unit": "ML"
      },
      {
        "state": "WA",
        "price": "580",
        "price_per_unit": "58",
        "price_unit": "ML"
      },
      {
        "state": "SA",
        "price": "580",
        "price_per_unit": "58",
        "price_unit": "ML"
      },
      {
        "state": "TAS",
        "price": "580",
        "price_per_unit": "58",
        "price_unit": "ML"
      },
      {
        "state": "ACT",
        "price": "580",
        "price_per_unit": "58",
        "price_unit": "ML"
      },
      {
        "state": "NT",
        "price": "580",
        "price_per_unit": "58",
        "price_unit": "ML"
      }
    ]
  },
  {
    "source_url": "https://www.woolworths.com.au/shop/productdetails/436518/pauls-custard-pouch-vanilla-vanilla",
    "name": "Pauls Custard Pouch Vanilla 140g",
    "image_url": "https://cdn1.woolworths.media/content/wowproductimages/large/436518.jpg",
    "source_id": "Woolworths - 436518",
    "barcode": "9310036046813",
    "category_id": "1_6E4F4E4",
    "shop": "Woolworths",
    "weight": "100G",
    "prices": [
      {
        "state": "NSW",
        "price": "240",
        "price_per_unit": "171",
        "price_unit": "G"
      },
      {
        "state": "VIC",
        "price": "240",
        "price_per_unit": "171",
        "price_unit": "G"
      },
      {
        "state": "QLD",
        "price": "240",
        "price_per_unit": "171",
        "price_unit": "G"
      },
      {
        "state": "WA",
        "price": "240",
        "price_per_unit": "171",
        "price_unit": "G"
      },
      {
        "state": "SA",
        "price": "240",
        "price_per_unit": "171",
        "price_unit": "G"
      },
      {
        "state": "TAS",
        "price": "240",
        "price_per_unit": "171",
        "price_unit": "G"
      },
      {
        "state": "ACT",
        "price": "240",
        "price_per_unit": "171",
        "price_unit": "G"
      },
      {
        "state": "NT",
        "price": "240",
        "price_per_unit": "171",
        "price_unit": "G"
      }
    ]
  },
  {
    "source_url": "https://www.woolworths.com.au/shop/productdetails/35435/pauls-custard-snack-pack-vanilla-custard",
    "name": "Pauls Custard Snack Pack Vanilla 150gx 6 Pack",
    "image_url": "https://cdn1.woolworths.media/content/wowproductimages/large/035435.jpg",
    "source_id": "Woolworths - 35435",
    "barcode": "9310036016212",
    "category_id": "1_6E4F4E4",
    "shop": "Woolworths",
    "weight": "100G",
    "prices": [
      {
        "state": "NSW",
        "price": "790",
        "price_per_unit": "88",
        "price_unit": "G"
      },
      {
        "state": "VIC",
        "price": "790",
        "price_per_unit": "88",
        "price_unit": "G"
      },
      {
        "state": "QLD",
        "price": "790",
        "price_per_unit": "88",
        "price_unit": "G"
      },
      {
        "state": "WA",
        "price": "790",
        "price_per_unit": "88",
        "price_unit": "G"
      },
      {
        "state": "SA",
        "price": "790",
        "price_per_unit": "88",
        "price_unit": "G"
      },
      {
        "state": "TAS",
        "price": "790",
        "price_per_unit": "88",
        "price_unit": "G"
      },
      {
        "state": "ACT",
        "price": "790",
        "price_per_unit": "88",
        "price_unit": "G"
      },
      {
        "state": "NT",
        "price": "790",
        "price_per_unit": "88",
        "price_unit": "G"
      }
    ]
  },
  {
    "source_url": "https://www.woolworths.com.au/shop/productdetails/43562/pauls-custard-vanilla-custard",
    "name": "Pauls Custard Vanilla 1kg",
    "image_url": "https://cdn1.woolworths.media/content/wowproductimages/large/043562.jpg",
    "source_id": "Woolworths - 43562",
    "barcode": "9310036115281",
    "category_id": "1_6E4F4E4",
    "shop": "Woolworths",
    "weight": "100G",
    "prices": [
      {
        "state": "NSW",
        "price": "500",
        "price_per_unit": "50",
        "price_unit": "G"
      },
      {
        "state": "VIC",
        "price": "500",
        "price_per_unit": "50",
        "price_unit": "G"
      },
      {
        "state": "QLD",
        "price": "500",
        "price_per_unit": "50",
        "price_unit": "G"
      },
      {
        "state": "WA",
        "price": "500",
        "price_per_unit": "50",
        "price_unit": "G"
      },
      {
        "state": "SA",
        "price": "500",
        "price_per_unit": "50",
        "price_unit": "G"
      },
      {
        "state": "ACT",
        "price": "500",
        "price_per_unit": "50",
        "price_unit": "G"
      },
      {
        "state": "NT",
        "price": "500",
        "price_per_unit": "50",
        "price_unit": "G"
      }
    ]
  },
  {
    "source_url": "https://www.woolworths.com.au/shop/productdetails/28697/pauls-custard-vanilla-custard",
    "name": "Pauls Custard Vanilla 2kg",
    "image_url": "https://cdn1.woolworths.media/content/wowproductimages/large/028697.jpg",
    "source_id": "Woolworths - 28697",
    "barcode": "9310036003854",
    "category_id": "1_6E4F4E4",
    "shop": "Woolworths",
    "weight": "100G",
    "prices": [
      {
        "state": "NSW",
        "price": "880",
        "price_per_unit": "44",
        "price_unit": "G"
      },
      {
        "state": "VIC",
        "price": "880",
        "price_per_unit": "44",
        "price_unit": "G"
      },
      {
        "state": "QLD",
        "price": "880",
        "price_per_unit": "44",
        "price_unit": "G"
      },
      {
        "state": "ACT",
        "price": "880",
        "price_per_unit": "44",
        "price_unit": "G"
      },
      {
        "state": "NT",
        "price": "880",
        "price_per_unit": "44",
        "price_unit": "G"
      }
    ]
  },
  {
    "source_url": "https://www.woolworths.com.au/shop/productdetails/47026/pauls-custard-vanilla-custard",
    "name": "Pauls Custard Vanilla 600g",
    "image_url": "https://cdn1.woolworths.media/content/wowproductimages/large/047026.jpg",
    "source_id": "Woolworths - 47026",
    "barcode": "9310036052821",
    "category_id": "1_6E4F4E4",
    "shop": "Woolworths",
    "weight": "100G",
    "prices": [
      {
        "state": "NSW",
        "price": "400",
        "price_per_unit": "67",
        "price_unit": "G"
      },
      {
        "state": "VIC",
        "price": "400",
        "price_per_unit": "67",
        "price_unit": "G"
      },
      {
        "state": "QLD",
        "price": "400",
        "price_per_unit": "67",
        "price_unit": "G"
      },
      {
        "state": "WA",
        "price": "400",
        "price_per_unit": "67",
        "price_unit": "G"
      },
      {
        "state": "SA",
        "price": "400",
        "price_per_unit": "67",
        "price_unit": "G"
      },
      {
        "state": "ACT",
        "price": "400",
        "price_per_unit": "67",
        "price_unit": "G"
      },
      {
        "state": "NT",
        "price": "400",
        "price_per_unit": "67",
        "price_unit": "G"
      }
    ]
  },
  {
    "source_url": "https://www.woolworths.com.au/shop/productdetails/331450/pauls-double-thick-custard-french-vanilla",
    "name": "Pauls Double Thick Custard French Vanilla 900g",
    "image_url": "https://cdn1.woolworths.media/content/wowproductimages/large/331450.jpg",
    "source_id": "Woolworths - 331450",
    "barcode": "9310036022992",
    "category_id": "1_6E4F4E4",
    "shop": "Woolworths",
    "weight": "100G",
    "prices": [
      {
        "state": "NSW",
        "price": "680",
        "price_per_unit": "76",
        "price_unit": "G"
      },
      {
        "state": "VIC",
        "price": "680",
        "price_per_unit": "76",
        "price_unit": "G"
      },
      {
        "state": "QLD",
        "price": "680",
        "price_per_unit": "76",
        "price_unit": "G"
      },
      {
        "state": "WA",
        "price": "680",
        "price_per_unit": "76",
        "price_unit": "G"
      },
      {
        "state": "SA",
        "price": "680",
        "price_per_unit": "76",
        "price_unit": "G"
      },
      {
        "state": "ACT",
        "price": "680",
        "price_per_unit": "76",
        "price_unit": "G"
      },
      {
        "state": "NT",
        "price": "680",
        "price_per_unit": "76",
        "price_unit": "G"
      }
    ]
  },
  {
    "source_url": "https://www.woolworths.com.au/shop/productdetails/344082/pauls-double-thick-custard-rich-chocolate",
    "name": "Pauls Double Thick Custard Rich Chocolate 900g",
    "image_url": "https://cdn1.woolworths.media/content/wowproductimages/large/344082.jpg",
    "source_id": "Woolworths - 344082",
    "barcode": "9310036039631",
    "category_id": "1_6E4F4E4",
    "shop": "Woolworths",
    "weight": "100G",
    "prices": [
      {
        "state": "NSW",
        "price": "680",
        "price_per_unit": "76",
        "price_unit": "G"
      },
      {
        "state": "VIC",
        "price": "680",
        "price_per_unit": "76",
        "price_unit": "G"
      },
      {
        "state": "QLD",
        "price": "680",
        "price_per_unit": "76",
        "price_unit": "G"
      },
      {
        "state": "WA",
        "price": "680",
        "price_per_unit": "76",
        "price_unit": "G"
      },
      {
        "state": "SA",
        "price": "680",
        "price_per_unit": "76",
        "price_unit": "G"
      },
      {
        "state": "ACT",
        "price": "680",
        "price_per_unit": "76",
        "price_unit": "G"
      },
      {
        "state": "NT",
        "price": "680",
        "price_per_unit": "76",
        "price_unit": "G"
      }
    ]
  },
  {
    "source_url": "https://www.woolworths.com.au/shop/productdetails/551858/pauls-farmhouse-gold-custard-vanilla-vanilla",
    "name": "Pauls Farmhouse Gold Custard Vanilla 800g",
    "image_url": "https://cdn1.woolworths.media/content/wowproductimages/large/551858.jpg",
    "source_id": "Woolworths - 551858",
    "barcode": "9310036044314",
    "category_id": "1_6E4F4E4",
    "shop": "Woolworths",
    "weight": "100G",
    "prices": [
      {
        "state": "NSW",
        "price": "690",
        "price_per_unit": "86",
        "price_unit": "G"
      },
      {
        "state": "VIC",
        "price": "690",
        "price_per_unit": "86",
        "price_unit": "G"
      },
      {
        "state": "QLD",
        "price": "690",
        "price_per_unit": "86",
        "price_unit": "G"
      },
      {
        "state": "ACT",
        "price": "690",
        "price_per_unit": "86",
        "price_unit": "G"
      }
    ]
  },
  {
    "source_url": "https://www.woolworths.com.au/shop/productdetails/436519/pauls-kids-avengers-chocolate-custard-pouch",
    "name": "Pauls Kids Avengers Chocolate Custard Pouch 140g",
    "image_url": "https://cdn1.woolworths.media/content/wowproductimages/large/436519.jpg",
    "source_id": "Woolworths - 436519",
    "barcode": "9310036046943",
    "category_id": "1_6E4F4E4",
    "shop": "Woolworths",
    "weight": "100G",
    "prices": [
      {
        "state": "NSW",
        "price": "240",
        "price_per_unit": "171",
        "price_unit": "G"
      },
      {
        "state": "VIC",
        "price": "240",
        "price_per_unit": "171",
        "price_unit": "G"
      },
      {
        "state": "QLD",
        "price": "240",
        "price_per_unit": "171",
        "price_unit": "G"
      },
      {
        "state": "WA",
        "price": "240",
        "price_per_unit": "171",
        "price_unit": "G"
      },
      {
        "state": "SA",
        "price": "240",
        "price_per_unit": "171",
        "price_unit": "G"
      },
      {
        "state": "TAS",
        "price": "240",
        "price_per_unit": "171",
        "price_unit": "G"
      },
      {
        "state": "ACT",
        "price": "240",
        "price_per_unit": "171",
        "price_unit": "G"
      },
      {
        "state": "NT",
        "price": "240",
        "price_per_unit": "171",
        "price_unit": "G"
      }
    ]
  },
  {
    "source_url": "https://www.woolworths.com.au/shop/productdetails/751963/pauls-kids-bluey-chocolate-custard-pouch",
    "name": "Pauls Kids Bluey Chocolate Custard Pouch 70g",
    "image_url": "https://cdn1.woolworths.media/content/wowproductimages/large/751963.jpg",
    "source_id": "Woolworths - 751963",
    "barcode": "9310036044918",
    "category_id": "1_6E4F4E4",
    "shop": "Woolworths",
    "weight": "100G",
    "prices": [
      {
        "state": "NSW",
        "price": "190",
        "price_per_unit": "271",
        "price_unit": "G"
      },
      {
        "state": "VIC",
        "price": "190",
        "price_per_unit": "271",
        "price_unit": "G"
      },
      {
        "state": "QLD",
        "price": "190",
        "price_per_unit": "271",
        "price_unit": "G"
      },
      {
        "state": "WA",
        "price": "190",
        "price_per_unit": "271",
        "price_unit": "G"
      },
      {
        "state": "SA",
        "price": "190",
        "price_per_unit": "271",
        "price_unit": "G"
      },
      {
        "state": "TAS",
        "price": "190",
        "price_per_unit": "271",
        "price_unit": "G"
      },
      {
        "state": "ACT",
        "price": "190",
        "price_per_unit": "271",
        "price_unit": "G"
      },
      {
        "state": "NT",
        "price": "190",
        "price_per_unit": "271",
        "price_unit": "G"
      }
    ]
  },
  {
    "source_url": "https://www.woolworths.com.au/shop/productdetails/548220/pauls-kids-bluey-strawberry-custard-pouch",
    "name": "Pauls Kids Bluey Strawberry Custard Pouch 70g",
    "image_url": "https://cdn1.woolworths.media/content/wowproductimages/large/548220.jpg",
    "source_id": "Woolworths - 548220",
    "barcode": "9310036049746",
    "category_id": "1_6E4F4E4",
    "shop": "Woolworths",
    "weight": "100G",
    "prices": [
      {
        "state": "NSW",
        "price": "190",
        "price_per_unit": "271",
        "price_unit": "G"
      },
      {
        "state": "VIC",
        "price": "190",
        "price_per_unit": "271",
        "price_unit": "G"
      },
      {
        "state": "QLD",
        "price": "190",
        "price_per_unit": "271",
        "price_unit": "G"
      },
      {
        "state": "WA",
        "price": "190",
        "price_per_unit": "271",
        "price_unit": "G"
      },
      {
        "state": "SA",
        "price": "190",
        "price_per_unit": "271",
        "price_unit": "G"
      },
      {
        "state": "TAS",
        "price": "190",
        "price_per_unit": "271",
        "price_unit": "G"
      },
      {
        "state": "NT",
        "price": "190",
        "price_per_unit": "271",
        "price_unit": "G"
      }
    ]
  },
  {
    "source_url": "https://www.woolworths.com.au/shop/productdetails/751972/pauls-kids-bluey-vanilla-custard-pouch",
    "name": "Pauls Kids Bluey Vanilla Custard Pouch 70g",
    "image_url": "https://cdn1.woolworths.media/content/wowproductimages/large/751972.jpg",
    "source_id": "Woolworths - 751972",
    "barcode": "9310036042488",
    "category_id": "1_6E4F4E4",
    "shop": "Woolworths",
    "weight": "100G",
    "prices": [
      {
        "state": "NSW",
        "price": "190",
        "price_per_unit": "271",
        "price_unit": "G"
      },
      {
        "state": "VIC",
        "price": "190",
        "price_per_unit": "271",
        "price_unit": "G"
      },
      {
        "state": "QLD",
        "price": "190",
        "price_per_unit": "271",
        "price_unit": "G"
      },
      {
        "state": "WA",
        "price": "190",
        "price_per_unit": "271",
        "price_unit": "G"
      },
      {
        "state": "SA",
        "price": "190",
        "price_per_unit": "271",
        "price_unit": "G"
      },
      {
        "state": "TAS",
        "price": "190",
        "price_per_unit": "271",
        "price_unit": "G"
      },
      {
        "state": "ACT",
        "price": "190",
        "price_per_unit": "271",
        "price_unit": "G"
      },
      {
        "state": "NT",
        "price": "190",
        "price_per_unit": "271",
        "price_unit": "G"
      }
    ]
  },
  {
    "source_url": "https://www.woolworths.com.au/shop/productdetails/436516/pauls-zymil-custard-vanilla-vanilla",
    "name": "Pauls Zymil Custard Vanilla 1kg",
    "image_url": "https://cdn1.woolworths.media/content/wowproductimages/large/436516.jpg",
    "source_id": "Woolworths - 436516",
    "barcode": "9310036043621",
    "category_id": "1_6E4F4E4",
    "shop": "Woolworths",
    "weight": "100G",
    "prices": [
      {
        "state": "NSW",
        "price": "640",
        "price_per_unit": "64",
        "price_unit": "G"
      },
      {
        "state": "VIC",
        "price": "640",
        "price_per_unit": "64",
        "price_unit": "G"
      },
      {
        "state": "QLD",
        "price": "640",
        "price_per_unit": "64",
        "price_unit": "G"
      },
      {
        "state": "SA",
        "price": "640",
        "price_per_unit": "64",
        "price_unit": "G"
      },
      {
        "state": "ACT",
        "price": "640",
        "price_per_unit": "64",
        "price_unit": "G"
      },
      {
        "state": "NT",
        "price": "640",
        "price_per_unit": "64",
        "price_unit": "G"
      }
    ]
  },
  {
    "source_url": "https://www.woolworths.com.au/shop/productdetails/624204/woolworths-vanilla-custard-97-fat-free",
    "name": "Woolworths Vanilla Custard 97% Fat Free 1kg",
    "image_url": "https://cdn1.woolworths.media/content/wowproductimages/large/624204.jpg",
    "source_id": "Woolworths - 624204",
    "barcode": "9300633675479",
    "category_id": "1_6E4F4E4",
    "shop": "Woolworths",
    "weight": "100G",
    "prices": [
      {
        "state": "NSW",
        "price": "285",
        "price_per_unit": "29",
        "price_unit": "G"
      },
      {
        "state": "VIC",
        "price": "285",
        "price_per_unit": "29",
        "price_unit": "G"
      },
      {
        "state": "QLD",
        "price": "285",
        "price_per_unit": "29",
        "price_unit": "G"
      },
      {
        "state": "WA",
        "price": "285",
        "price_per_unit": "29",
        "price_unit": "G"
      },
      {
        "state": "SA",
        "price": "285",
        "price_per_unit": "29",
        "price_unit": "G"
      },
      {
        "state": "TAS",
        "price": "285",
        "price_per_unit": "29",
        "price_unit": "G"
      },
      {
        "state": "ACT",
        "price": "285",
        "price_per_unit": "29",
        "price_unit": "G"
      },
      {
        "state": "NT",
        "price": "285",
        "price_per_unit": "29",
        "price_unit": "G"
      }
    ]
  },
  {
    "source_url": "https://www.woolworths.com.au/shop/productdetails/33379/foster-clark-s-custard-powder",
    "name": "Foster Clark's Custard Powder 350g",
    "image_url": "https://cdn1.woolworths.media/content/wowproductimages/large/033379.jpg",
    "source_id": "Woolworths - 33379",
    "barcode": "9300681400191",
    "category_id": "1_6E4F4E4",
    "shop": "Woolworths",
    "weight": "100G",
    "prices": [
      {
        "state": "VIC",
        "price": "275",
        "price_per_unit": "79",
        "price_unit": "G"
      },
      {
        "state": "QLD",
        "price": "275",
        "price_per_unit": "79",
        "price_unit": "G"
      },
      {
        "state": "WA",
        "price": "275",
        "price_per_unit": "79",
        "price_unit": "G"
      },
      {
        "state": "SA",
        "price": "275",
        "price_per_unit": "79",
        "price_unit": "G"
      },
      {
        "state": "TAS",
        "price": "275",
        "price_per_unit": "79",
        "price_unit": "G"
      },
      {
        "state": "ACT",
        "price": "275",
        "price_per_unit": "79",
        "price_unit": "G"
      },
      {
        "state": "NT",
        "price": "275",
        "price_per_unit": "79",
        "price_unit": "G"
      }
    ]
  },
  {
    "source_url": "https://www.woolworths.com.au/shop/productdetails/705432/nurses-custard-powder",
    "name": "Nurses Custard Powder 375g",
    "image_url": "https://cdn1.woolworths.media/content/wowproductimages/large/705432.jpg",
    "source_id": "Woolworths - 705432",
    "barcode": "9331333000025",
    "category_id": "1_6E4F4E4",
    "shop": "Woolworths",
    "weight": "100G",
    "prices": [
      {
        "state": "VIC",
        "price": "370",
        "price_per_unit": "99",
        "price_unit": "G"
      },
      {
        "state": "QLD",
        "price": "370",
        "price_per_unit": "99",
        "price_unit": "G"
      },
      {
        "state": "WA",
        "price": "370",
        "price_per_unit": "99",
        "price_unit": "G"
      },
      {
        "state": "SA",
        "price": "370",
        "price_per_unit": "99",
        "price_unit": "G"
      },
      {
        "state": "TAS",
        "price": "370",
        "price_per_unit": "99",
        "price_unit": "G"
      },
      {
        "state": "ACT",
        "price": "370",
        "price_per_unit": "99",
        "price_unit": "G"
      },
      {
        "state": "NT",
        "price": "370",
        "price_per_unit": "99",
        "price_unit": "G"
      }
    ]
  },
  {
    "source_url": "https://www.woolworths.com.au/shop/productdetails/117430/south-australian-gourmet-food-company-banana-custard",
    "name": "South Australian Gourmet Food Company Banana Custard 120g",
    "image_url": "https://cdn1.woolworths.media/content/wowproductimages/large/117430.jpg",
    "source_id": "Woolworths - 117430",
    "barcode": "9310768113982",
    "category_id": "1_6E4F4E4",
    "shop": "Woolworths",
    "weight": "100G",
    "prices": [
      {
        "state": "VIC",
        "price": "170",
        "price_per_unit": "142",
        "price_unit": "G"
      },
      {
        "state": "QLD",
        "price": "170",
        "price_per_unit": "142",
        "price_unit": "G"
      },
      {
        "state": "WA",
        "price": "170",
        "price_per_unit": "142",
        "price_unit": "G"
      },
      {
        "state": "SA",
        "price": "170",
        "price_per_unit": "142",
        "price_unit": "G"
      },
      {
        "state": "TAS",
        "price": "170",
        "price_per_unit": "142",
        "price_unit": "G"
      },
      {
        "state": "ACT",
        "price": "170",
        "price_per_unit": "142",
        "price_unit": "G"
      },
      {
        "state": "NT",
        "price": "180",
        "price_per_unit": "150",
        "price_unit": "G"
      }
    ]
  },
  {
    "source_url": "https://www.woolworths.com.au/shop/productdetails/820977/woolworths-vanilla-custard-powder",
    "name": "Woolworths Vanilla Custard Powder 300g",
    "image_url": "https://cdn1.woolworths.media/content/wowproductimages/large/820977.jpg",
    "source_id": "Woolworths - 820977",
    "barcode": "9339687080441",
    "category_id": "1_6E4F4E4",
    "shop": "Woolworths",
    "weight": "100G",
    "prices": [
      {
        "state": "VIC",
        "price": "250",
        "price_per_unit": "83",
        "price_unit": "G"
      },
      {
        "state": "QLD",
        "price": "250",
        "price_per_unit": "83",
        "price_unit": "G"
      },
      {
        "state": "WA",
        "price": "250",
        "price_per_unit": "83",
        "price_unit": "G"
      },
      {
        "state": "SA",
        "price": "250",
        "price_per_unit": "83",
        "price_unit": "G"
      },
      {
        "state": "TAS",
        "price": "250",
        "price_per_unit": "83",
        "price_unit": "G"
      },
      {
        "state": "ACT",
        "price": "250",
        "price_per_unit": "83",
        "price_unit": "G"
      },
      {
        "state": "NT",
        "price": "250",
        "price_per_unit": "83",
        "price_unit": "G"
      }
    ]
  },
  {
    "source_url": "https://www.woolworths.com.au/shop/productdetails/33373/foster-clark-s-seriously-creamy-egg-custard-powder-mix",
    "name": "Foster Clark's Seriously Creamy Egg Custard Powder Mix 75g",
    "image_url": "https://cdn1.woolworths.media/content/wowproductimages/large/033373.jpg",
    "source_id": "Woolworths - 33373",
    "barcode": "9300681405196",
    "category_id": "1_6E4F4E4",
    "shop": "Woolworths",
    "weight": "100G",
    "prices": [
      {
        "state": "WA",
        "price": "350",
        "price_per_unit": "467",
        "price_unit": "G"
      },
      {
        "state": "SA",
        "price": "350",
        "price_per_unit": "467",
        "price_unit": "G"
      },
      {
        "state": "TAS",
        "price": "350",
        "price_per_unit": "467",
        "price_unit": "G"
      },
      {
        "state": "ACT",
        "price": "350",
        "price_per_unit": "467",
        "price_unit": "G"
      },
      {
        "state": "NT",
        "price": "350",
        "price_per_unit": "467",
        "price_unit": "G"
      }
    ]
  },
  {
    "source_url": "https://www.woolworths.com.au/shop/productdetails/57620/foster-clark-s-snak-pack-chocolate-flavoured-custard-pouch",
    "name": "Foster Clark's Snak Pack Chocolate Flavoured Custard Pouch 120g",
    "image_url": "https://cdn1.woolworths.media/content/wowproductimages/large/057620.jpg",
    "source_id": "Woolworths - 57620",
    "barcode": "9300681398269",
    "category_id": "1_6E4F4E4",
    "shop": "Woolworths",
    "weight": "100G",
    "prices": [
      {
        "state": "WA",
        "price": "190",
        "price_per_unit": "158",
        "price_unit": "G"
      },
      {
        "state": "SA",
        "price": "190",
        "price_per_unit": "158",
        "price_unit": "G"
      },
      {
        "state": "TAS",
        "price": "190",
        "price_per_unit": "158",
        "price_unit": "G"
      },
      {
        "state": "ACT",
        "price": "190",
        "price_per_unit": "158",
        "price_unit": "G"
      },
      {
        "state": "NT",
        "price": "190",
        "price_per_unit": "158",
        "price_unit": "G"
      }
    ]
  },
  {
    "source_url": "https://www.woolworths.com.au/shop/productdetails/57571/foster-clark-s-snak-pack-strawberry-flavoured-custard-pouch",
    "name": "Foster Clark's Snak Pack Strawberry Flavoured Custard Pouch 120g",
    "image_url": "https://cdn1.woolworths.media/content/wowproductimages/large/057571.jpg",
    "source_id": "Woolworths - 57571",
    "barcode": "9300681398405",
    "category_id": "1_6E4F4E4",
    "shop": "Woolworths",
    "weight": "100G",
    "prices": [
      {
        "state": "WA",
        "price": "190",
        "price_per_unit": "158",
        "price_unit": "G"
      },
      {
        "state": "SA",
        "price": "190",
        "price_per_unit": "158",
        "price_unit": "G"
      },
      {
        "state": "TAS",
        "price": "190",
        "price_per_unit": "158",
        "price_unit": "G"
      },
      {
        "state": "ACT",
        "price": "190",
        "price_per_unit": "158",
        "price_unit": "G"
      },
      {
        "state": "NT",
        "price": "190",
        "price_per_unit": "158",
        "price_unit": "G"
      }
    ]
  },
  {
    "source_url": "https://www.woolworths.com.au/shop/productdetails/57622/foster-clark-s-snak-pack-vanilla-flavoured-custard-pouch",
    "name": "Foster Clark's Snak Pack Vanilla Flavoured Custard Pouch 120g",
    "image_url": "https://cdn1.woolworths.media/content/wowproductimages/large/057622.jpg",
    "source_id": "Woolworths - 57622",
    "barcode": "9300681398023",
    "category_id": "1_6E4F4E4",
    "shop": "Woolworths",
    "weight": "100G",
    "prices": [
      {
        "state": "WA",
        "price": "190",
        "price_per_unit": "158",
        "price_unit": "G"
      },
      {
        "state": "SA",
        "price": "190",
        "price_per_unit": "158",
        "price_unit": "G"
      },
      {
        "state": "TAS",
        "price": "190",
        "price_per_unit": "158",
        "price_unit": "G"
      },
      {
        "state": "ACT",
        "price": "190",
        "price_per_unit": "158",
        "price_unit": "G"
      },
      {
        "state": "NT",
        "price": "190",
        "price_per_unit": "158",
        "price_unit": "G"
      }
    ]
  },
  {
    "source_url": "https://www.woolworths.com.au/shop/productdetails/107839/harvey-fresh-vanilla-custard-dessert-custard",
    "name": "Harvey Fresh Vanilla Custard Dessert 1L",
    "image_url": "https://cdn1.woolworths.media/content/wowproductimages/large/107839.jpg",
    "source_id": "Woolworths - 107839",
    "barcode": "9311697101828",
    "category_id": "1_6E4F4E4",
    "shop": "Woolworths",
    "weight": "100ML",
    "prices": [
      {
        "state": "WA",
        "price": "430",
        "price_per_unit": "43",
        "price_unit": "ML"
      }
    ]
  },
  {
    "source_url": "https://www.woolworths.com.au/shop/productdetails/116561/south-australian-gourmet-food-company-strawberry-custard",
    "name": "South Australian Gourmet Food Company Strawberry Custard 120g",
    "image_url": "https://cdn1.woolworths.media/content/wowproductimages/large/116561.jpg",
    "source_id": "Woolworths - 116561",
    "barcode": "9310768113999",
    "category_id": "1_6E4F4E4",
    "shop": "Woolworths",
    "weight": "100G",
    "prices": [
      {
        "state": "WA",
        "price": "170",
        "price_per_unit": "142",
        "price_unit": "G"
      },
      {
        "state": "SA",
        "price": "170",
        "price_per_unit": "142",
        "price_unit": "G"
      },
      {
        "state": "TAS",
        "price": "170",
        "price_per_unit": "142",
        "price_unit": "G"
      },
      {
        "state": "ACT",
        "price": "170",
        "price_per_unit": "142",
        "price_unit": "G"
      },
      {
        "state": "NT",
        "price": "180",
        "price_per_unit": "150",
        "price_unit": "G"
      }
    ]
  }
]