[
  {
    "source_url": "https://www.woolworths.com.au/shop/productdetails/921142/just-veg-carrot-shred",
    "name": "Just Veg. Carrot Shred 300g",
    "image_url": "https://cdn1.woolworths.media/content/wowproductimages/large/921142.jpg",
    "source_id": "Woolworths - 921142",
    "barcode": "9321406001660",
    "category_id": "1_6E4F4E4",
    "shop": "Woolworths",
    "weight": "1KG",
    "prices": [
      {
        "state": "NSW",
        "price": "330",
        "price_per_unit": "1100",
        "price_unit": "KG"
      },
      {
        "state": "VIC",
        "price": "330",
        "price_per_unit": "1100",
        "price_unit": "KG"
      },
      {
        "state": "QLD",
        "price": "330",
        "price_per_unit": "1100",
        "price_unit": "KG"
      },
      {
        "state": "SA",
        "price": "330",
        "price_per_unit": "1100",
        "price_unit": "KG"
      },
      {
        "state": "TAS",
        "price": "330",
        "price_per_unit": "1100",
        "price_unit": "KG"
      },
      {
        "state": "ACT",
        "price": "330",
        "price_per_unit": "1100",
        "price_unit": "KG"
      }
    ]
  },
  {
    "source_url": "https://www.woolworths.com.au/shop/productdetails/921080/just-veg-carrot-sticks",
    "name": "Just Veg. Carrot Sticks 300g",
    "image_url": "https://cdn1.woolworths.media/content/wowproductimages/large/921080.jpg",
    "source_id": "Woolworths - 921080",
    "barcode": "9321406001653",
    "category_id": "1_6E4F4E4",
    "shop": "Woolworths",
    "weight": "1KG",
    "prices": [
      {
        "state": "NSW",
        "price": "330",
        "price_per_unit": "1100",
        "price_unit": "KG"
      },
      {
        "state": "VIC",
        "price": "330",
        "price_per_unit": "1100",
        "price_unit": "KG"
      },
      {
        "state": "QLD",
        "price": "330",
        "price_per_unit": "1100",
        "price_unit": "KG"
      },
      {
        "state": "SA",
        "price": "330",
        "price_per_unit": "1100",
        "price_unit": "KG"
      },
      {
        "state": "TAS",
        "price": "330",
        "price_per_unit": "1100",
        "price_unit": "KG"
      },
      {
        "state": "ACT",
        "price": "330",
        "price_per_unit": "1100",
        "price_unit": "KG"
      },
      {
        "state": "NT",
        "price": "330",
        "price_per_unit": "1100",
        "price_unit": "KG"
      }
    ]
  },
  {
    "source_url": "https://www.woolworths.com.au/shop/productdetails/702151/woolworths-american-style-slaw-kit",
    "name": "Woolworths American Style Slaw Kit 450g",
    "image_url": "https://cdn1.woolworths.media/content/wowproductimages/large/702151.jpg",
    "source_id": "Woolworths - 702151",
    "barcode": "9339687058556",
    "category_id": "1_6E4F4E4",
    "shop": "Woolworths",
    "weight": "1KG",
    "prices": [
      {
        "state": "NSW",
        "price": "400",
        "price_per_unit": "889",
        "price_unit": "KG"
      },
      {
        "state": "VIC",
        "price": "400",
        "price_per_unit": "889",
        "price_unit": "KG"
      },
      {
        "state": "QLD",
        "price": "400",
        "price_per_unit": "889",
        "price_unit": "KG"
      },
      {
        "state": "WA",
        "price": "400",
        "price_per_unit": "889",
        "price_unit": "KG"
      },
      {
        "state": "SA",
        "price": "400",
        "price_per_unit": "889",
        "price_unit": "KG"
      },
      {
        "state": "TAS",
        "price": "400",
        "price_per_unit": "889",
        "price_unit": "KG"
      },
      {
        "state": "ACT",
        "price": "400",
        "price_per_unit": "889",
        "price_unit": "KG"
      },
      {
        "state": "NT",
        "price": "400",
        "price_per_unit": "889",
        "price_unit": "KG"
      }
    ]
  },
  {
    "source_url": "https://www.woolworths.com.au/shop/productdetails/164644/woolworths-asian-salad-bowl",
    "name": "Woolworths Asian Salad Bowl 230g",
    "image_url": "https://cdn1.woolworths.media/content/wowproductimages/large/164644.jpg",
    "source_id": "Woolworths - 164644",
    "barcode": "9339687265442",
    "category_id": "1_6E4F4E4",
    "shop": "Woolworths",
    "weight": "1KG",
    "prices": [
      {
        "state": "NSW",
        "price": "550",
        "price_per_unit": "2391",
        "price_unit": "KG"
      },
      {
        "state": "VIC",
        "price": "550",
        "price_per_unit": "2391",
        "price_unit": "KG"
      },
      {
        "state": "QLD",
        "price": "550",
        "price_per_unit": "2391",
        "price_unit": "KG"
      },
      {
        "state": "WA",
        "price": "550",
        "price_per_unit": "2391",
        "price_unit": "KG"
      },
      {
        "state": "SA",
        "price": "550",
        "price_per_unit": "2391",
        "price_unit": "KG"
      },
      {
        "state": "TAS",
        "price": "550",
        "price_per_unit": "2391",
        "price_unit": "KG"
      },
      {
        "state": "ACT",
        "price": "550",
        "price_per_unit": "2391",
        "price_unit": "KG"
      }
    ]
  },
  {
    "source_url": "https://www.woolworths.com.au/shop/productdetails/338087/woolworths-asian-salad-kit-tub",
    "name": "Woolworths Asian Salad Kit Tub 250g",
    "image_url": "https://cdn1.woolworths.media/content/wowproductimages/large/338087.jpg",
    "source_id": "Woolworths - 338087",
    "barcode": "9300633145484",
    "category_id": "1_6E4F4E4",
    "shop": "Woolworths",
    "weight": "1KG",
    "prices": [
      {
        "state": "NSW",
        "price": "650",
        "price_per_unit": "2600",
        "price_unit": "KG"
      },
      {
        "state": "VIC",
        "price": "650",
        "price_per_unit": "2600",
        "price_unit": "KG"
      },
      {
        "state": "QLD",
        "price": "650",
        "price_per_unit": "2600",
        "price_unit": "KG"
      },
      {
        "state": "TAS",
        "price": "650",
        "price_per_unit": "2600",
        "price_unit": "KG"
      },
      {
        "state": "ACT",
        "price": "650",
        "price_per_unit": "2600",
        "price_unit": "KG"
      },
      {
        "state": "NT",
        "price": "650",
        "price_per_unit": "2600",
        "price_unit": "KG"
      }
    ]
  },
  {
    "source_url": "https://www.woolworths.com.au/shop/productdetails/743361/woolworths-asian-style-salad-kit",
    "name": "Woolworths Asian Style Salad Kit 350g",
    "image_url": "https://cdn1.woolworths.media/content/wowproductimages/large/743361.jpg",
    "source_id": "Woolworths - 743361",
    "barcode": "9339687091751",
    "category_id": "1_6E4F4E4",
    "shop": "Woolworths",
    "weight": "1KG",
    "prices": [
      {
        "state": "NSW",
        "price": "550",
        "price_per_unit": "1571",
        "price_unit": "KG"
      },
      {
        "state": "VIC",
        "price": "550",
        "price_per_unit": "1571",
        "price_unit": "KG"
      },
      {
        "state": "QLD",
        "price": "550",
        "price_per_unit": "1571",
        "price_unit": "KG"
      },
      {
        "state": "WA",
        "price": "550",
        "price_per_unit": "1571",
        "price_unit": "KG"
      },
      {
        "state": "SA",
        "price": "550",
        "price_per_unit": "1571",
        "price_unit": "KG"
      },
      {
        "state": "TAS",
        "price": "550",
        "price_per_unit": "1571",
        "price_unit": "KG"
      },
      {
        "state": "ACT",
        "price": "550",
        "price_per_unit": "1571",
        "price_unit": "KG"
      },
      {
        "state": "NT",
        "price": "550",
        "price_per_unit": "1571",
        "price_unit": "KG"
      }
    ]
  },
  {
    "source_url": "https://www.woolworths.com.au/shop/productdetails/54900/woolworths-baby-leaf-rocket",
    "name": "Woolworths Baby Leaf Rocket 120g",
    "image_url": "https://cdn1.woolworths.media/content/wowproductimages/large/054900.jpg",
    "source_id": "Woolworths - 54900",
    "barcode": "9339687105892",
    "category_id": "1_6E4F4E4",
    "shop": "Woolworths",
    "weight": "1KG",
    "prices": [
      {
        "state": "NSW",
        "price": "330",
        "price_per_unit": "2750",
        "price_unit": "KG"
      },
      {
        "state": "VIC",
        "price": "330",
        "price_per_unit": "2750",
        "price_unit": "KG"
      },
      {
        "state": "QLD",
        "price": "330",
        "price_per_unit": "2750",
        "price_unit": "KG"
      },
      {
        "state": "WA",
        "price": "330",
        "price_per_unit": "2750",
        "price_unit": "KG"
      },
      {
        "state": "SA",
        "price": "330",
        "price_per_unit": "2750",
        "price_unit": "KG"
      },
      {
        "state": "TAS",
        "price": "330",
        "price_per_unit": "2750",
        "price_unit": "KG"
      },
      {
        "state": "ACT",
        "price": "330",
        "price_per_unit": "2750",
        "price_unit": "KG"
      },
      {
        "state": "NT",
        "price": "330",
        "price_per_unit": "2750",
        "price_unit": "KG"
      }
    ]
  },
  {
    "source_url": "https://www.woolworths.com.au/shop/productdetails/524322/woolworths-baby-leaf-spinach",
    "name": "Woolworths Baby Leaf Spinach 120g",
    "image_url": "https://cdn1.woolworths.media/content/wowproductimages/large/524322.jpg",
    "source_id": "Woolworths - 524322",
    "barcode": "9300633614867",
    "category_id": "1_6E4F4E4",
    "shop": "Woolworths",
    "weight": "1KG",
    "prices": [
      {
        "state": "NSW",
        "price": "300",
        "price_per_unit": "2500",
        "price_unit": "KG"
      },
      {
        "state": "VIC",
        "price": "300",
        "price_per_unit": "2500",
        "price_unit": "KG"
      },
      {
        "state": "QLD",
        "price": "300",
        "price_per_unit": "2500",
        "price_unit": "KG"
      },
      {
        "state": "WA",
        "price": "300",
        "price_per_unit": "2500",
        "price_unit": "KG"
      },
      {
        "state": "SA",
        "price": "300",
        "price_per_unit": "2500",
        "price_unit": "KG"
      },
      {
        "state": "TAS",
        "price": "300",
        "price_per_unit": "2500",
        "price_unit": "KG"
      },
      {
        "state": "ACT",
        "price": "300",
        "price_per_unit": "2500",
        "price_unit": "KG"
      },
      {
        "state": "NT",
        "price": "300",
        "price_per_unit": "2500",
        "price_unit": "KG"
      }
    ]
  },
  {
    "source_url": "https://www.woolworths.com.au/shop/productdetails/317566/woolworths-baby-leaf-with-beetroot-carrot",
    "name": "Woolworths Baby Leaf With Beetroot & Carrot 180g",
    "image_url": "https://cdn1.woolworths.media/content/wowproductimages/large/317566.jpg",
    "source_id": "Woolworths - 317566",
    "barcode": "9300633101435",
    "category_id": "1_6E4F4E4",
    "shop": "Woolworths",
    "weight": "1KG",
    "prices": [
      {
        "state": "NSW",
        "price": "400",
        "price_per_unit": "2222",
        "price_unit": "KG"
      },
      {
        "state": "VIC",
        "price": "400",
        "price_per_unit": "2222",
        "price_unit": "KG"
      },
      {
        "state": "QLD",
        "price": "400",
        "price_per_unit": "2222",
        "price_unit": "KG"
      },
      {
        "state": "WA",
        "price": "400",
        "price_per_unit": "2222",
        "price_unit": "KG"
      },
      {
        "state": "SA",
        "price": "400",
        "price_per_unit": "2222",
        "price_unit": "KG"
      },
      {
        "state": "TAS",
        "price": "400",
        "price_per_unit": "2222",
        "price_unit": "KG"
      },
      {
        "state": "ACT",
        "price": "400",
        "price_per_unit": "2222",
        "price_unit": "KG"
      },
      {
        "state": "NT",
        "price": "400",
        "price_per_unit": "2222",
        "price_unit": "KG"
      }
    ]
  },
  {
    "source_url": "https://www.woolworths.com.au/shop/productdetails/380580/woolworths-baby-rocket",
    "name": "Woolworths Baby Rocket 60g",
    "image_url": "https://cdn1.woolworths.media/content/wowproductimages/large/380580.jpg",
    "source_id": "Woolworths - 380580",
    "barcode": "9300633442194",
    "category_id": "1_6E4F4E4",
    "shop": "Woolworths",
    "weight": "1KG",
    "prices": [
      {
        "state": "NSW",
        "price": "200",
        "price_per_unit": "3333",
        "price_unit": "KG"
      },
      {
        "state": "VIC",
        "price": "200",
        "price_per_unit": "3333",
        "price_unit": "KG"
      },
      {
        "state": "QLD",
        "price": "200",
        "price_per_unit": "3333",
        "price_unit": "KG"
      },
      {
        "state": "WA",
        "price": "200",
        "price_per_unit": "3333",
        "price_unit": "KG"
      },
      {
        "state": "SA",
        "price": "200",
        "price_per_unit": "3333",
        "price_unit": "KG"
      },
      {
        "state": "TAS",
        "price": "200",
        "price_per_unit": "3333",
        "price_unit": "KG"
      },
      {
        "state": "ACT",
        "price": "200",
        "price_per_unit": "3333",
        "price_unit": "KG"
      }
    ]
  },
  {
    "source_url": "https://www.woolworths.com.au/shop/productdetails/54901/woolworths-baby-spinach-kale",
    "name": "Woolworths Baby Spinach & Kale 300g",
    "image_url": "https://cdn1.woolworths.media/content/wowproductimages/large/054901.jpg",
    "source_id": "Woolworths - 54901",
    "barcode": "9339687105908",
    "category_id": "1_6E4F4E4",
    "shop": "Woolworths",
    "weight": "1KG",
    "prices": [
      {
        "state": "NSW",
        "price": "500",
        "price_per_unit": "1667",
        "price_unit": "KG"
      },
      {
        "state": "VIC",
        "price": "500",
        "price_per_unit": "1667",
        "price_unit": "KG"
      },
      {
        "state": "QLD",
        "price": "500",
        "price_per_unit": "1667",
        "price_unit": "KG"
      },
      {
        "state": "WA",
        "price": "500",
        "price_per_unit": "1667",
        "price_unit": "KG"
      },
      {
        "state": "SA",
        "price": "500",
        "price_per_unit": "1667",
        "price_unit": "KG"
      },
      {
        "state": "TAS",
        "price": "500",
        "price_per_unit": "1667",
        "price_unit": "KG"
      },
      {
        "state": "ACT",
        "price": "500",
        "price_per_unit": "1667",
        "price_unit": "KG"
      },
      {
        "state": "NT",
        "price": "500",
        "price_per_unit": "1667",
        "price_unit": "KG"
      }
    ]
  },
  {
    "source_url": "https://www.woolworths.com.au/shop/productdetails/705439/woolworths-baby-spinach-rocket",
    "name": "Woolworths Baby Spinach & Rocket 120g",
    "image_url": "https://cdn1.woolworths.media/content/wowproductimages/large/705439.jpg",
    "source_id": "Woolworths - 705439",
    "barcode": "9339687060856",
    "category_id": "1_6E4F4E4",
    "shop": "Woolworths",
    "weight": "1KG",
    "prices": [
      {
        "state": "NSW",
        "price": "300",
        "price_per_unit": "2500",
        "price_unit": "KG"
      },
      {
        "state": "VIC",
        "price": "300",
        "price_per_unit": "2500",
        "price_unit": "KG"
      },
      {
        "state": "QLD",
        "price": "300",
        "price_per_unit": "2500",
        "price_unit": "KG"
      },
      {
        "state": "WA",
        "price": "300",
        "price_per_unit": "2500",
        "price_unit": "KG"
      },
      {
        "state": "SA",
        "price": "300",
        "price_per_unit": "2500",
        "price_unit": "KG"
      },
      {
        "state": "TAS",
        "price": "300",
        "price_per_unit": "2500",
        "price_unit": "KG"
      },
      {
        "state": "ACT",
        "price": "300",
        "price_per_unit": "2500",
        "price_unit": "KG"
      },
      {
        "state": "NT",
        "price": "300",
        "price_per_unit": "2500",
        "price_unit": "KG"
      }
    ]
  },
  {
    "source_url": "https://www.woolworths.com.au/shop/productdetails/379518/woolworths-baby-spinach-rocket-with-rocket",
    "name": "Woolworths Baby Spinach & Rocket 60g",
    "image_url": "https://cdn1.woolworths.media/content/wowproductimages/large/379518.jpg",
    "source_id": "Woolworths - 379518",
    "barcode": "9317466301574",
    "category_id": "1_6E4F4E4",
    "shop": "Woolworths",
    "weight": "1KG",
    "prices": [
      {
        "state": "NSW",
        "price": "200",
        "price_per_unit": "3333",
        "price_unit": "KG"
      },
      {
        "state": "VIC",
        "price": "200",
        "price_per_unit": "3333",
        "price_unit": "KG"
      },
      {
        "state": "QLD",
        "price": "200",
        "price_per_unit": "3333",
        "price_unit": "KG"
      },
      {
        "state": "WA",
        "price": "200",
        "price_per_unit": "3333",
        "price_unit": "KG"
      },
      {
        "state": "SA",
        "price": "200",
        "price_per_unit": "3333",
        "price_unit": "KG"
      },
      {
        "state": "TAS",
        "price": "200",
        "price_per_unit": "3333",
        "price_unit": "KG"
      },
      {
        "state": "ACT",
        "price": "200",
        "price_per_unit": "3333",
        "price_unit": "KG"
      },
      {
        "state": "NT",
        "price": "200",
        "price_per_unit": "3333",
        "price_unit": "KG"
      }
    ]
  },
  {
    "source_url": "https://www.woolworths.com.au/shop/productdetails/164620/woolworths-beetroot-feta-salad-bowl",
    "name": "Woolworths Beetroot & Feta Salad Bowl 200g",
    "image_url": "https://cdn1.woolworths.media/content/wowproductimages/large/164620.jpg",
    "source_id": "Woolworths - 164620",
    "barcode": "9339687265411",
    "category_id": "1_6E4F4E4",
    "shop": "Woolworths",
    "weight": "1KG",
    "prices": [
      {
        "state": "NSW",
        "price": "650",
        "price_per_unit": "3250",
        "price_unit": "KG"
      },
      {
        "state": "VIC",
        "price": "650",
        "price_per_unit": "3250",
        "price_unit": "KG"
      },
      {
        "state": "QLD",
        "price": "650",
        "price_per_unit": "3250",
        "price_unit": "KG"
      },
      {
        "state": "WA",
        "price": "650",
        "price_per_unit": "3250",
        "price_unit": "KG"
      },
      {
        "state": "SA",
        "price": "650",
        "price_per_unit": "3250",
        "price_unit": "KG"
      },
      {
        "state": "TAS",
        "price": "650",
        "price_per_unit": "3250",
        "price_unit": "KG"
      },
      {
        "state": "ACT",
        "price": "650",
        "price_per_unit": "3250",
        "price_unit": "KG"
      },
      {
        "state": "NT",
        "price": "650",
        "price_per_unit": "3250",
        "price_unit": "KG"
      }
    ]
  },
  {
    "source_url": "https://www.woolworths.com.au/shop/productdetails/703808/woolworths-beetroot-feta-salad-kit-salad-kit",
    "name": "Woolworths Beetroot & Feta Salad Kit 270g",
    "image_url": "https://cdn1.woolworths.media/content/wowproductimages/large/703808.jpg",
    "source_id": "Woolworths - 703808",
    "barcode": "9339687058518",
    "category_id": "1_6E4F4E4",
    "shop": "Woolworths",
    "weight": "1KG",
    "prices": [
      {
        "state": "NSW",
        "price": "650",
        "price_per_unit": "2407",
        "price_unit": "KG"
      },
      {
        "state": "VIC",
        "price": "650",
        "price_per_unit": "2407",
        "price_unit": "KG"
      },
      {
        "state": "QLD",
        "price": "650",
        "price_per_unit": "2407",
        "price_unit": "KG"
      },
      {
        "state": "WA",
        "price": "650",
        "price_per_unit": "2407",
        "price_unit": "KG"
      },
      {
        "state": "SA",
        "price": "650",
        "price_per_unit": "2407",
        "price_unit": "KG"
      },
      {
        "state": "TAS",
        "price": "650",
        "price_per_unit": "2407",
        "price_unit": "KG"
      },
      {
        "state": "ACT",
        "price": "650",
        "price_per_unit": "2407",
        "price_unit": "KG"
      },
      {
        "state": "NT",
        "price": "650",
        "price_per_unit": "2407",
        "price_unit": "KG"
      }
    ]
  },
  {
    "source_url": "https://www.woolworths.com.au/shop/productdetails/164642/woolworths-caesar-salad-bowl",
    "name": "Woolworths Caesar Salad Bowl 200g",
    "image_url": "https://cdn1.woolworths.media/content/wowproductimages/large/164642.jpg",
    "source_id": "Woolworths - 164642",
    "barcode": "9339687265435",
    "category_id": "1_6E4F4E4",
    "shop": "Woolworths",
    "weight": "1KG",
    "prices": [
      {
        "state": "NSW",
        "price": "550",
        "price_per_unit": "2750",
        "price_unit": "KG"
      },
      {
        "state": "VIC",
        "price": "550",
        "price_per_unit": "2750",
        "price_unit": "KG"
      },
      {
        "state": "QLD",
        "price": "550",
        "price_per_unit": "2750",
        "price_unit": "KG"
      },
      {
        "state": "WA",
        "price": "550",
        "price_per_unit": "2750",
        "price_unit": "KG"
      },
      {
        "state": "SA",
        "price": "550",
        "price_per_unit": "2750",
        "price_unit": "KG"
      },
      {
        "state": "TAS",
        "price": "550",
        "price_per_unit": "2750",
        "price_unit": "KG"
      },
      {
        "state": "ACT",
        "price": "550",
        "price_per_unit": "2750",
        "price_unit": "KG"
      }
    ]
  },
  {
    "source_url": "https://www.woolworths.com.au/shop/productdetails/233376/woolworths-caesar-salad-kit-kit",
    "name": "Woolworths Caesar Salad Kit 290g",
    "image_url": "https://cdn1.woolworths.media/content/wowproductimages/large/233376.jpg",
    "source_id": "Woolworths - 233376",
    "barcode": "9300633020644",
    "category_id": "1_6E4F4E4",
    "shop": "Woolworths",
    "weight": "1KG",
    "prices": [
      {
        "state": "NSW",
        "price": "550",
        "price_per_unit": "1897",
        "price_unit": "KG"
      },
      {
        "state": "VIC",
        "price": "550",
        "price_per_unit": "1897",
        "price_unit": "KG"
      },
      {
        "state": "QLD",
        "price": "550",
        "price_per_unit": "1897",
        "price_unit": "KG"
      },
      {
        "state": "WA",
        "price": "550",
        "price_per_unit": "1897",
        "price_unit": "KG"
      },
      {
        "state": "SA",
        "price": "550",
        "price_per_unit": "1897",
        "price_unit": "KG"
      },
      {
        "state": "TAS",
        "price": "550",
        "price_per_unit": "1897",
        "price_unit": "KG"
      },
      {
        "state": "ACT",
        "price": "550",
        "price_per_unit": "1897",
        "price_unit": "KG"
      },
      {
        "state": "NT",
        "price": "550",
        "price_per_unit": "1897",
        "price_unit": "KG"
      }
    ]
  },
  {
    "source_url": "https://www.woolworths.com.au/shop/productdetails/169160/woolworths-caesar-salad-kit-tub",
    "name": "Woolworths Caesar Salad Kit Tub 250g",
    "image_url": "https://cdn1.woolworths.media/content/wowproductimages/large/169160.jpg",
    "source_id": "Woolworths - 169160",
    "barcode": "9300633098315",
    "category_id": "1_6E4F4E4",
    "shop": "Woolworths",
    "weight": "1KG",
    "prices": [
      {
        "state": "NSW",
        "price": "650",
        "price_per_unit": "2600",
        "price_unit": "KG"
      },
      {
        "state": "VIC",
        "price": "650",
        "price_per_unit": "2600",
        "price_unit": "KG"
      },
      {
        "state": "QLD",
        "price": "650",
        "price_per_unit": "2600",
        "price_unit": "KG"
      },
      {
        "state": "WA",
        "price": "650",
        "price_per_unit": "2600",
        "price_unit": "KG"
      },
      {
        "state": "SA",
        "price": "650",
        "price_per_unit": "2600",
        "price_unit": "KG"
      },
      {
        "state": "TAS",
        "price": "650",
        "price_per_unit": "2600",
        "price_unit": "KG"
      },
      {
        "state": "ACT",
        "price": "650",
        "price_per_unit": "2600",
        "price_unit": "KG"
      },
      {
        "state": "NT",
        "price": "650",
        "price_per_unit": "2600",
        "price_unit": "KG"
      }
    ]
  },
  {
    "source_url": "https://www.woolworths.com.au/shop/productdetails/56533/woolworths-chicken-buffalo-salad-bowl-salad-bowl",
    "name": "Woolworths Chicken Buffalo Salad Bowl 180g",
    "image_url": "https://cdn1.woolworths.media/content/wowproductimages/large/056533.jpg",
    "source_id": "Woolworths - 56533",
    "barcode": "9339687106073",
    "category_id": "1_6E4F4E4",
    "shop": "Woolworths",
    "weight": "1KG",
    "prices": [
      {
        "state": "NSW",
        "price": "650",
        "price_per_unit": "3611",
        "price_unit": "KG"
      },
      {
        "state": "VIC",
        "price": "650",
        "price_per_unit": "3611",
        "price_unit": "KG"
      },
      {
        "state": "QLD",
        "price": "650",
        "price_per_unit": "3611",
        "price_unit": "KG"
      },
      {
        "state": "WA",
        "price": "650",
        "price_per_unit": "3611",
        "price_unit": "KG"
      },
      {
        "state": "SA",
        "price": "650",
        "price_per_unit": "3611",
        "price_unit": "KG"
      },
      {
        "state": "ACT",
        "price": "650",
        "price_per_unit": "3611",
        "price_unit": "KG"
      },
      {
        "state": "NT",
        "price": "650",
        "price_per_unit": "3611",
        "price_unit": "KG"
      }
    ]
  },
  {
    "source_url": "https://www.woolworths.com.au/shop/productdetails/642106/woolworths-chicken-caesar-salad-bowl-caesar-bowl",
    "name": "Woolworths Chicken Caesar Salad Bowl 180g",
    "image_url": "https://cdn1.woolworths.media/content/wowproductimages/large/642106.jpg",
    "source_id": "Woolworths - 642106",
    "barcode": "9300633683542",
    "category_id": "1_6E4F4E4",
    "shop": "Woolworths",
    "weight": "1KG",
    "prices": [
      {
        "state": "NSW",
        "price": "650",
        "price_per_unit": "4333",
        "price_unit": "KG"
      },
      {
        "state": "VIC",
        "price": "650",
        "price_per_unit": "4333",
        "price_unit": "KG"
      },
      {
        "state": "WA",
        "price": "650",
        "price_per_unit": "4333",
        "price_unit": "KG"
      },
      {
        "state": "SA",
        "price": "650",
        "price_per_unit": "4333",
        "price_unit": "KG"
      },
      {
        "state": "TAS",
        "price": "650",
        "price_per_unit": "4333",
        "price_unit": "KG"
      },
      {
        "state": "ACT",
        "price": "650",
        "price_per_unit": "4333",
        "price_unit": "KG"
      },
      {
        "state": "NT",
        "price": "650",
        "price_per_unit": "4333",
        "price_unit": "KG"
      }
    ]
  },
  {
    "source_url": "https://www.woolworths.com.au/shop/productdetails/531041/woolworths-classic-coleslaw",
    "name": "Woolworths Classic Coleslaw 200g",
    "image_url": "https://cdn1.woolworths.media/content/wowproductimages/large/531041.jpg",
    "source_id": "Woolworths - 531041",
    "barcode": "9300633616229",
    "category_id": "1_6E4F4E4",
    "shop": "Woolworths",
    "weight": "1KG",
    "prices": [
      {
        "state": "NSW",
        "price": "200",
        "price_per_unit": "1000",
        "price_unit": "KG"
      },
      {
        "state": "VIC",
        "price": "200",
        "price_per_unit": "1000",
        "price_unit": "KG"
      },
      {
        "state": "QLD",
        "price": "200",
        "price_per_unit": "1000",
        "price_unit": "KG"
      },
      {
        "state": "WA",
        "price": "200",
        "price_per_unit": "1000",
        "price_unit": "KG"
      },
      {
        "state": "SA",
        "price": "200",
        "price_per_unit": "1000",
        "price_unit": "KG"
      },
      {
        "state": "TAS",
        "price": "200",
        "price_per_unit": "1000",
        "price_unit": "KG"
      },
      {
        "state": "ACT",
        "price": "200",
        "price_per_unit": "1000",
        "price_unit": "KG"
      },
      {
        "state": "NT",
        "price": "200",
        "price_per_unit": "1000",
        "price_unit": "KG"
      }
    ]
  },
  {
    "source_url": "https://www.woolworths.com.au/shop/productdetails/54899/woolworths-classic-coleslaw-kit",
    "name": "Woolworths Classic Coleslaw Kit 500g",
    "image_url": "https://cdn1.woolworths.media/content/wowproductimages/large/054899.jpg",
    "source_id": "Woolworths - 54899",
    "barcode": "9339687105885",
    "category_id": "1_6E4F4E4",
    "shop": "Woolworths",
    "weight": "1KG",
    "prices": [
      {
        "state": "NSW",
        "price": "400",
        "price_per_unit": "800",
        "price_unit": "KG"
      },
      {
        "state": "VIC",
        "price": "400",
        "price_per_unit": "800",
        "price_unit": "KG"
      },
      {
        "state": "WA",
        "price": "400",
        "price_per_unit": "800",
        "price_unit": "KG"
      },
      {
        "state": "SA",
        "price": "400",
        "price_per_unit": "800",
        "price_unit": "KG"
      },
      {
        "state": "TAS",
        "price": "400",
        "price_per_unit": "800",
        "price_unit": "KG"
      },
      {
        "state": "ACT",
        "price": "400",
        "price_per_unit": "800",
        "price_unit": "KG"
      },
      {
        "state": "NT",
        "price": "400",
        "price_per_unit": "800",
        "price_unit": "KG"
      }
    ]
  },
  {
    "source_url": "https://www.woolworths.com.au/shop/productdetails/164641/woolworths-cobb-salad-bowl",
    "name": "Woolworths Cobb Salad Bowl 240g",
    "image_url": "https://cdn1.woolworths.media/content/wowproductimages/large/164641.jpg",
    "source_id": "Woolworths - 164641",
    "barcode": "9339687265428",
    "category_id": "1_6E4F4E4",
    "shop": "Woolworths",
    "weight": "1KG",
    "prices": [
      {
        "state": "NSW",
        "price": "650",
        "price_per_unit": "2708",
        "price_unit": "KG"
      },
      {
        "state": "VIC",
        "price": "650",
        "price_per_unit": "2708",
        "price_unit": "KG"
      },
      {
        "state": "WA",
        "price": "650",
        "price_per_unit": "2708",
        "price_unit": "KG"
      },
      {
        "state": "TAS",
        "price": "650",
        "price_per_unit": "2708",
        "price_unit": "KG"
      },
      {
        "state": "ACT",
        "price": "650",
        "price_per_unit": "2708",
        "price_unit": "KG"
      },
      {
        "state": "NT",
        "price": "650",
        "price_per_unit": "2708",
        "price_unit": "KG"
      }
    ]
  },
  {
    "source_url": "https://www.woolworths.com.au/shop/productdetails/193753/woolworths-crunchy-noodle-coleslaw-kit-coleslaw-kit",
    "name": "Woolworths Crunchy Noodle Coleslaw Kit Coleslaw Kit 520g",
    "image_url": "https://cdn1.woolworths.media/content/wowproductimages/large/193753.jpg",
    "source_id": "Woolworths - 193753",
    "barcode": "9300633100551",
    "category_id": "1_6E4F4E4",
    "shop": "Woolworths",
    "weight": "1KG",
    "prices": [
      {
        "state": "NSW",
        "price": "500",
        "price_per_unit": "962",
        "price_unit": "KG"
      },
      {
        "state": "VIC",
        "price": "500",
        "price_per_unit": "962",
        "price_unit": "KG"
      },
      {
        "state": "QLD",
        "price": "500",
        "price_per_unit": "962",
        "price_unit": "KG"
      },
      {
        "state": "WA",
        "price": "500",
        "price_per_unit": "962",
        "price_unit": "KG"
      },
      {
        "state": "SA",
        "price": "500",
        "price_per_unit": "962",
        "price_unit": "KG"
      },
      {
        "state": "TAS",
        "price": "500",
        "price_per_unit": "962",
        "price_unit": "KG"
      },
      {
        "state": "ACT",
        "price": "500",
        "price_per_unit": "962",
        "price_unit": "KG"
      },
      {
        "state": "NT",
        "price": "500",
        "price_per_unit": "962",
        "price_unit": "KG"
      }
    ]
  },
  {
    "source_url": "https://www.woolworths.com.au/shop/productdetails/315670/woolworths-finely-shredded-coleslaw",
    "name": "Woolworths Finely Shredded Coleslaw 300g",
    "image_url": "https://cdn1.woolworths.media/content/wowproductimages/large/315670.jpg",
    "source_id": "Woolworths - 315670",
    "barcode": "9300633101169",
    "category_id": "1_6E4F4E4",
    "shop": "Woolworths",
    "weight": "1KG",
    "prices": [
      {
        "state": "NSW",
        "price": "300",
        "price_per_unit": "1000",
        "price_unit": "KG"
      },
      {
        "state": "VIC",
        "price": "300",
        "price_per_unit": "1000",
        "price_unit": "KG"
      },
      {
        "state": "QLD",
        "price": "300",
        "price_per_unit": "1000",
        "price_unit": "KG"
      },
      {
        "state": "WA",
        "price": "300",
        "price_per_unit": "1000",
        "price_unit": "KG"
      },
      {
        "state": "SA",
        "price": "300",
        "price_per_unit": "1000",
        "price_unit": "KG"
      },
      {
        "state": "TAS",
        "price": "300",
        "price_per_unit": "1000",
        "price_unit": "KG"
      },
      {
        "state": "ACT",
        "price": "300",
        "price_per_unit": "1000",
        "price_unit": "KG"
      },
      {
        "state": "NT",
        "price": "300",
        "price_per_unit": "1000",
        "price_unit": "KG"
      }
    ]
  },
  {
    "source_url": "https://www.woolworths.com.au/shop/productdetails/233567/woolworths-four-seasons-coleslaw-coleslaw",
    "name": "Woolworths Four Seasons Coleslaw 400g",
    "image_url": "https://cdn1.woolworths.media/content/wowproductimages/large/233567.jpg",
    "source_id": "Woolworths - 233567",
    "barcode": "9300633020781",
    "category_id": "1_6E4F4E4",
    "shop": "Woolworths",
    "weight": "1KG",
    "prices": [
      {
        "state": "NSW",
        "price": "400",
        "price_per_unit": "1000",
        "price_unit": "KG"
      },
      {
        "state": "VIC",
        "price": "400",
        "price_per_unit": "1000",
        "price_unit": "KG"
      },
      {
        "state": "QLD",
        "price": "400",
        "price_per_unit": "1000",
        "price_unit": "KG"
      },
      {
        "state": "WA",
        "price": "400",
        "price_per_unit": "1000",
        "price_unit": "KG"
      },
      {
        "state": "SA",
        "price": "400",
        "price_per_unit": "1000",
        "price_unit": "KG"
      },
      {
        "state": "TAS",
        "price": "400",
        "price_per_unit": "1000",
        "price_unit": "KG"
      },
      {
        "state": "ACT",
        "price": "400",
        "price_per_unit": "1000",
        "price_unit": "KG"
      }
    ]
  },
  {
    "source_url": "https://www.woolworths.com.au/shop/productdetails/164646/woolworths-garden-salad-bowl",
    "name": "Woolworths Garden Salad Bowl 180g",
    "image_url": "https://cdn1.woolworths.media/content/wowproductimages/large/164646.jpg",
    "source_id": "Woolworths - 164646",
    "barcode": "9339687265466",
    "category_id": "1_6E4F4E4",
    "shop": "Woolworths",
    "weight": "1KG",
    "prices": [
      {
        "state": "NSW",
        "price": "550",
        "price_per_unit": "3056",
        "price_unit": "KG"
      },
      {
        "state": "VIC",
        "price": "550",
        "price_per_unit": "3056",
        "price_unit": "KG"
      },
      {
        "state": "QLD",
        "price": "550",
        "price_per_unit": "3056",
        "price_unit": "KG"
      },
      {
        "state": "WA",
        "price": "550",
        "price_per_unit": "3056",
        "price_unit": "KG"
      },
      {
        "state": "SA",
        "price": "550",
        "price_per_unit": "3056",
        "price_unit": "KG"
      },
      {
        "state": "TAS",
        "price": "550",
        "price_per_unit": "3056",
        "price_unit": "KG"
      },
      {
        "state": "ACT",
        "price": "550",
        "price_per_unit": "3056",
        "price_unit": "KG"
      },
      {
        "state": "NT",
        "price": "550",
        "price_per_unit": "3056",
        "price_unit": "KG"
      }
    ]
  },
  {
    "source_url": "https://www.woolworths.com.au/shop/productdetails/159626/woolworths-greek-salad-kit",
    "name": "Woolworths Greek Salad Kit 270g",
    "image_url": "https://cdn1.woolworths.media/content/wowproductimages/large/159626.jpg",
    "source_id": "Woolworths - 159626",
    "barcode": "9300633098605",
    "category_id": "1_6E4F4E4",
    "shop": "Woolworths",
    "weight": "1KG",
    "prices": [
      {
        "state": "NSW",
        "price": "550",
        "price_per_unit": "2037",
        "price_unit": "KG"
      },
      {
        "state": "VIC",
        "price": "550",
        "price_per_unit": "2037",
        "price_unit": "KG"
      },
      {
        "state": "QLD",
        "price": "550",
        "price_per_unit": "2037",
        "price_unit": "KG"
      },
      {
        "state": "WA",
        "price": "550",
        "price_per_unit": "2037",
        "price_unit": "KG"
      },
      {
        "state": "SA",
        "price": "550",
        "price_per_unit": "2037",
        "price_unit": "KG"
      },
      {
        "state": "TAS",
        "price": "550",
        "price_per_unit": "2037",
        "price_unit": "KG"
      },
      {
        "state": "ACT",
        "price": "550",
        "price_per_unit": "2037",
        "price_unit": "KG"
      },
      {
        "state": "NT",
        "price": "550",
        "price_per_unit": "2037",
        "price_unit": "KG"
      }
    ]
  },
  {
    "source_url": "https://www.woolworths.com.au/shop/productdetails/56534/woolworths-green-goodness-salad-bowl-salad-bowl",
    "name": "Woolworths Green Goodness Salad Bowl 240g",
    "image_url": "https://cdn1.woolworths.media/content/wowproductimages/large/056534.jpg",
    "source_id": "Woolworths - 56534",
    "barcode": "9339687106080",
    "category_id": "1_6E4F4E4",
    "shop": "Woolworths",
    "weight": "1KG",
    "prices": [
      {
        "state": "NSW",
        "price": "650",
        "price_per_unit": "2708",
        "price_unit": "KG"
      },
      {
        "state": "VIC",
        "price": "650",
        "price_per_unit": "2708",
        "price_unit": "KG"
      },
      {
        "state": "QLD",
        "price": "650",
        "price_per_unit": "2708",
        "price_unit": "KG"
      },
      {
        "state": "WA",
        "price": "650",
        "price_per_unit": "2708",
        "price_unit": "KG"
      },
      {
        "state": "SA",
        "price": "650",
        "price_per_unit": "2708",
        "price_unit": "KG"
      },
      {
        "state": "TAS",
        "price": "650",
        "price_per_unit": "2708",
        "price_unit": "KG"
      },
      {
        "state": "ACT",
        "price": "650",
        "price_per_unit": "2708",
        "price_unit": "KG"
      },
      {
        "state": "NT",
        "price": "650",
        "price_per_unit": "2708",
        "price_unit": "KG"
      }
    ]
  },
  {
    "source_url": "https://www.woolworths.com.au/shop/productdetails/705436/woolworths-kaleslaw-kit",
    "name": "Woolworths Kaleslaw Kit 350g",
    "image_url": "https://cdn1.woolworths.media/content/wowproductimages/large/705436.jpg",
    "source_id": "Woolworths - 705436",
    "barcode": "9339687060870",
    "category_id": "1_6E4F4E4",
    "shop": "Woolworths",
    "weight": "1KG",
    "prices": [
      {
        "state": "NSW",
        "price": "500",
        "price_per_unit": "1429",
        "price_unit": "KG"
      },
      {
        "state": "VIC",
        "price": "500",
        "price_per_unit": "1429",
        "price_unit": "KG"
      },
      {
        "state": "QLD",
        "price": "500",
        "price_per_unit": "1429",
        "price_unit": "KG"
      },
      {
        "state": "WA",
        "price": "500",
        "price_per_unit": "1429",
        "price_unit": "KG"
      },
      {
        "state": "SA",
        "price": "500",
        "price_per_unit": "1429",
        "price_unit": "KG"
      },
      {
        "state": "TAS",
        "price": "500",
        "price_per_unit": "1429",
        "price_unit": "KG"
      },
      {
        "state": "ACT",
        "price": "500",
        "price_per_unit": "1429",
        "price_unit": "KG"
      },
      {
        "state": "NT",
        "price": "500",
        "price_per_unit": "1429",
        "price_unit": "KG"
      }
    ]
  },
  {
    "source_url": "https://www.woolworths.com.au/shop/productdetails/703827/woolworths-korean-style-salad-kit",
    "name": "Woolworths Korean Style Salad Kit 400g",
    "image_url": "https://cdn1.woolworths.media/content/wowproductimages/large/703827.jpg",
    "source_id": "Woolworths - 703827",
    "barcode": "9339687302208",
    "category_id": "1_6E4F4E4",
    "shop": "Woolworths",
    "weight": "1KG",
    "prices": [
      {
        "state": "NSW",
        "price": "550",
        "price_per_unit": "1375",
        "price_unit": "KG"
      },
      {
        "state": "VIC",
        "price": "550",
        "price_per_unit": "1375",
        "price_unit": "KG"
      },
      {
        "state": "QLD",
        "price": "550",
        "price_per_unit": "1375",
        "price_unit": "KG"
      },
      {
        "state": "WA",
        "price": "550",
        "price_per_unit": "1375",
        "price_unit": "KG"
      },
      {
        "state": "SA",
        "price": "550",
        "price_per_unit": "1375",
        "price_unit": "KG"
      },
      {
        "state": "TAS",
        "price": "550",
        "price_per_unit": "1375",
        "price_unit": "KG"
      },
      {
        "state": "ACT",
        "price": "550",
        "price_per_unit": "1375",
        "price_unit": "KG"
      },
      {
        "state": "NT",
        "price": "550",
        "price_per_unit": "1375",
        "price_unit": "KG"
      }
    ]
  },
  {
    "source_url": "https://www.woolworths.com.au/shop/productdetails/827628/woolworths-leafy-mix-salad",
    "name": "Woolworths Leafy Mix Salad 120g",
    "image_url": "https://cdn1.woolworths.media/content/wowproductimages/large/827628.jpg",
    "source_id": "Woolworths - 827628",
    "barcode": "9300633619169",
    "category_id": "1_6E4F4E4",
    "shop": "Woolworths",
    "weight": "1KG",
    "prices": [
      {
        "state": "NSW",
        "price": "200",
        "price_per_unit": "1667",
        "price_unit": "KG"
      },
      {
        "state": "VIC",
        "price": "200",
        "price_per_unit": "1667",
        "price_unit": "KG"
      },
      {
        "state": "QLD",
        "price": "200",
        "price_per_unit": "1667",
        "price_unit": "KG"
      },
      {
        "state": "WA",
        "price": "200",
        "price_per_unit": "1667",
        "price_unit": "KG"
      },
      {
        "state": "SA",
        "price": "200",
        "price_per_unit": "1667",
        "price_unit": "KG"
      },
      {
        "state": "TAS",
        "price": "200",
        "price_per_unit": "1667",
        "price_unit": "KG"
      },
      {
        "state": "ACT",
        "price": "200",
        "price_per_unit": "1667",
        "price_unit": "KG"
      }
    ]
  },
  {
    "source_url": "https://www.woolworths.com.au/shop/productdetails/714823/woolworths-leafy-mix-salad",
    "name": "Woolworths Leafy Mix Salad 200g",
    "image_url": "https://cdn1.woolworths.media/content/wowproductimages/large/714823.jpg",
    "source_id": "Woolworths - 714823",
    "barcode": "9300633281540",
    "category_id": "1_6E4F4E4",
    "shop": "Woolworths",
    "weight": "1KG",
    "prices": [
      {
        "state": "NSW",
        "price": "300",
        "price_per_unit": "1500",
        "price_unit": "KG"
      },
      {
        "state": "VIC",
        "price": "300",
        "price_per_unit": "1500",
        "price_unit": "KG"
      },
      {
        "state": "QLD",
        "price": "300",
        "price_per_unit": "1500",
        "price_unit": "KG"
      },
      {
        "state": "WA",
        "price": "300",
        "price_per_unit": "1500",
        "price_unit": "KG"
      },
      {
        "state": "SA",
        "price": "300",
        "price_per_unit": "1500",
        "price_unit": "KG"
      },
      {
        "state": "TAS",
        "price": "300",
        "price_per_unit": "1500",
        "price_unit": "KG"
      },
      {
        "state": "ACT",
        "price": "300",
        "price_per_unit": "1500",
        "price_unit": "KG"
      },
      {
        "state": "NT",
        "price": "300",
        "price_per_unit": "1500",
        "price_unit": "KG"
      }
    ]
  },
  {
    "source_url": "https://www.woolworths.com.au/shop/productdetails/164645/woolworths-mexican-style-salad-bowl-ready-to-eat",
    "name": "Woolworths Mexican Style Salad Bowl Ready To Eat 220g",
    "image_url": "https://cdn1.woolworths.media/content/wowproductimages/large/164645.jpg",
    "source_id": "Woolworths - 164645",
    "barcode": "9339687265459",
    "category_id": "1_6E4F4E4",
    "shop": "Woolworths",
    "weight": "1KG",
    "prices": [
      {
        "state": "NSW",
        "price": "550",
        "price_per_unit": "2500",
        "price_unit": "KG"
      },
      {
        "state": "VIC",
        "price": "550",
        "price_per_unit": "2500",
        "price_unit": "KG"
      },
      {
        "state": "QLD",
        "price": "550",
        "price_per_unit": "2500",
        "price_unit": "KG"
      },
      {
        "state": "WA",
        "price": "550",
        "price_per_unit": "2500",
        "price_unit": "KG"
      },
      {
        "state": "SA",
        "price": "550",
        "price_per_unit": "2500",
        "price_unit": "KG"
      },
      {
        "state": "TAS",
        "price": "550",
        "price_per_unit": "2500",
        "price_unit": "KG"
      },
      {
        "state": "ACT",
        "price": "550",
        "price_per_unit": "2500",
        "price_unit": "KG"
      },
      {
        "state": "NT",
        "price": "550",
        "price_per_unit": "2500",
        "price_unit": "KG"
      }
    ]
  },
  {
    "source_url": "https://www.woolworths.com.au/shop/productdetails/702156/woolworths-rainbow-coleslaw",
    "name": "Woolworths Rainbow Coleslaw 300g",
    "image_url": "https://cdn1.woolworths.media/content/wowproductimages/large/702156.jpg",
    "source_id": "Woolworths - 702156",
    "barcode": "9339687058549",
    "category_id": "1_6E4F4E4",
    "shop": "Woolworths",
    "weight": "1KG",
    "prices": [
      {
        "state": "NSW",
        "price": "300",
        "price_per_unit": "1000",
        "price_unit": "KG"
      },
      {
        "state": "VIC",
        "price": "300",
        "price_per_unit": "1000",
        "price_unit": "KG"
      },
      {
        "state": "QLD",
        "price": "300",
        "price_per_unit": "1000",
        "price_unit": "KG"
      },
      {
        "state": "WA",
        "price": "300",
        "price_per_unit": "1000",
        "price_unit": "KG"
      },
      {
        "state": "SA",
        "price": "300",
        "price_per_unit": "1000",
        "price_unit": "KG"
      },
      {
        "state": "TAS",
        "price": "300",
        "price_per_unit": "1000",
        "price_unit": "KG"
      },
      {
        "state": "ACT",
        "price": "300",
        "price_per_unit": "1000",
        "price_unit": "KG"
      },
      {
        "state": "NT",
        "price": "300",
        "price_per_unit": "1000",
        "price_unit": "KG"
      }
    ]
  },
  {
    "source_url": "https://www.woolworths.com.au/shop/productdetails/515547/woolworths-thai-salad-kit",
    "name": "Woolworths Thai Salad Kit 315g",
    "image_url": "https://cdn1.woolworths.media/content/wowproductimages/large/515547.jpg",
    "source_id": "Woolworths - 515547",
    "barcode": "9300633581060",
    "category_id": "1_6E4F4E4",
    "shop": "Woolworths",
    "weight": "1KG",
    "prices": [
      {
        "state": "NSW",
        "price": "550",
        "price_per_unit": "1746",
        "price_unit": "KG"
      },
      {
        "state": "VIC",
        "price": "550",
        "price_per_unit": "1746",
        "price_unit": "KG"
      },
      {
        "state": "QLD",
        "price": "550",
        "price_per_unit": "1746",
        "price_unit": "KG"
      },
      {
        "state": "WA",
        "price": "550",
        "price_per_unit": "1746",
        "price_unit": "KG"
      },
      {
        "state": "SA",
        "price": "550",
        "price_per_unit": "1746",
        "price_unit": "KG"
      },
      {
        "state": "TAS",
        "price": "550",
        "price_per_unit": "1746",
        "price_unit": "KG"
      },
      {
        "state": "ACT",
        "price": "550",
        "price_per_unit": "1746",
        "price_unit": "KG"
      },
      {
        "state": "NT",
        "price": "550",
        "price_per_unit": "1746",
        "price_unit": "KG"
      }
    ]
  },
  {
    "source_url": "https://www.woolworths.com.au/shop/productdetails/780371/woolworths-whole-fresh-beetroot",
    "name": "Woolworths Whole Fresh Beetroot 250g",
    "image_url": "https://cdn1.woolworths.media/content/wowproductimages/large/780371.jpg",
    "source_id": "Woolworths - 780371",
    "barcode": "9300633473853",
    "category_id": "1_6E4F4E4",
    "shop": "Woolworths",
    "weight": "1KG",
    "prices": [
      {
        "state": "NSW",
        "price": "300",
        "price_per_unit": "1200",
        "price_unit": "KG"
      },
      {
        "state": "VIC",
        "price": "300",
        "price_per_unit": "1200",
        "price_unit": "KG"
      },
      {
        "state": "QLD",
        "price": "300",
        "price_per_unit": "1200",
        "price_unit": "KG"
      },
      {
        "state": "SA",
        "price": "300",
        "price_per_unit": "1200",
        "price_unit": "KG"
      },
      {
        "state": "TAS",
        "price": "300",
        "price_per_unit": "1200",
        "price_unit": "KG"
      },
      {
        "state": "ACT",
        "price": "300",
        "price_per_unit": "1200",
        "price_unit": "KG"
      },
      {
        "state": "NT",
        "price": "300",
        "price_per_unit": "1200",
        "price_unit": "KG"
      }
    ]
  },
  {
    "source_url": "https://www.woolworths.com.au/shop/productdetails/780372/woolworths-whole-fresh-beetroot",
    "name": "Woolworths Whole Fresh Beetroot 500g",
    "image_url": "https://cdn1.woolworths.media/content/wowproductimages/large/780372.jpg",
    "source_id": "Woolworths - 780372",
    "barcode": "9300633473860",
    "category_id": "1_6E4F4E4",
    "shop": "Woolworths",
    "weight": "1KG",
    "prices": [
      {
        "state": "NSW",
        "price": "500",
        "price_per_unit": "1000",
        "price_unit": "KG"
      },
      {
        "state": "VIC",
        "price": "500",
        "price_per_unit": "1000",
        "price_unit": "KG"
      },
      {
        "state": "QLD",
        "price": "500",
        "price_per_unit": "1000",
        "price_unit": "KG"
      },
      {
        "state": "SA",
        "price": "500",
        "price_per_unit": "1000",
        "price_unit": "KG"
      },
      {
        "state": "TAS",
        "price": "500",
        "price_per_unit": "1000",
        "price_unit": "KG"
      },
      {
        "state": "ACT",
        "price": "500",
        "price_per_unit": "1000",
        "price_unit": "KG"
      },
      {
        "state": "NT",
        "price": "500",
        "price_per_unit": "1000",
        "price_unit": "KG"
      }
    ]
  },
  {
    "source_url": "https://www.woolworths.com.au/shop/productdetails/659488/salad-servers-bean-medly-with-lemon-zest",
    "name": "Salad Servers Bean Medly With Lemon Zest 250g",
    "image_url": "https://cdn1.woolworths.media/content/wowproductimages/large/659488.jpg",
    "source_id": "Woolworths - 659488",
    "barcode": "9339068011064",
    "category_id": "1_6E4F4E4",
    "shop": "Woolworths",
    "weight": "100G",
    "prices": [
      {
        "state": "NSW",
        "price": "620",
        "price_per_unit": "248",
        "price_unit": "G"
      },
      {
        "state": "VIC",
        "price": "620",
        "price_per_unit": "248",
        "price_unit": "G"
      },
      {
        "state": "QLD",
        "price": "620",
        "price_per_unit": "248",
        "price_unit": "G"
      },
      {
        "state": "SA",
        "price": "620",
        "price_per_unit": "248",
        "price_unit": "G"
      },
      {
        "state": "NT",
        "price": "620",
        "price_per_unit": "248",
        "price_unit": "G"
      }
    ]
  },
  {
    "source_url": "https://www.woolworths.com.au/shop/productdetails/972476/salad-servers-grains-greens",
    "name": "Salad Servers Grains & Greens 250g",
    "image_url": "https://cdn1.woolworths.media/content/wowproductimages/large/972476.jpg",
    "source_id": "Woolworths - 972476",
    "barcode": "9339068011248",
    "category_id": "1_6E4F4E4",
    "shop": "Woolworths",
    "weight": "100G",
    "prices": [
      {
        "state": "NSW",
        "price": "620",
        "price_per_unit": "248",
        "price_unit": "G"
      },
      {
        "state": "VIC",
        "price": "620",
        "price_per_unit": "248",
        "price_unit": "G"
      },
      {
        "state": "SA",
        "price": "620",
        "price_per_unit": "248",
        "price_unit": "G"
      },
      {
        "state": "ACT",
        "price": "620",
        "price_per_unit": "248",
        "price_unit": "G"
      },
      {
        "state": "NT",
        "price": "620",
        "price_per_unit": "248",
        "price_unit": "G"
      }
    ]
  },
  {
    "source_url": "https://www.woolworths.com.au/shop/productdetails/972434/salad-servers-green-goddess-salad",
    "name": "Salad Servers Green Goddess Salad 600g",
    "image_url": "https://cdn1.woolworths.media/content/wowproductimages/large/972434.jpg",
    "source_id": "Woolworths - 972434",
    "barcode": "9339068011231",
    "category_id": "1_6E4F4E4",
    "shop": "Woolworths",
    "weight": "100G",
    "prices": [
      {
        "state": "NSW",
        "price": "1050",
        "price_per_unit": "175",
        "price_unit": "G"
      },
      {
        "state": "VIC",
        "price": "1050",
        "price_per_unit": "175",
        "price_unit": "G"
      },
      {
        "state": "SA",
        "price": "1050",
        "price_per_unit": "175",
        "price_unit": "G"
      },
      {
        "state": "ACT",
        "price": "1050",
        "price_per_unit": "175",
        "price_unit": "G"
      },
      {
        "state": "NT",
        "price": "1050",
        "price_per_unit": "175",
        "price_unit": "G"
      }
    ]
  },
  {
    "source_url": "https://www.woolworths.com.au/shop/productdetails/659998/salad-servers-jewelled-saffron-rice",
    "name": "Salad Servers Jewelled Saffron Rice 600g",
    "image_url": "https://cdn1.woolworths.media/content/wowproductimages/large/659998.jpg",
    "source_id": "Woolworths - 659998",
    "barcode": "9339068011057",
    "category_id": "1_6E4F4E4",
    "shop": "Woolworths",
    "weight": "100G",
    "prices": [
      {
        "state": "NSW",
        "price": "1050",
        "price_per_unit": "175",
        "price_unit": "G"
      },
      {
        "state": "VIC",
        "price": "1050",
        "price_per_unit": "175",
        "price_unit": "G"
      },
      {
        "state": "QLD",
        "price": "1050",
        "price_per_unit": "175",
        "price_unit": "G"
      },
      {
        "state": "SA",
        "price": "1050",
        "price_per_unit": "175",
        "price_unit": "G"
      },
      {
        "state": "NT",
        "price": "1050",
        "price_per_unit": "175",
        "price_unit": "G"
      }
    ]
  },
  {
    "source_url": "https://www.woolworths.com.au/shop/productdetails/624285/salad-servers-lentil-salad-with-extra-virgin-olive-oil-lemon",
    "name": "Salad Servers Lentil Salad With Extra Virgin Olive Oil & Lemon 600g",
    "image_url": "https://cdn1.woolworths.media/content/wowproductimages/large/624285.jpg",
    "source_id": "Woolworths - 624285",
    "barcode": "9339068011019",
    "category_id": "1_6E4F4E4",
    "shop": "Woolworths",
    "weight": "100G",
    "prices": [
      {
        "state": "NSW",
        "price": "1050",
        "price_per_unit": "175",
        "price_unit": "G"
      },
      {
        "state": "VIC",
        "price": "1050",
        "price_per_unit": "175",
        "price_unit": "G"
      },
      {
        "state": "QLD",
        "price": "1050",
        "price_per_unit": "175",
        "price_unit": "G"
      },
      {
        "state": "SA",
        "price": "1050",
        "price_per_unit": "175",
        "price_unit": "G"
      },
      {
        "state": "ACT",
        "price": "1050",
        "price_per_unit": "175",
        "price_unit": "G"
      },
      {
        "state": "NT",
        "price": "1050",
        "price_per_unit": "175",
        "price_unit": "G"
      }
    ]
  },
  {
    "source_url": "https://www.woolworths.com.au/shop/productdetails/627507/salad-servers-pumpkin-couscous-with-fresh-mint",
    "name": "Salad Servers Pumpkin Couscous With Fresh Mint 600g",
    "image_url": "https://cdn1.woolworths.media/content/wowproductimages/large/627507.jpg",
    "source_id": "Woolworths - 627507",
    "barcode": "9339068011026",
    "category_id": "1_6E4F4E4",
    "shop": "Woolworths",
    "weight": "100G",
    "prices": [
      {
        "state": "NSW",
        "price": "1050",
        "price_per_unit": "175",
        "price_unit": "G"
      },
      {
        "state": "VIC",
        "price": "1050",
        "price_per_unit": "175",
        "price_unit": "G"
      },
      {
        "state": "QLD",
        "price": "1050",
        "price_per_unit": "175",
        "price_unit": "G"
      },
      {
        "state": "SA",
        "price": "1050",
        "price_per_unit": "175",
        "price_unit": "G"
      },
      {
        "state": "ACT",
        "price": "1050",
        "price_per_unit": "175",
        "price_unit": "G"
      },
      {
        "state": "NT",
        "price": "1050",
        "price_per_unit": "175",
        "price_unit": "G"
      }
    ]
  },
  {
    "source_url": "https://www.woolworths.com.au/shop/productdetails/969891/salad-servers-roasted-vegetable-couscous",
    "name": "Salad Servers Roasted Vegetable Couscous 250g",
    "image_url": "https://cdn1.woolworths.media/content/wowproductimages/large/969891.jpg",
    "source_id": "Woolworths - 969891",
    "barcode": "9339068011255",
    "category_id": "1_6E4F4E4",
    "shop": "Woolworths",
    "weight": "100G",
    "prices": [
      {
        "state": "NSW",
        "price": "620",
        "price_per_unit": "248",
        "price_unit": "G"
      },
      {
        "state": "VIC",
        "price": "620",
        "price_per_unit": "248",
        "price_unit": "G"
      },
      {
        "state": "SA",
        "price": "620",
        "price_per_unit": "248",
        "price_unit": "G"
      },
      {
        "state": "ACT",
        "price": "620",
        "price_per_unit": "248",
        "price_unit": "G"
      },
      {
        "state": "NT",
        "price": "620",
        "price_per_unit": "248",
        "price_unit": "G"
      }
    ]
  },
  {
    "source_url": "https://www.woolworths.com.au/shop/productdetails/972453/salad-servers-thai-style-black-rice-with-pumpkin-toasted-coconut",
    "name": "Salad Servers Thai-Style Black Rice With Pumpkin & Toasted Coconut 250g",
    "image_url": "https://cdn1.woolworths.media/content/wowproductimages/large/972453.jpg",
    "source_id": "Woolworths - 972453",
    "barcode": "9339068011262",
    "category_id": "1_6E4F4E4",
    "shop": "Woolworths",
    "weight": "100G",
    "prices": [
      {
        "state": "NSW",
        "price": "620",
        "price_per_unit": "248",
        "price_unit": "G"
      },
      {
        "state": "VIC",
        "price": "620",
        "price_per_unit": "248",
        "price_unit": "G"
      },
      {
        "state": "SA",
        "price": "620",
        "price_per_unit": "248",
        "price_unit": "G"
      },
      {
        "state": "ACT",
        "price": "620",
        "price_per_unit": "248",
        "price_unit": "G"
      },
      {
        "state": "NT",
        "price": "620",
        "price_per_unit": "248",
        "price_unit": "G"
      }
    ]
  },
  {
    "source_url": "https://www.woolworths.com.au/shop/productdetails/579474/salad-servers-turmeric-couscous-with-cauliflower-cranberry",
    "name": "Salad Servers Turmeric Couscous With Cauliflower & Cranberry 600g",
    "image_url": "https://cdn1.woolworths.media/content/wowproductimages/large/579474.jpg",
    "source_id": "Woolworths - 579474",
    "barcode": "9339068011040",
    "category_id": "1_6E4F4E4",
    "shop": "Woolworths",
    "weight": "100G",
    "prices": [
      {
        "state": "NSW",
        "price": "1050",
        "price_per_unit": "175",
        "price_unit": "G"
      },
      {
        "state": "VIC",
        "price": "1050",
        "price_per_unit": "175",
        "price_unit": "G"
      },
      {
        "state": "QLD",
        "price": "1050",
        "price_per_unit": "175",
        "price_unit": "G"
      },
      {
        "state": "SA",
        "price": "1050",
        "price_per_unit": "175",
        "price_unit": "G"
      },
      {
        "state": "ACT",
        "price": "1050",
        "price_per_unit": "175",
        "price_unit": "G"
      },
      {
        "state": "NT",
        "price": "1050",
        "price_per_unit": "175",
        "price_unit": "G"
      }
    ]
  },
  {
    "source_url": "https://www.woolworths.com.au/shop/productdetails/970789/strength-meals-co-chicken-balsamic-barley-high-protein-salad",
    "name": "Strength Meals Co Chicken & Balsamic Barley High Protein Salad 320g",
    "image_url": "https://cdn1.woolworths.media/content/wowproductimages/large/970789.jpg",
    "source_id": "Woolworths - 970789",
    "barcode": "9319946009260",
    "category_id": "1_6E4F4E4",
    "shop": "Woolworths",
    "weight": "100G",
    "prices": [
      {
        "state": "NSW",
        "price": "995",
        "price_per_unit": "311",
        "price_unit": "G"
      },
      {
        "state": "VIC",
        "price": "995",
        "price_per_unit": "311",
        "price_unit": "G"
      },
      {
        "state": "QLD",
        "price": "995",
        "price_per_unit": "311",
        "price_unit": "G"
      },
      {
        "state": "ACT",
        "price": "995",
        "price_per_unit": "311",
        "price_unit": "G"
      }
    ]
  },
  {
    "source_url": "https://www.woolworths.com.au/shop/productdetails/967420/strength-meals-co-chicken-potato-salad-high-protein",
    "name": "Strength Meals Co Chicken & Potato Salad High Protein 340g",
    "image_url": "https://cdn1.woolworths.media/content/wowproductimages/large/967420.jpg",
    "source_id": "Woolworths - 967420",
    "barcode": "9319946009291",
    "category_id": "1_6E4F4E4",
    "shop": "Woolworths",
    "weight": "100G",
    "prices": [
      {
        "state": "NSW",
        "price": "995",
        "price_per_unit": "293",
        "price_unit": "G"
      },
      {
        "state": "VIC",
        "price": "995",
        "price_per_unit": "293",
        "price_unit": "G"
      },
      {
        "state": "QLD",
        "price": "995",
        "price_per_unit": "293",
        "price_unit": "G"
      },
      {
        "state": "ACT",
        "price": "995",
        "price_per_unit": "293",
        "price_unit": "G"
      }
    ]
  },
  {
    "source_url": "https://www.woolworths.com.au/shop/productdetails/970846/strength-meals-co-chicken-caesar-pasta-salad",
    "name": "Strength Meals Co Chicken Caesar Pasta Salad 320g",
    "image_url": "https://cdn1.woolworths.media/content/wowproductimages/large/970846.jpg",
    "source_id": "Woolworths - 970846",
    "barcode": "9319946009277",
    "category_id": "1_6E4F4E4",
    "shop": "Woolworths",
    "weight": "100G",
    "prices": [
      {
        "state": "NSW",
        "price": "995",
        "price_per_unit": "311",
        "price_unit": "G"
      },
      {
        "state": "VIC",
        "price": "995",
        "price_per_unit": "311",
        "price_unit": "G"
      },
      {
        "state": "QLD",
        "price": "995",
        "price_per_unit": "311",
        "price_unit": "G"
      },
      {
        "state": "ACT",
        "price": "995",
        "price_per_unit": "311",
        "price_unit": "G"
      }
    ]
  },
  {
    "source_url": "https://www.woolworths.com.au/shop/productdetails/966421/strength-meals-co-tandoori-chicken-cous-cous-salad",
    "name": "Strength Meals Co Tandoori Chicken & Cous Cous Salad 320g",
    "image_url": "https://cdn1.woolworths.media/content/wowproductimages/large/966421.jpg",
    "source_id": "Woolworths - 966421",
    "barcode": "9319946009284",
    "category_id": "1_6E4F4E4",
    "shop": "Woolworths",
    "weight": "100G",
    "prices": [
      {
        "state": "NSW",
        "price": "995",
        "price_per_unit": "311",
        "price_unit": "G"
      },
      {
        "state": "VIC",
        "price": "995",
        "price_per_unit": "311",
        "price_unit": "G"
      },
      {
        "state": "QLD",
        "price": "995",
        "price_per_unit": "311",
        "price_unit": "G"
      },
      {
        "state": "ACT",
        "price": "995",
        "price_per_unit": "311",
        "price_unit": "G"
      }
    ]
  },
  {
    "source_url": "https://www.woolworths.com.au/shop/productdetails/664108/the-salad-servers-quinoa-tabbouleh",
    "name": "The Salad Servers Quinoa Tabbouleh 250g",
    "image_url": "https://cdn1.woolworths.media/content/wowproductimages/large/664108.jpg",
    "source_id": "Woolworths - 664108",
    "barcode": "9339068008262",
    "category_id": "1_6E4F4E4",
    "shop": "Woolworths",
    "weight": "100G",
    "prices": [
      {
        "state": "NSW",
        "price": "620",
        "price_per_unit": "248",
        "price_unit": "G"
      },
      {
        "state": "VIC",
        "price": "620",
        "price_per_unit": "248",
        "price_unit": "G"
      },
      {
        "state": "QLD",
        "price": "620",
        "price_per_unit": "248",
        "price_unit": "G"
      },
      {
        "state": "SA",
        "price": "620",
        "price_per_unit": "248",
        "price_unit": "G"
      },
      {
        "state": "ACT",
        "price": "620",
        "price_per_unit": "248",
        "price_unit": "G"
      },
      {
        "state": "NT",
        "price": "620",
        "price_per_unit": "248",
        "price_unit": "G"
      }
    ]
  },
  {
    "source_url": "https://www.woolworths.com.au/shop/productdetails/385698/woolworths-basil-pesto-pasta-salad",
    "name": "Woolworths Basil Pesto Pasta Salad 250g",
    "image_url": "https://cdn1.woolworths.media/content/wowproductimages/large/385698.jpg",
    "source_id": "Woolworths - 385698",
    "barcode": "9339687354382",
    "category_id": "1_6E4F4E4",
    "shop": "Woolworths",
    "weight": "100G",
    "prices": [
      {
        "state": "NSW",
        "price": "550",
        "price_per_unit": "220",
        "price_unit": "G"
      },
      {
        "state": "VIC",
        "price": "550",
        "price_per_unit": "220",
        "price_unit": "G"
      },
      {
        "state": "QLD",
        "price": "550",
        "price_per_unit": "220",
        "price_unit": "G"
      },
      {
        "state": "WA",
        "price": "550",
        "price_per_unit": "220",
        "price_unit": "G"
      },
      {
        "state": "SA",
        "price": "550",
        "price_per_unit": "220",
        "price_unit": "G"
      },
      {
        "state": "TAS",
        "price": "550",
        "price_per_unit": "220",
        "price_unit": "G"
      },
      {
        "state": "ACT",
        "price": "550",
        "price_per_unit": "220",
        "price_unit": "G"
      },
      {
        "state": "NT",
        "price": "550",
        "price_per_unit": "220",
        "price_unit": "G"
      }
    ]
  },
  {
    "source_url": "https://www.woolworths.com.au/shop/productdetails/294743/woolworths-basil-pesto-pasta-salad-kit",
    "name": "Woolworths Basil Pesto Pasta Salad Kit 400g",
    "image_url": "https://cdn1.woolworths.media/content/wowproductimages/large/294743.jpg",
    "source_id": "Woolworths - 294743",
    "barcode": "9339687343768",
    "category_id": "1_6E4F4E4",
    "shop": "Woolworths",
    "weight": "100G",
    "prices": [
      {
        "state": "NSW",
        "price": "935",
        "price_per_unit": "234",
        "price_unit": "G"
      },
      {
        "state": "VIC",
        "price": "935",
        "price_per_unit": "234",
        "price_unit": "G"
      },
      {
        "state": "QLD",
        "price": "935",
        "price_per_unit": "234",
        "price_unit": "G"
      },
      {
        "state": "WA",
        "price": "935",
        "price_per_unit": "234",
        "price_unit": "G"
      },
      {
        "state": "SA",
        "price": "935",
        "price_per_unit": "234",
        "price_unit": "G"
      },
      {
        "state": "ACT",
        "price": "935",
        "price_per_unit": "234",
        "price_unit": "G"
      }
    ]
  },
  {
    "source_url": "https://www.woolworths.com.au/shop/productdetails/294745/woolworths-caesar-style-pasta-salad-kit",
    "name": "Woolworths Caesar Style Pasta Salad Kit 400g",
    "image_url": "https://cdn1.woolworths.media/content/wowproductimages/large/294745.jpg",
    "source_id": "Woolworths - 294745",
    "barcode": "9339687343782",
    "category_id": "1_6E4F4E4",
    "shop": "Woolworths",
    "weight": "100G",
    "prices": [
      {
        "state": "NSW",
        "price": "935",
        "price_per_unit": "234",
        "price_unit": "G"
      },
      {
        "state": "VIC",
        "price": "935",
        "price_per_unit": "234",
        "price_unit": "G"
      },
      {
        "state": "QLD",
        "price": "935",
        "price_per_unit": "234",
        "price_unit": "G"
      },
      {
        "state": "WA",
        "price": "935",
        "price_per_unit": "234",
        "price_unit": "G"
      },
      {
        "state": "SA",
        "price": "935",
        "price_per_unit": "234",
        "price_unit": "G"
      },
      {
        "state": "ACT",
        "price": "935",
        "price_per_unit": "234",
        "price_unit": "G"
      }
    ]
  },
  {
    "source_url": "https://www.woolworths.com.au/shop/productdetails/294749/woolworths-cheesy-macaroni-pasta-salad",
    "name": "Woolworths Cheesy Macaroni Pasta Salad 350g",
    "image_url": "https://cdn1.woolworths.media/content/wowproductimages/large/294749.jpg",
    "source_id": "Woolworths - 294749",
    "barcode": "9339687343812",
    "category_id": "1_6E4F4E4",
    "shop": "Woolworths",
    "weight": "100G",
    "prices": [
      {
        "state": "NSW",
        "price": "660",
        "price_per_unit": "189",
        "price_unit": "G"
      },
      {
        "state": "VIC",
        "price": "660",
        "price_per_unit": "189",
        "price_unit": "G"
      },
      {
        "state": "QLD",
        "price": "660",
        "price_per_unit": "189",
        "price_unit": "G"
      },
      {
        "state": "WA",
        "price": "660",
        "price_per_unit": "189",
        "price_unit": "G"
      },
      {
        "state": "SA",
        "price": "660",
        "price_per_unit": "189",
        "price_unit": "G"
      },
      {
        "state": "TAS",
        "price": "660",
        "price_per_unit": "189",
        "price_unit": "G"
      },
      {
        "state": "ACT",
        "price": "660",
        "price_per_unit": "189",
        "price_unit": "G"
      }
    ]
  },
  {
    "source_url": "https://www.woolworths.com.au/shop/productdetails/793406/woolworths-classic-coleslaw",
    "name": "Woolworths Classic Coleslaw 110g",
    "image_url": "https://cdn1.woolworths.media/content/wowproductimages/large/793406.jpg",
    "source_id": "Woolworths - 793406",
    "barcode": "93518918",
    "category_id": "1_6E4F4E4",
    "shop": "Woolworths",
    "weight": "100G",
    "prices": [
      {
        "state": "NSW",
        "price": "300",
        "price_per_unit": "273",
        "price_unit": "G"
      },
      {
        "state": "VIC",
        "price": "300",
        "price_per_unit": "273",
        "price_unit": "G"
      },
      {
        "state": "QLD",
        "price": "300",
        "price_per_unit": "273",
        "price_unit": "G"
      },
      {
        "state": "WA",
        "price": "300",
        "price_per_unit": "273",
        "price_unit": "G"
      },
      {
        "state": "SA",
        "price": "300",
        "price_per_unit": "273",
        "price_unit": "G"
      },
      {
        "state": "TAS",
        "price": "300",
        "price_per_unit": "273",
        "price_unit": "G"
      },
      {
        "state": "ACT",
        "price": "300",
        "price_per_unit": "273",
        "price_unit": "G"
      },
      {
        "state": "NT",
        "price": "300",
        "price_per_unit": "273",
        "price_unit": "G"
      }
    ]
  },
  {
    "source_url": "https://www.woolworths.com.au/shop/productdetails/546843/woolworths-classic-coleslaw",
    "name": "Woolworths Classic Coleslaw 250g",
    "image_url": "https://cdn1.woolworths.media/content/wowproductimages/large/546843.jpg",
    "source_id": "Woolworths - 546843",
    "barcode": "9300633626501",
    "category_id": "1_6E4F4E4",
    "shop": "Woolworths",
    "weight": "100G",
    "prices": [
      {
        "state": "NSW",
        "price": "400",
        "price_per_unit": "160",
        "price_unit": "G"
      },
      {
        "state": "VIC",
        "price": "400",
        "price_per_unit": "160",
        "price_unit": "G"
      },
      {
        "state": "QLD",
        "price": "400",
        "price_per_unit": "160",
        "price_unit": "G"
      },
      {
        "state": "WA",
        "price": "400",
        "price_per_unit": "160",
        "price_unit": "G"
      },
      {
        "state": "SA",
        "price": "400",
        "price_per_unit": "160",
        "price_unit": "G"
      },
      {
        "state": "TAS",
        "price": "400",
        "price_per_unit": "160",
        "price_unit": "G"
      },
      {
        "state": "ACT",
        "price": "400",
        "price_per_unit": "160",
        "price_unit": "G"
      },
      {
        "state": "NT",
        "price": "400",
        "price_per_unit": "160",
        "price_unit": "G"
      }
    ]
  },
  {
    "source_url": "https://www.woolworths.com.au/shop/productdetails/382779/woolworths-classic-coleslaw",
    "name": "Woolworths Classic Coleslaw 400g",
    "image_url": "https://cdn1.woolworths.media/content/wowproductimages/large/382779.jpg",
    "source_id": "Woolworths - 382779",
    "barcode": "9300633225674",
    "category_id": "1_6E4F4E4",
    "shop": "Woolworths",
    "weight": "100G",
    "prices": [
      {
        "state": "NSW",
        "price": "580",
        "price_per_unit": "145",
        "price_unit": "G"
      },
      {
        "state": "VIC",
        "price": "580",
        "price_per_unit": "145",
        "price_unit": "G"
      },
      {
        "state": "QLD",
        "price": "580",
        "price_per_unit": "145",
        "price_unit": "G"
      },
      {
        "state": "WA",
        "price": "580",
        "price_per_unit": "145",
        "price_unit": "G"
      },
      {
        "state": "SA",
        "price": "580",
        "price_per_unit": "145",
        "price_unit": "G"
      },
      {
        "state": "TAS",
        "price": "580",
        "price_per_unit": "145",
        "price_unit": "G"
      },
      {
        "state": "ACT",
        "price": "580",
        "price_per_unit": "145",
        "price_unit": "G"
      },
      {
        "state": "NT",
        "price": "580",
        "price_per_unit": "145",
        "price_unit": "G"
      }
    ]
  },
  {
    "source_url": "https://www.woolworths.com.au/shop/productdetails/311534/woolworths-classic-coleslaw",
    "name": "Woolworths Classic Coleslaw 800g",
    "image_url": "https://cdn1.woolworths.media/content/wowproductimages/large/311534.jpg",
    "source_id": "Woolworths - 311534",
    "barcode": "9300633987015",
    "category_id": "1_6E4F4E4",
    "shop": "Woolworths",
    "weight": "100G",
    "prices": [
      {
        "state": "NSW",
        "price": "600",
        "price_per_unit": "75",
        "price_unit": "G"
      },
      {
        "state": "VIC",
        "price": "600",
        "price_per_unit": "75",
        "price_unit": "G"
      },
      {
        "state": "QLD",
        "price": "600",
        "price_per_unit": "75",
        "price_unit": "G"
      },
      {
        "state": "WA",
        "price": "600",
        "price_per_unit": "75",
        "price_unit": "G"
      },
      {
        "state": "SA",
        "price": "600",
        "price_per_unit": "75",
        "price_unit": "G"
      },
      {
        "state": "TAS",
        "price": "600",
        "price_per_unit": "75",
        "price_unit": "G"
      },
      {
        "state": "ACT",
        "price": "600",
        "price_per_unit": "75",
        "price_unit": "G"
      },
      {
        "state": "NT",
        "price": "600",
        "price_per_unit": "75",
        "price_unit": "G"
      }
    ]
  },
  {
    "source_url": "https://www.woolworths.com.au/shop/productdetails/793415/woolworths-creamy-pasta-salad",
    "name": "Woolworths Creamy Pasta Salad 110g",
    "image_url": "https://cdn1.woolworths.media/content/wowproductimages/large/793415.jpg",
    "source_id": "Woolworths - 793415",
    "barcode": "93519007",
    "category_id": "1_6E4F4E4",
    "shop": "Woolworths",
    "weight": "100G",
    "prices": [
      {
        "state": "NSW",
        "price": "300",
        "price_per_unit": "273",
        "price_unit": "G"
      },
      {
        "state": "VIC",
        "price": "300",
        "price_per_unit": "273",
        "price_unit": "G"
      },
      {
        "state": "QLD",
        "price": "300",
        "price_per_unit": "273",
        "price_unit": "G"
      },
      {
        "state": "WA",
        "price": "300",
        "price_per_unit": "273",
        "price_unit": "G"
      },
      {
        "state": "SA",
        "price": "300",
        "price_per_unit": "273",
        "price_unit": "G"
      },
      {
        "state": "TAS",
        "price": "300",
        "price_per_unit": "273",
        "price_unit": "G"
      },
      {
        "state": "ACT",
        "price": "300",
        "price_per_unit": "273",
        "price_unit": "G"
      },
      {
        "state": "NT",
        "price": "300",
        "price_per_unit": "273",
        "price_unit": "G"
      }
    ]
  },
  {
    "source_url": "https://www.woolworths.com.au/shop/productdetails/546845/woolworths-creamy-pasta-salad",
    "name": "Woolworths Creamy Pasta Salad 250g",
    "image_url": "https://cdn1.woolworths.media/content/wowproductimages/large/546845.jpg",
    "source_id": "Woolworths - 546845",
    "barcode": "9300633626525",
    "category_id": "1_6E4F4E4",
    "shop": "Woolworths",
    "weight": "100G",
    "prices": [
      {
        "state": "NSW",
        "price": "400",
        "price_per_unit": "160",
        "price_unit": "G"
      },
      {
        "state": "VIC",
        "price": "400",
        "price_per_unit": "160",
        "price_unit": "G"
      },
      {
        "state": "QLD",
        "price": "400",
        "price_per_unit": "160",
        "price_unit": "G"
      },
      {
        "state": "WA",
        "price": "400",
        "price_per_unit": "160",
        "price_unit": "G"
      },
      {
        "state": "SA",
        "price": "400",
        "price_per_unit": "160",
        "price_unit": "G"
      },
      {
        "state": "TAS",
        "price": "400",
        "price_per_unit": "160",
        "price_unit": "G"
      },
      {
        "state": "ACT",
        "price": "400",
        "price_per_unit": "160",
        "price_unit": "G"
      },
      {
        "state": "NT",
        "price": "400",
        "price_per_unit": "160",
        "price_unit": "G"
      }
    ]
  },
  {
    "source_url": "https://www.woolworths.com.au/shop/productdetails/793193/woolworths-creamy-pasta-salad",
    "name": "Woolworths Creamy Pasta Salad 400g",
    "image_url": "https://cdn1.woolworths.media/content/wowproductimages/large/793193.jpg",
    "source_id": "Woolworths - 793193",
    "barcode": "9300633731151",
    "category_id": "1_6E4F4E4",
    "shop": "Woolworths",
    "weight": "100G",
    "prices": [
      {
        "state": "NSW",
        "price": "580",
        "price_per_unit": "145",
        "price_unit": "G"
      },
      {
        "state": "VIC",
        "price": "580",
        "price_per_unit": "145",
        "price_unit": "G"
      },
      {
        "state": "QLD",
        "price": "580",
        "price_per_unit": "145",
        "price_unit": "G"
      },
      {
        "state": "WA",
        "price": "580",
        "price_per_unit": "145",
        "price_unit": "G"
      },
      {
        "state": "SA",
        "price": "580",
        "price_per_unit": "145",
        "price_unit": "G"
      },
      {
        "state": "TAS",
        "price": "580",
        "price_per_unit": "145",
        "price_unit": "G"
      },
      {
        "state": "ACT",
        "price": "580",
        "price_per_unit": "145",
        "price_unit": "G"
      },
      {
        "state": "NT",
        "price": "580",
        "price_per_unit": "145",
        "price_unit": "G"
      }
    ]
  },
  {
    "source_url": "https://www.woolworths.com.au/shop/productdetails/793192/woolworths-creamy-pasta-salad",
    "name": "Woolworths Creamy Pasta Salad 800g",
    "image_url": "https://cdn1.woolworths.media/content/wowproductimages/large/793192.jpg",
    "source_id": "Woolworths - 793192",
    "barcode": "9300633731168",
    "category_id": "1_6E4F4E4",
    "shop": "Woolworths",
    "weight": "100G",
    "prices": [
      {
        "state": "NSW",
        "price": "600",
        "price_per_unit": "75",
        "price_unit": "G"
      },
      {
        "state": "VIC",
        "price": "600",
        "price_per_unit": "75",
        "price_unit": "G"
      },
      {
        "state": "QLD",
        "price": "600",
        "price_per_unit": "75",
        "price_unit": "G"
      },
      {
        "state": "WA",
        "price": "600",
        "price_per_unit": "75",
        "price_unit": "G"
      },
      {
        "state": "SA",
        "price": "600",
        "price_per_unit": "75",
        "price_unit": "G"
      },
      {
        "state": "TAS",
        "price": "600",
        "price_per_unit": "75",
        "price_unit": "G"
      },
      {
        "state": "ACT",
        "price": "600",
        "price_per_unit": "75",
        "price_unit": "G"
      },
      {
        "state": "NT",
        "price": "600",
        "price_per_unit": "75",
        "price_unit": "G"
      }
    ]
  },
  {
    "source_url": "https://www.woolworths.com.au/shop/productdetails/546844/woolworths-creamy-potato-salad",
    "name": "Woolworths Creamy Potato Salad 250g",
    "image_url": "https://cdn1.woolworths.media/content/wowproductimages/large/546844.jpg",
    "source_id": "Woolworths - 546844",
    "barcode": "9300633626518",
    "category_id": "1_6E4F4E4",
    "shop": "Woolworths",
    "weight": "100G",
    "prices": [
      {
        "state": "NSW",
        "price": "400",
        "price_per_unit": "160",
        "price_unit": "G"
      },
      {
        "state": "VIC",
        "price": "400",
        "price_per_unit": "160",
        "price_unit": "G"
      },
      {
        "state": "QLD",
        "price": "400",
        "price_per_unit": "160",
        "price_unit": "G"
      },
      {
        "state": "WA",
        "price": "400",
        "price_per_unit": "160",
        "price_unit": "G"
      },
      {
        "state": "SA",
        "price": "400",
        "price_per_unit": "160",
        "price_unit": "G"
      },
      {
        "state": "TAS",
        "price": "400",
        "price_per_unit": "160",
        "price_unit": "G"
      },
      {
        "state": "ACT",
        "price": "400",
        "price_per_unit": "160",
        "price_unit": "G"
      },
      {
        "state": "NT",
        "price": "400",
        "price_per_unit": "160",
        "price_unit": "G"
      }
    ]
  },
  {
    "source_url": "https://www.woolworths.com.au/shop/productdetails/793191/woolworths-creamy-potato-salad",
    "name": "Woolworths Creamy Potato Salad 400g",
    "image_url": "https://cdn1.woolworths.media/content/wowproductimages/large/793191.jpg",
    "source_id": "Woolworths - 793191",
    "barcode": "9300633731175",
    "category_id": "1_6E4F4E4",
    "shop": "Woolworths",
    "weight": "100G",
    "prices": [
      {
        "state": "NSW",
        "price": "580",
        "price_per_unit": "145",
        "price_unit": "G"
      },
      {
        "state": "VIC",
        "price": "580",
        "price_per_unit": "145",
        "price_unit": "G"
      },
      {
        "state": "QLD",
        "price": "580",
        "price_per_unit": "145",
        "price_unit": "G"
      },
      {
        "state": "WA",
        "price": "580",
        "price_per_unit": "145",
        "price_unit": "G"
      },
      {
        "state": "SA",
        "price": "580",
        "price_per_unit": "145",
        "price_unit": "G"
      },
      {
        "state": "TAS",
        "price": "580",
        "price_per_unit": "145",
        "price_unit": "G"
      },
      {
        "state": "ACT",
        "price": "580",
        "price_per_unit": "145",
        "price_unit": "G"
      },
      {
        "state": "NT",
        "price": "580",
        "price_per_unit": "145",
        "price_unit": "G"
      }
    ]
  },
  {
    "source_url": "https://www.woolworths.com.au/shop/productdetails/793189/woolworths-creamy-potato-salad",
    "name": "Woolworths Creamy Potato Salad 800g",
    "image_url": "https://cdn1.woolworths.media/content/wowproductimages/large/793189.jpg",
    "source_id": "Woolworths - 793189",
    "barcode": "9300633731182",
    "category_id": "1_6E4F4E4",
    "shop": "Woolworths",
    "weight": "100G",
    "prices": [
      {
        "state": "NSW",
        "price": "600",
        "price_per_unit": "75",
        "price_unit": "G"
      },
      {
        "state": "VIC",
        "price": "600",
        "price_per_unit": "75",
        "price_unit": "G"
      },
      {
        "state": "QLD",
        "price": "600",
        "price_per_unit": "75",
        "price_unit": "G"
      },
      {
        "state": "WA",
        "price": "600",
        "price_per_unit": "75",
        "price_unit": "G"
      },
      {
        "state": "SA",
        "price": "600",
        "price_per_unit": "75",
        "price_unit": "G"
      },
      {
        "state": "TAS",
        "price": "600",
        "price_per_unit": "75",
        "price_unit": "G"
      },
      {
        "state": "ACT",
        "price": "600",
        "price_per_unit": "75",
        "price_unit": "G"
      },
      {
        "state": "NT",
        "price": "600",
        "price_per_unit": "75",
        "price_unit": "G"
      }
    ]
  },
  {
    "source_url": "https://www.woolworths.com.au/shop/productdetails/294742/woolworths-greek-salad-kit-with-greek-dressing",
    "name": "Woolworths Greek Salad Kit With Greek Dressing 400g",
    "image_url": "https://cdn1.woolworths.media/content/wowproductimages/large/294742.jpg",
    "source_id": "Woolworths - 294742",
    "barcode": "9339687343751",
    "category_id": "1_6E4F4E4",
    "shop": "Woolworths",
    "weight": "100G",
    "prices": [
      {
        "state": "NSW",
        "price": "935",
        "price_per_unit": "234",
        "price_unit": "G"
      },
      {
        "state": "VIC",
        "price": "935",
        "price_per_unit": "234",
        "price_unit": "G"
      },
      {
        "state": "QLD",
        "price": "935",
        "price_per_unit": "234",
        "price_unit": "G"
      },
      {
        "state": "WA",
        "price": "935",
        "price_per_unit": "234",
        "price_unit": "G"
      },
      {
        "state": "SA",
        "price": "935",
        "price_per_unit": "234",
        "price_unit": "G"
      },
      {
        "state": "ACT",
        "price": "935",
        "price_per_unit": "234",
        "price_unit": "G"
      }
    ]
  },
  {
    "source_url": "https://www.woolworths.com.au/shop/productdetails/390960/woolworths-mixed-grain-tabbouleh-salad",
    "name": "Woolworths Mixed Grain Tabbouleh Salad 250g",
    "image_url": "https://cdn1.woolworths.media/content/wowproductimages/large/390960.jpg",
    "source_id": "Woolworths - 390960",
    "barcode": "9339687357932",
    "category_id": "1_6E4F4E4",
    "shop": "Woolworths",
    "weight": "100G",
    "prices": [
      {
        "state": "NSW",
        "price": "550",
        "price_per_unit": "220",
        "price_unit": "G"
      },
      {
        "state": "VIC",
        "price": "550",
        "price_per_unit": "220",
        "price_unit": "G"
      },
      {
        "state": "QLD",
        "price": "550",
        "price_per_unit": "220",
        "price_unit": "G"
      },
      {
        "state": "WA",
        "price": "550",
        "price_per_unit": "220",
        "price_unit": "G"
      },
      {
        "state": "SA",
        "price": "550",
        "price_per_unit": "220",
        "price_unit": "G"
      },
      {
        "state": "TAS",
        "price": "550",
        "price_per_unit": "220",
        "price_unit": "G"
      },
      {
        "state": "ACT",
        "price": "550",
        "price_per_unit": "220",
        "price_unit": "G"
      }
    ]
  },
  {
    "source_url": "https://www.woolworths.com.au/shop/productdetails/294763/woolworths-moroccan-style-couscous-salad",
    "name": "Woolworths Moroccan Style Couscous Salad 200g",
    "image_url": "https://cdn1.woolworths.media/content/wowproductimages/large/294763.jpg",
    "source_id": "Woolworths - 294763",
    "barcode": "9339687343850",
    "category_id": "1_6E4F4E4",
    "shop": "Woolworths",
    "weight": "100G",
    "prices": [
      {
        "state": "NSW",
        "price": "550",
        "price_per_unit": "275",
        "price_unit": "G"
      },
      {
        "state": "VIC",
        "price": "550",
        "price_per_unit": "275",
        "price_unit": "G"
      },
      {
        "state": "QLD",
        "price": "550",
        "price_per_unit": "275",
        "price_unit": "G"
      },
      {
        "state": "ACT",
        "price": "550",
        "price_per_unit": "275",
        "price_unit": "G"
      }
    ]
  },
  {
    "source_url": "https://www.woolworths.com.au/shop/productdetails/294599/woolworths-potato-egg-bacon-salad",
    "name": "Woolworths Potato Egg & Bacon Salad 350g",
    "image_url": "https://cdn1.woolworths.media/content/wowproductimages/large/294599.jpg",
    "source_id": "Woolworths - 294599",
    "barcode": "9339687343737",
    "category_id": "1_6E4F4E4",
    "shop": "Woolworths",
    "weight": "100G",
    "prices": [
      {
        "state": "NSW",
        "price": "600",
        "price_per_unit": "171",
        "price_unit": "G"
      },
      {
        "state": "VIC",
        "price": "600",
        "price_per_unit": "171",
        "price_unit": "G"
      },
      {
        "state": "QLD",
        "price": "600",
        "price_per_unit": "171",
        "price_unit": "G"
      },
      {
        "state": "WA",
        "price": "600",
        "price_per_unit": "171",
        "price_unit": "G"
      },
      {
        "state": "SA",
        "price": "600",
        "price_per_unit": "171",
        "price_unit": "G"
      },
      {
        "state": "TAS",
        "price": "600",
        "price_per_unit": "171",
        "price_unit": "G"
      },
      {
        "state": "ACT",
        "price": "600",
        "price_per_unit": "171",
        "price_unit": "G"
      }
    ]
  },
  {
    "source_url": "https://www.woolworths.com.au/shop/productdetails/294601/woolworths-potato-egg-bacon-salad",
    "name": "Woolworths Potato Egg & Bacon Salad 750g",
    "image_url": "https://cdn1.woolworths.media/content/wowproductimages/large/294601.jpg",
    "source_id": "Woolworths - 294601",
    "barcode": "9339687343744",
    "category_id": "1_6E4F4E4",
    "shop": "Woolworths",
    "weight": "100G",
    "prices": [
      {
        "state": "NSW",
        "price": "1050",
        "price_per_unit": "140",
        "price_unit": "G"
      },
      {
        "state": "VIC",
        "price": "1050",
        "price_per_unit": "140",
        "price_unit": "G"
      },
      {
        "state": "QLD",
        "price": "1050",
        "price_per_unit": "140",
        "price_unit": "G"
      },
      {
        "state": "SA",
        "price": "1050",
        "price_per_unit": "140",
        "price_unit": "G"
      },
      {
        "state": "ACT",
        "price": "1050",
        "price_per_unit": "140",
        "price_unit": "G"
      }
    ]
  },
  {
    "source_url": "https://www.woolworths.com.au/shop/productdetails/180011/chan-s-yum-cha-pork-chive-gyoza",
    "name": "Chan's Yum Cha Pork & Chive Gyoza 250g",
    "image_url": "https://cdn1.woolworths.media/content/wowproductimages/large/180011.jpg",
    "source_id": "Woolworths - 180011",
    "barcode": "9355683003758",
    "category_id": "1_6E4F4E4",
    "shop": "Woolworths",
    "weight": "100G",
    "prices": [
      {
        "state": "VIC",
        "price": "600",
        "price_per_unit": "240",
        "price_unit": "G"
      },
      {
        "state": "WA",
        "price": "600",
        "price_per_unit": "240",
        "price_unit": "G"
      },
      {
        "state": "SA",
        "price": "600",
        "price_per_unit": "240",
        "price_unit": "G"
      }
    ]
  },
  {
    "source_url": "https://www.woolworths.com.au/shop/productdetails/558774/daly-potato-co-bacon-dijon-potato-salad",
    "name": "Daly Potato Co. Bacon & Dijon Potato Salad 400g",
    "image_url": "https://cdn1.woolworths.media/content/wowproductimages/large/558774.jpg",
    "source_id": "Woolworths - 558774",
    "barcode": "9315309001063",
    "category_id": "1_6E4F4E4",
    "shop": "Woolworths",
    "weight": "100G",
    "prices": [
      {
        "state": "VIC",
        "price": "580",
        "price_per_unit": "145",
        "price_unit": "G"
      },
      {
        "state": "QLD",
        "price": "580",
        "price_per_unit": "145",
        "price_unit": "G"
      },
      {
        "state": "TAS",
        "price": "550",
        "price_per_unit": "138",
        "price_unit": "G"
      }
    ]
  },
  {
    "source_url": "https://www.woolworths.com.au/shop/productdetails/79658/woolworths-good-to-go-apple-slices-tasty-cheese-crackers",
    "name": "Woolworths Good To Go Apple Slices Tasty Cheese & Crackers 80g",
    "image_url": "https://cdn1.woolworths.media/content/wowproductimages/large/079658.jpg",
    "source_id": "Woolworths - 79658",
    "barcode": "9339687153794",
    "category_id": "1_6E4F4E4",
    "shop": "Woolworths",
    "weight": "100G",
    "prices": [
      {
        "state": "VIC",
        "price": "400",
        "price_per_unit": "500",
        "price_unit": "G"
      }
    ]
  },
  {
    "source_url": "https://www.woolworths.com.au/shop/productdetails/767532/sunfresh-moroccan-couscous",
    "name": "Sunfresh Moroccan Couscous 300g",
    "image_url": "https://cdn1.woolworths.media/content/wowproductimages/large/767532.jpg",
    "source_id": "Woolworths - 767532",
    "barcode": "9343079000139",
    "category_id": "1_6E4F4E4",
    "shop": "Woolworths",
    "weight": "100G",
    "prices": [
      {
        "state": "WA",
        "price": "550",
        "price_per_unit": "183",
        "price_unit": "G"
      }
    ]
  }
]