[
  {
    "source_url": "https://www.woolworths.com.au/shop/productdetails/48920/castello-brie-double-cream",
    "name": "Castello Brie Double Cream 150g",
    "image_url": "https://cdn1.woolworths.media/content/wowproductimages/large/048920.jpg",
    "source_id": "Woolworths - 48920",
    "barcode": "5740200017013",
    "category_id": "1_6E4F4E4",
    "shop": "Woolworths",
    "weight": "1KG",
    "prices": [
      {
        "state": "NSW",
        "price": "750",
        "price_per_unit": "5000",
        "price_unit": "KG"
      },
      {
        "state": "VIC",
        "price": "750",
        "price_per_unit": "5000",
        "price_unit": "KG"
      },
      {
        "state": "QLD",
        "price": "750",
        "price_per_unit": "5000",
        "price_unit": "KG"
      },
      {
        "state": "WA",
        "price": "750",
        "price_per_unit": "5000",
        "price_unit": "KG"
      },
      {
        "state": "SA",
        "price": "750",
        "price_per_unit": "5000",
        "price_unit": "KG"
      },
      {
        "state": "TAS",
        "price": "750",
        "price_per_unit": "5000",
        "price_unit": "KG"
      },
      {
        "state": "ACT",
        "price": "750",
        "price_per_unit": "5000",
        "price_unit": "KG"
      },
      {
        "state": "NT",
        "price": "750",
        "price_per_unit": "5000",
        "price_unit": "KG"
      }
    ]
  },
  {
    "source_url": "https://www.woolworths.com.au/shop/productdetails/154015/castello-double-cream-pink-pepper",
    "name": "Castello Double Cream Pink Pepper 150g",
    "image_url": "https://cdn1.woolworths.media/content/wowproductimages/large/154015.jpg",
    "source_id": "Woolworths - 154015",
    "barcode": "5711953123177",
    "category_id": "1_6E4F4E4",
    "shop": "Woolworths",
    "weight": "1KG",
    "prices": [
      {
        "state": "NSW",
        "price": "750",
        "price_per_unit": "5000",
        "price_unit": "KG"
      },
      {
        "state": "VIC",
        "price": "750",
        "price_per_unit": "5000",
        "price_unit": "KG"
      },
      {
        "state": "QLD",
        "price": "750",
        "price_per_unit": "5000",
        "price_unit": "KG"
      },
      {
        "state": "SA",
        "price": "750",
        "price_per_unit": "5000",
        "price_unit": "KG"
      },
      {
        "state": "TAS",
        "price": "750",
        "price_per_unit": "5000",
        "price_unit": "KG"
      },
      {
        "state": "ACT",
        "price": "750",
        "price_per_unit": "5000",
        "price_unit": "KG"
      }
    ]
  },
  {
    "source_url": "https://www.woolworths.com.au/shop/productdetails/964767/castello-double-cream-truffle",
    "name": "Castello Double Cream Truffle Brie 150g",
    "image_url": "https://cdn1.woolworths.media/content/wowproductimages/large/964767.jpg",
    "source_id": "Woolworths - 964767",
    "barcode": "5711953036477",
    "category_id": "1_6E4F4E4",
    "shop": "Woolworths",
    "weight": "1KG",
    "prices": [
      {
        "state": "NSW",
        "price": "900",
        "price_per_unit": "6000",
        "price_unit": "KG"
      },
      {
        "state": "VIC",
        "price": "900",
        "price_per_unit": "6000",
        "price_unit": "KG"
      },
      {
        "state": "QLD",
        "price": "900",
        "price_per_unit": "6000",
        "price_unit": "KG"
      },
      {
        "state": "WA",
        "price": "900",
        "price_per_unit": "6000",
        "price_unit": "KG"
      },
      {
        "state": "SA",
        "price": "900",
        "price_per_unit": "6000",
        "price_unit": "KG"
      },
      {
        "state": "TAS",
        "price": "900",
        "price_per_unit": "6000",
        "price_unit": "KG"
      },
      {
        "state": "ACT",
        "price": "900",
        "price_per_unit": "6000",
        "price_unit": "KG"
      },
      {
        "state": "NT",
        "price": "900",
        "price_per_unit": "6000",
        "price_unit": "KG"
      }
    ]
  },
  {
    "source_url": "https://www.woolworths.com.au/shop/productdetails/483553/castello-extra-creamy-brie",
    "name": "Castello Extra Creamy Brie 200g",
    "image_url": "https://cdn1.woolworths.media/content/wowproductimages/large/483553.jpg",
    "source_id": "Woolworths - 483553",
    "barcode": "5711953158681",
    "category_id": "1_6E4F4E4",
    "shop": "Woolworths",
    "weight": "1KG",
    "prices": [
      {
        "state": "NSW",
        "price": "700",
        "price_per_unit": "3500",
        "price_unit": "KG"
      },
      {
        "state": "VIC",
        "price": "700",
        "price_per_unit": "3500",
        "price_unit": "KG"
      },
      {
        "state": "QLD",
        "price": "700",
        "price_per_unit": "3500",
        "price_unit": "KG"
      },
      {
        "state": "WA",
        "price": "700",
        "price_per_unit": "3500",
        "price_unit": "KG"
      },
      {
        "state": "SA",
        "price": "700",
        "price_per_unit": "3500",
        "price_unit": "KG"
      },
      {
        "state": "TAS",
        "price": "700",
        "price_per_unit": "3500",
        "price_unit": "KG"
      },
      {
        "state": "ACT",
        "price": "700",
        "price_per_unit": "3500",
        "price_unit": "KG"
      },
      {
        "state": "NT",
        "price": "700",
        "price_per_unit": "3500",
        "price_unit": "KG"
      }
    ]
  },
  {
    "source_url": "https://www.woolworths.com.au/shop/productdetails/318494/castello-goat-cheese-log",
    "name": "Castello Goat Cheese Log 110g",
    "image_url": "https://cdn1.woolworths.media/content/wowproductimages/large/318494.jpg",
    "source_id": "Woolworths - 318494",
    "barcode": "9310677002407",
    "category_id": "1_6E4F4E4",
    "shop": "Woolworths",
    "weight": "1KG",
    "prices": [
      {
        "state": "NSW",
        "price": "650",
        "price_per_unit": "5909",
        "price_unit": "KG"
      },
      {
        "state": "VIC",
        "price": "650",
        "price_per_unit": "5909",
        "price_unit": "KG"
      },
      {
        "state": "QLD",
        "price": "650",
        "price_per_unit": "5909",
        "price_unit": "KG"
      },
      {
        "state": "WA",
        "price": "650",
        "price_per_unit": "5909",
        "price_unit": "KG"
      },
      {
        "state": "SA",
        "price": "650",
        "price_per_unit": "5909",
        "price_unit": "KG"
      },
      {
        "state": "TAS",
        "price": "650",
        "price_per_unit": "5909",
        "price_unit": "KG"
      }
    ]
  },
  {
    "source_url": "https://www.woolworths.com.au/shop/productdetails/733806/fromager-d-affinois-petit-d-affinois",
    "name": "Fromager D'Affinois Petit d Affinois 150g",
    "image_url": "https://cdn1.woolworths.media/content/wowproductimages/large/733806.jpg",
    "source_id": "Woolworths - 733806",
    "barcode": "3307905229084",
    "category_id": "1_6E4F4E4",
    "shop": "Woolworths",
    "weight": "1KG",
    "prices": [
      {
        "state": "NSW",
        "price": "1260",
        "price_per_unit": "8400",
        "price_unit": "KG"
      },
      {
        "state": "VIC",
        "price": "1260",
        "price_per_unit": "8400",
        "price_unit": "KG"
      },
      {
        "state": "QLD",
        "price": "1260",
        "price_per_unit": "8400",
        "price_unit": "KG"
      },
      {
        "state": "WA",
        "price": "1260",
        "price_per_unit": "8400",
        "price_unit": "KG"
      },
      {
        "state": "SA",
        "price": "1260",
        "price_per_unit": "8400",
        "price_unit": "KG"
      },
      {
        "state": "TAS",
        "price": "1260",
        "price_per_unit": "8400",
        "price_unit": "KG"
      },
      {
        "state": "ACT",
        "price": "1260",
        "price_per_unit": "8400",
        "price_unit": "KG"
      },
      {
        "state": "NT",
        "price": "1260",
        "price_per_unit": "8400",
        "price_unit": "KG"
      }
    ]
  },
  {
    "source_url": "https://www.woolworths.com.au/shop/productdetails/739564/jacquin-chevre-plain",
    "name": "Jacquin Chevre Plain 100g",
    "image_url": "https://cdn1.woolworths.media/content/wowproductimages/large/739564.jpg",
    "source_id": "Woolworths - 739564",
    "barcode": "3369640038499",
    "category_id": "1_6E4F4E4",
    "shop": "Woolworths",
    "weight": "1KG",
    "prices": [
      {
        "state": "NSW",
        "price": "750",
        "price_per_unit": "7500",
        "price_unit": "KG"
      },
      {
        "state": "VIC",
        "price": "750",
        "price_per_unit": "7500",
        "price_unit": "KG"
      },
      {
        "state": "QLD",
        "price": "750",
        "price_per_unit": "7500",
        "price_unit": "KG"
      },
      {
        "state": "WA",
        "price": "750",
        "price_per_unit": "7500",
        "price_unit": "KG"
      },
      {
        "state": "SA",
        "price": "750",
        "price_per_unit": "7500",
        "price_unit": "KG"
      },
      {
        "state": "TAS",
        "price": "750",
        "price_per_unit": "7500",
        "price_unit": "KG"
      },
      {
        "state": "ACT",
        "price": "750",
        "price_per_unit": "7500",
        "price_unit": "KG"
      },
      {
        "state": "NT",
        "price": "750",
        "price_per_unit": "7500",
        "price_unit": "KG"
      }
    ]
  },
  {
    "source_url": "https://www.woolworths.com.au/shop/productdetails/218770/jacquin-goat-cheese-with-garlic-herbs",
    "name": "Jacquin Goat Cheese With Garlic & Herbs 100g",
    "image_url": "https://cdn1.woolworths.media/content/wowproductimages/large/218770.jpg",
    "source_id": "Woolworths - 218770",
    "barcode": "3369640040423",
    "category_id": "1_6E4F4E4",
    "shop": "Woolworths",
    "weight": "1KG",
    "prices": [
      {
        "state": "NSW",
        "price": "750",
        "price_per_unit": "7500",
        "price_unit": "KG"
      },
      {
        "state": "VIC",
        "price": "750",
        "price_per_unit": "7500",
        "price_unit": "KG"
      },
      {
        "state": "QLD",
        "price": "750",
        "price_per_unit": "7500",
        "price_unit": "KG"
      },
      {
        "state": "WA",
        "price": "750",
        "price_per_unit": "7500",
        "price_unit": "KG"
      },
      {
        "state": "SA",
        "price": "750",
        "price_per_unit": "7500",
        "price_unit": "KG"
      },
      {
        "state": "TAS",
        "price": "750",
        "price_per_unit": "7500",
        "price_unit": "KG"
      },
      {
        "state": "ACT",
        "price": "750",
        "price_per_unit": "7500",
        "price_unit": "KG"
      },
      {
        "state": "NT",
        "price": "750",
        "price_per_unit": "7500",
        "price_unit": "KG"
      }
    ]
  },
  {
    "source_url": "https://www.woolworths.com.au/shop/productdetails/40353/king-island-dairy-cape-wickham-double-brie-cheese",
    "name": "King Island Dairy Cape Wickham Double Brie Cheese 200g",
    "image_url": "https://cdn1.woolworths.media/content/wowproductimages/large/040353.jpg",
    "source_id": "Woolworths - 40353",
    "barcode": "9314441001566",
    "category_id": "1_6E4F4E4",
    "shop": "Woolworths",
    "weight": "1KG",
    "prices": [
      {
        "state": "NSW",
        "price": "1490",
        "price_per_unit": "7450",
        "price_unit": "KG"
      },
      {
        "state": "WA",
        "price": "1490",
        "price_per_unit": "7450",
        "price_unit": "KG"
      },
      {
        "state": "SA",
        "price": "1490",
        "price_per_unit": "7450",
        "price_unit": "KG"
      },
      {
        "state": "TAS",
        "price": "1490",
        "price_per_unit": "7450",
        "price_unit": "KG"
      },
      {
        "state": "ACT",
        "price": "1490",
        "price_per_unit": "7450",
        "price_unit": "KG"
      },
      {
        "state": "NT",
        "price": "1490",
        "price_per_unit": "7450",
        "price_unit": "KG"
      }
    ]
  },
  {
    "source_url": "https://www.woolworths.com.au/shop/productdetails/6576/king-island-dairy-phoques-cove-camembert-cheese",
    "name": "King Island Dairy Phoques Cove Camembert Cheese 200g",
    "image_url": "https://cdn1.woolworths.media/content/wowproductimages/large/006576.jpg",
    "source_id": "Woolworths - 6576",
    "barcode": "9314441001054",
    "category_id": "1_6E4F4E4",
    "shop": "Woolworths",
    "weight": "1KG",
    "prices": [
      {
        "state": "NSW",
        "price": "1490",
        "price_per_unit": "7450",
        "price_unit": "KG"
      },
      {
        "state": "VIC",
        "price": "1490",
        "price_per_unit": "7450",
        "price_unit": "KG"
      },
      {
        "state": "QLD",
        "price": "1490",
        "price_per_unit": "7450",
        "price_unit": "KG"
      },
      {
        "state": "SA",
        "price": "1490",
        "price_per_unit": "7450",
        "price_unit": "KG"
      },
      {
        "state": "TAS",
        "price": "1490",
        "price_per_unit": "7450",
        "price_unit": "KG"
      },
      {
        "state": "ACT",
        "price": "1490",
        "price_per_unit": "7450",
        "price_unit": "KG"
      },
      {
        "state": "NT",
        "price": "1490",
        "price_per_unit": "7450",
        "price_unit": "KG"
      }
    ]
  },
  {
    "source_url": "https://www.woolworths.com.au/shop/productdetails/249784/king-island-dairy-three-rivers-bay-triple-cream-brie-cheese",
    "name": "King Island Dairy Three Rivers Bay Triple Cream Brie Cheese 175g",
    "image_url": "https://cdn1.woolworths.media/content/wowproductimages/large/249784.jpg",
    "source_id": "Woolworths - 249784",
    "barcode": "9314441700452",
    "category_id": "1_6E4F4E4",
    "shop": "Woolworths",
    "weight": "1KG",
    "prices": [
      {
        "state": "NSW",
        "price": "1490",
        "price_per_unit": "8514",
        "price_unit": "KG"
      },
      {
        "state": "VIC",
        "price": "1490",
        "price_per_unit": "8514",
        "price_unit": "KG"
      },
      {
        "state": "QLD",
        "price": "1490",
        "price_per_unit": "8514",
        "price_unit": "KG"
      },
      {
        "state": "SA",
        "price": "1490",
        "price_per_unit": "8514",
        "price_unit": "KG"
      },
      {
        "state": "TAS",
        "price": "1490",
        "price_per_unit": "8514",
        "price_unit": "KG"
      },
      {
        "state": "ACT",
        "price": "1490",
        "price_per_unit": "8514",
        "price_unit": "KG"
      }
    ]
  },
  {
    "source_url": "https://www.woolworths.com.au/shop/productdetails/23975/maggie-beer-ash-triple-cream-brie",
    "name": "Maggie Beer Ash Triple Cream Brie 200g",
    "image_url": "https://cdn1.woolworths.media/content/wowproductimages/large/023975.jpg",
    "source_id": "Woolworths - 23975",
    "barcode": "9321325000683",
    "category_id": "1_6E4F4E4",
    "shop": "Woolworths",
    "weight": "1KG",
    "prices": [
      {
        "state": "NSW",
        "price": "930",
        "price_per_unit": "4650",
        "price_unit": "KG"
      },
      {
        "state": "VIC",
        "price": "930",
        "price_per_unit": "4650",
        "price_unit": "KG"
      },
      {
        "state": "QLD",
        "price": "930",
        "price_per_unit": "4650",
        "price_unit": "KG"
      },
      {
        "state": "SA",
        "price": "930",
        "price_per_unit": "4650",
        "price_unit": "KG"
      },
      {
        "state": "TAS",
        "price": "930",
        "price_per_unit": "4650",
        "price_unit": "KG"
      },
      {
        "state": "ACT",
        "price": "930",
        "price_per_unit": "4650",
        "price_unit": "KG"
      },
      {
        "state": "NT",
        "price": "930",
        "price_per_unit": "4650",
        "price_unit": "KG"
      }
    ]
  },
  {
    "source_url": "https://www.woolworths.com.au/shop/productdetails/691289/maggie-beer-traditional-camembert",
    "name": "Maggie Beer Traditional Camembert 200g",
    "image_url": "https://cdn1.woolworths.media/content/wowproductimages/large/691289.jpg",
    "source_id": "Woolworths - 691289",
    "barcode": "9321325000584",
    "category_id": "1_6E4F4E4",
    "shop": "Woolworths",
    "weight": "1KG",
    "prices": [
      {
        "state": "NSW",
        "price": "930",
        "price_per_unit": "4650",
        "price_unit": "KG"
      },
      {
        "state": "QLD",
        "price": "930",
        "price_per_unit": "4650",
        "price_unit": "KG"
      },
      {
        "state": "WA",
        "price": "930",
        "price_per_unit": "4650",
        "price_unit": "KG"
      },
      {
        "state": "SA",
        "price": "930",
        "price_per_unit": "4650",
        "price_unit": "KG"
      },
      {
        "state": "TAS",
        "price": "930",
        "price_per_unit": "4650",
        "price_unit": "KG"
      },
      {
        "state": "ACT",
        "price": "930",
        "price_per_unit": "4650",
        "price_unit": "KG"
      },
      {
        "state": "NT",
        "price": "930",
        "price_per_unit": "4650",
        "price_unit": "KG"
      }
    ]
  },
  {
    "source_url": "https://www.woolworths.com.au/shop/productdetails/691113/maggie-beer-triple-cream-brie",
    "name": "Maggie Beer Triple Cream Brie 200g",
    "image_url": "https://cdn1.woolworths.media/content/wowproductimages/large/691113.jpg",
    "source_id": "Woolworths - 691113",
    "barcode": "9321325000577",
    "category_id": "1_6E4F4E4",
    "shop": "Woolworths",
    "weight": "1KG",
    "prices": [
      {
        "state": "NSW",
        "price": "930",
        "price_per_unit": "4650",
        "price_unit": "KG"
      },
      {
        "state": "VIC",
        "price": "930",
        "price_per_unit": "4650",
        "price_unit": "KG"
      },
      {
        "state": "QLD",
        "price": "930",
        "price_per_unit": "4650",
        "price_unit": "KG"
      },
      {
        "state": "WA",
        "price": "930",
        "price_per_unit": "4650",
        "price_unit": "KG"
      },
      {
        "state": "SA",
        "price": "930",
        "price_per_unit": "4650",
        "price_unit": "KG"
      },
      {
        "state": "TAS",
        "price": "930",
        "price_per_unit": "4650",
        "price_unit": "KG"
      },
      {
        "state": "NT",
        "price": "930",
        "price_per_unit": "4650",
        "price_unit": "KG"
      }
    ]
  },
  {
    "source_url": "https://www.woolworths.com.au/shop/productdetails/95422/maggie-beer-truffle-triple-cream-brie",
    "name": "Maggie Beer Truffle Triple Cream Brie 200g",
    "image_url": "https://cdn1.woolworths.media/content/wowproductimages/large/095422.jpg",
    "source_id": "Woolworths - 95422",
    "barcode": "9321325000775",
    "category_id": "1_6E4F4E4",
    "shop": "Woolworths",
    "weight": "1KG",
    "prices": [
      {
        "state": "NSW",
        "price": "1150",
        "price_per_unit": "5750",
        "price_unit": "KG"
      },
      {
        "state": "SA",
        "price": "1150",
        "price_per_unit": "5750",
        "price_unit": "KG"
      },
      {
        "state": "TAS",
        "price": "1150",
        "price_per_unit": "5750",
        "price_unit": "KG"
      },
      {
        "state": "ACT",
        "price": "1150",
        "price_per_unit": "5750",
        "price_unit": "KG"
      },
      {
        "state": "NT",
        "price": "1150",
        "price_per_unit": "5750",
        "price_unit": "KG"
      }
    ]
  },
  {
    "source_url": "https://www.woolworths.com.au/shop/productdetails/330227/meredith-dairy-dill-cheese",
    "name": "Meredith Dairy Dill Cheese 150g",
    "image_url": "https://cdn1.woolworths.media/content/wowproductimages/large/330227.jpg",
    "source_id": "Woolworths - 330227",
    "barcode": "9317320101524",
    "category_id": "1_6E4F4E4",
    "shop": "Woolworths",
    "weight": "1KG",
    "prices": [
      {
        "state": "NSW",
        "price": "940",
        "price_per_unit": "6267",
        "price_unit": "KG"
      },
      {
        "state": "VIC",
        "price": "940",
        "price_per_unit": "6267",
        "price_unit": "KG"
      },
      {
        "state": "QLD",
        "price": "940",
        "price_per_unit": "6267",
        "price_unit": "KG"
      },
      {
        "state": "WA",
        "price": "940",
        "price_per_unit": "6267",
        "price_unit": "KG"
      },
      {
        "state": "SA",
        "price": "940",
        "price_per_unit": "6267",
        "price_unit": "KG"
      },
      {
        "state": "ACT",
        "price": "940",
        "price_per_unit": "6267",
        "price_unit": "KG"
      }
    ]
  },
  {
    "source_url": "https://www.woolworths.com.au/shop/productdetails/464664/meredith-dairy-goat-cheese-australian-native-pepperberry",
    "name": "Meredith Dairy Goat Cheese Australian Native Pepperberry 150g",
    "image_url": "https://cdn1.woolworths.media/content/wowproductimages/large/464664.jpg",
    "source_id": "Woolworths - 464664",
    "barcode": "9317320100329",
    "category_id": "1_6E4F4E4",
    "shop": "Woolworths",
    "weight": "1KG",
    "prices": [
      {
        "state": "NSW",
        "price": "940",
        "price_per_unit": "6267",
        "price_unit": "KG"
      },
      {
        "state": "VIC",
        "price": "940",
        "price_per_unit": "6267",
        "price_unit": "KG"
      },
      {
        "state": "QLD",
        "price": "940",
        "price_per_unit": "6267",
        "price_unit": "KG"
      },
      {
        "state": "WA",
        "price": "940",
        "price_per_unit": "6267",
        "price_unit": "KG"
      },
      {
        "state": "SA",
        "price": "940",
        "price_per_unit": "6267",
        "price_unit": "KG"
      },
      {
        "state": "TAS",
        "price": "940",
        "price_per_unit": "6267",
        "price_unit": "KG"
      },
      {
        "state": "ACT",
        "price": "940",
        "price_per_unit": "6267",
        "price_unit": "KG"
      },
      {
        "state": "NT",
        "price": "940",
        "price_per_unit": "6267",
        "price_unit": "KG"
      }
    ]
  },
  {
    "source_url": "https://www.woolworths.com.au/shop/productdetails/668984/meredith-dairy-goat-s-cheese-chevre-plain",
    "name": "Meredith Dairy Goat's Cheese Chevre Plain 80g",
    "image_url": "https://cdn1.woolworths.media/content/wowproductimages/large/668984.jpg",
    "source_id": "Woolworths - 668984",
    "barcode": "9317320100152",
    "category_id": "1_6E4F4E4",
    "shop": "Woolworths",
    "weight": "1KG",
    "prices": [
      {
        "state": "NSW",
        "price": "550",
        "price_per_unit": "6875",
        "price_unit": "KG"
      },
      {
        "state": "VIC",
        "price": "550",
        "price_per_unit": "6875",
        "price_unit": "KG"
      },
      {
        "state": "QLD",
        "price": "550",
        "price_per_unit": "6875",
        "price_unit": "KG"
      },
      {
        "state": "WA",
        "price": "550",
        "price_per_unit": "6875",
        "price_unit": "KG"
      },
      {
        "state": "SA",
        "price": "550",
        "price_per_unit": "6875",
        "price_unit": "KG"
      },
      {
        "state": "TAS",
        "price": "550",
        "price_per_unit": "6875",
        "price_unit": "KG"
      },
      {
        "state": "ACT",
        "price": "550",
        "price_per_unit": "6875",
        "price_unit": "KG"
      },
      {
        "state": "NT",
        "price": "550",
        "price_per_unit": "6875",
        "price_unit": "KG"
      }
    ]
  },
  {
    "source_url": "https://www.woolworths.com.au/shop/productdetails/60594/meredith-dairy-goats-cheese",
    "name": "Meredith Dairy Goats Cheese 100g",
    "image_url": "https://cdn1.woolworths.media/content/wowproductimages/large/060594.jpg",
    "source_id": "Woolworths - 60594",
    "barcode": "9317320100305",
    "category_id": "1_6E4F4E4",
    "shop": "Woolworths",
    "weight": "1KG",
    "prices": [
      {
        "state": "NSW",
        "price": "550",
        "price_per_unit": "5500",
        "price_unit": "KG"
      },
      {
        "state": "VIC",
        "price": "550",
        "price_per_unit": "5500",
        "price_unit": "KG"
      },
      {
        "state": "QLD",
        "price": "550",
        "price_per_unit": "5500",
        "price_unit": "KG"
      },
      {
        "state": "WA",
        "price": "550",
        "price_per_unit": "5500",
        "price_unit": "KG"
      },
      {
        "state": "TAS",
        "price": "550",
        "price_per_unit": "5500",
        "price_unit": "KG"
      },
      {
        "state": "ACT",
        "price": "550",
        "price_per_unit": "5500",
        "price_unit": "KG"
      },
      {
        "state": "NT",
        "price": "550",
        "price_per_unit": "5500",
        "price_unit": "KG"
      }
    ]
  },
  {
    "source_url": "https://www.woolworths.com.au/shop/productdetails/135884/meredith-dairy-goats-cheese-in-olive-oil",
    "name": "Meredith Dairy Goats Cheese 320g",
    "image_url": "https://cdn1.woolworths.media/content/wowproductimages/large/135884.jpg",
    "source_id": "Woolworths - 135884",
    "barcode": "9317320100039",
    "category_id": "1_6E4F4E4",
    "shop": "Woolworths",
    "weight": "1KG",
    "prices": [
      {
        "state": "NSW",
        "price": "1380",
        "price_per_unit": "4313",
        "price_unit": "KG"
      },
      {
        "state": "VIC",
        "price": "1380",
        "price_per_unit": "4313",
        "price_unit": "KG"
      },
      {
        "state": "QLD",
        "price": "1380",
        "price_per_unit": "4313",
        "price_unit": "KG"
      },
      {
        "state": "WA",
        "price": "1380",
        "price_per_unit": "4313",
        "price_unit": "KG"
      },
      {
        "state": "SA",
        "price": "1380",
        "price_per_unit": "4313",
        "price_unit": "KG"
      },
      {
        "state": "TAS",
        "price": "1380",
        "price_per_unit": "4313",
        "price_unit": "KG"
      },
      {
        "state": "ACT",
        "price": "1380",
        "price_per_unit": "4313",
        "price_unit": "KG"
      },
      {
        "state": "NT",
        "price": "1380",
        "price_per_unit": "4313",
        "price_unit": "KG"
      }
    ]
  },
  {
    "source_url": "https://www.woolworths.com.au/shop/productdetails/663973/meredith-dairy-goats-cheese-jar",
    "name": "Meredith Dairy Goats Cheese 550g",
    "image_url": "https://cdn1.woolworths.media/content/wowproductimages/large/663973.jpg",
    "source_id": "Woolworths - 663973",
    "barcode": "9317320100091",
    "category_id": "1_6E4F4E4",
    "shop": "Woolworths",
    "weight": "1KG",
    "prices": [
      {
        "state": "NSW",
        "price": "2200",
        "price_per_unit": "4000",
        "price_unit": "KG"
      },
      {
        "state": "VIC",
        "price": "2200",
        "price_per_unit": "4000",
        "price_unit": "KG"
      },
      {
        "state": "QLD",
        "price": "2200",
        "price_per_unit": "4000",
        "price_unit": "KG"
      },
      {
        "state": "WA",
        "price": "2200",
        "price_per_unit": "4000",
        "price_unit": "KG"
      },
      {
        "state": "TAS",
        "price": "2200",
        "price_per_unit": "4000",
        "price_unit": "KG"
      },
      {
        "state": "ACT",
        "price": "2200",
        "price_per_unit": "4000",
        "price_unit": "KG"
      },
      {
        "state": "NT",
        "price": "2200",
        "price_per_unit": "4000",
        "price_unit": "KG"
      }
    ]
  },
  {
    "source_url": "https://www.woolworths.com.au/shop/productdetails/316043/meredith-dairy-plain-goats-cheese",
    "name": "Meredith Dairy Plain Goats Cheese 150g",
    "image_url": "https://cdn1.woolworths.media/content/wowproductimages/large/316043.jpg",
    "source_id": "Woolworths - 316043",
    "barcode": "9317320101500",
    "category_id": "1_6E4F4E4",
    "shop": "Woolworths",
    "weight": "1KG",
    "prices": [
      {
        "state": "NSW",
        "price": "940",
        "price_per_unit": "6267",
        "price_unit": "KG"
      },
      {
        "state": "VIC",
        "price": "940",
        "price_per_unit": "6267",
        "price_unit": "KG"
      },
      {
        "state": "QLD",
        "price": "940",
        "price_per_unit": "6267",
        "price_unit": "KG"
      },
      {
        "state": "WA",
        "price": "940",
        "price_per_unit": "6267",
        "price_unit": "KG"
      },
      {
        "state": "SA",
        "price": "940",
        "price_per_unit": "6267",
        "price_unit": "KG"
      },
      {
        "state": "TAS",
        "price": "940",
        "price_per_unit": "6267",
        "price_unit": "KG"
      },
      {
        "state": "ACT",
        "price": "940",
        "price_per_unit": "6267",
        "price_unit": "KG"
      },
      {
        "state": "NT",
        "price": "940",
        "price_per_unit": "6267",
        "price_unit": "KG"
      }
    ]
  },
  {
    "source_url": "https://www.woolworths.com.au/shop/productdetails/216900/mon-ami-double-cream-french-brie-petit",
    "name": "Mon Ami Double Cream French Brie Petit 125g",
    "image_url": "https://cdn1.woolworths.media/content/wowproductimages/large/216900.jpg",
    "source_id": "Woolworths - 216900",
    "barcode": "5704025035058",
    "category_id": "1_6E4F4E4",
    "shop": "Woolworths",
    "weight": "1KG",
    "prices": [
      {
        "state": "NSW",
        "price": "520",
        "price_per_unit": "4160",
        "price_unit": "KG"
      },
      {
        "state": "VIC",
        "price": "520",
        "price_per_unit": "4160",
        "price_unit": "KG"
      },
      {
        "state": "QLD",
        "price": "520",
        "price_per_unit": "4160",
        "price_unit": "KG"
      },
      {
        "state": "WA",
        "price": "520",
        "price_per_unit": "4160",
        "price_unit": "KG"
      },
      {
        "state": "SA",
        "price": "520",
        "price_per_unit": "4160",
        "price_unit": "KG"
      },
      {
        "state": "TAS",
        "price": "520",
        "price_per_unit": "4160",
        "price_unit": "KG"
      },
      {
        "state": "ACT",
        "price": "520",
        "price_per_unit": "4160",
        "price_unit": "KG"
      },
      {
        "state": "NT",
        "price": "520",
        "price_per_unit": "4160",
        "price_unit": "KG"
      }
    ]
  },
  {
    "source_url": "https://www.woolworths.com.au/shop/productdetails/726490/mon-ami-french-brie-cheese",
    "name": "Mon Ami French Brie Cheese 200g",
    "image_url": "https://cdn1.woolworths.media/content/wowproductimages/large/726490.jpg",
    "source_id": "Woolworths - 726490",
    "barcode": "5704025016965",
    "category_id": "1_6E4F4E4",
    "shop": "Woolworths",
    "weight": "1KG",
    "prices": [
      {
        "state": "NSW",
        "price": "720",
        "price_per_unit": "3600",
        "price_unit": "KG"
      },
      {
        "state": "VIC",
        "price": "720",
        "price_per_unit": "3600",
        "price_unit": "KG"
      },
      {
        "state": "QLD",
        "price": "720",
        "price_per_unit": "3600",
        "price_unit": "KG"
      },
      {
        "state": "WA",
        "price": "720",
        "price_per_unit": "3600",
        "price_unit": "KG"
      },
      {
        "state": "SA",
        "price": "720",
        "price_per_unit": "3600",
        "price_unit": "KG"
      },
      {
        "state": "TAS",
        "price": "720",
        "price_per_unit": "3600",
        "price_unit": "KG"
      },
      {
        "state": "ACT",
        "price": "720",
        "price_per_unit": "3600",
        "price_unit": "KG"
      },
      {
        "state": "NT",
        "price": "720",
        "price_per_unit": "3600",
        "price_unit": "KG"
      }
    ]
  },
  {
    "source_url": "https://www.woolworths.com.au/shop/productdetails/751148/mon-ami-french-camembert-cheese",
    "name": "Mon Ami French Camembert Cheese 200g",
    "image_url": "https://cdn1.woolworths.media/content/wowproductimages/large/751148.jpg",
    "source_id": "Woolworths - 751148",
    "barcode": "5704025018280",
    "category_id": "1_6E4F4E4",
    "shop": "Woolworths",
    "weight": "1KG",
    "prices": [
      {
        "state": "NSW",
        "price": "720",
        "price_per_unit": "3600",
        "price_unit": "KG"
      },
      {
        "state": "VIC",
        "price": "720",
        "price_per_unit": "3600",
        "price_unit": "KG"
      },
      {
        "state": "QLD",
        "price": "720",
        "price_per_unit": "3600",
        "price_unit": "KG"
      },
      {
        "state": "WA",
        "price": "720",
        "price_per_unit": "3600",
        "price_unit": "KG"
      },
      {
        "state": "SA",
        "price": "720",
        "price_per_unit": "3600",
        "price_unit": "KG"
      },
      {
        "state": "TAS",
        "price": "720",
        "price_per_unit": "3600",
        "price_unit": "KG"
      },
      {
        "state": "ACT",
        "price": "720",
        "price_per_unit": "3600",
        "price_unit": "KG"
      },
      {
        "state": "NT",
        "price": "720",
        "price_per_unit": "3600",
        "price_unit": "KG"
      }
    ]
  },
  {
    "source_url": "https://www.woolworths.com.au/shop/productdetails/319652/mon-ami-french-le-fromager-double-cream-brie",
    "name": "Mon Ami French Le Fromager Double Cream Brie 300g",
    "image_url": "https://cdn1.woolworths.media/content/wowproductimages/large/319652.jpg",
    "source_id": "Woolworths - 319652",
    "barcode": "5704025035515",
    "category_id": "1_6E4F4E4",
    "shop": "Woolworths",
    "weight": "1KG",
    "prices": [
      {
        "state": "NSW",
        "price": "1000",
        "price_per_unit": "3333",
        "price_unit": "KG"
      },
      {
        "state": "VIC",
        "price": "1000",
        "price_per_unit": "3333",
        "price_unit": "KG"
      },
      {
        "state": "QLD",
        "price": "1000",
        "price_per_unit": "3333",
        "price_unit": "KG"
      },
      {
        "state": "WA",
        "price": "1000",
        "price_per_unit": "3333",
        "price_unit": "KG"
      },
      {
        "state": "SA",
        "price": "1000",
        "price_per_unit": "3333",
        "price_unit": "KG"
      },
      {
        "state": "TAS",
        "price": "1000",
        "price_per_unit": "3333",
        "price_unit": "KG"
      },
      {
        "state": "ACT",
        "price": "1000",
        "price_per_unit": "3333",
        "price_unit": "KG"
      },
      {
        "state": "NT",
        "price": "1000",
        "price_per_unit": "3333",
        "price_unit": "KG"
      }
    ]
  },
  {
    "source_url": "https://www.woolworths.com.au/shop/productdetails/218930/mon-ami-mild-creamy-camembert-petit",
    "name": "Mon Ami Mild & Creamy Camembert Petit 125g",
    "image_url": "https://cdn1.woolworths.media/content/wowproductimages/large/218930.jpg",
    "source_id": "Woolworths - 218930",
    "barcode": "5704025035065",
    "category_id": "1_6E4F4E4",
    "shop": "Woolworths",
    "weight": "1KG",
    "prices": [
      {
        "state": "NSW",
        "price": "520",
        "price_per_unit": "4160",
        "price_unit": "KG"
      },
      {
        "state": "VIC",
        "price": "520",
        "price_per_unit": "4160",
        "price_unit": "KG"
      },
      {
        "state": "QLD",
        "price": "520",
        "price_per_unit": "4160",
        "price_unit": "KG"
      },
      {
        "state": "WA",
        "price": "520",
        "price_per_unit": "4160",
        "price_unit": "KG"
      },
      {
        "state": "SA",
        "price": "520",
        "price_per_unit": "4160",
        "price_unit": "KG"
      },
      {
        "state": "TAS",
        "price": "520",
        "price_per_unit": "4160",
        "price_unit": "KG"
      },
      {
        "state": "ACT",
        "price": "520",
        "price_per_unit": "4160",
        "price_unit": "KG"
      },
      {
        "state": "NT",
        "price": "520",
        "price_per_unit": "4160",
        "price_unit": "KG"
      }
    ]
  },
  {
    "source_url": "https://www.woolworths.com.au/shop/productdetails/310020/old-telegraph-road-mild-smooth-creamy-brie",
    "name": "Old Telegraph Road Mild & Smooth Creamy Brie 115g",
    "image_url": "https://cdn1.woolworths.media/content/wowproductimages/large/310020.jpg",
    "source_id": "Woolworths - 310020",
    "barcode": "9316389780978",
    "category_id": "1_6E4F4E4",
    "shop": "Woolworths",
    "weight": "1KG",
    "prices": [
      {
        "state": "NSW",
        "price": "560",
        "price_per_unit": "4870",
        "price_unit": "KG"
      },
      {
        "state": "VIC",
        "price": "560",
        "price_per_unit": "4870",
        "price_unit": "KG"
      },
      {
        "state": "QLD",
        "price": "560",
        "price_per_unit": "4870",
        "price_unit": "KG"
      },
      {
        "state": "SA",
        "price": "560",
        "price_per_unit": "4870",
        "price_unit": "KG"
      },
      {
        "state": "TAS",
        "price": "560",
        "price_per_unit": "4870",
        "price_unit": "KG"
      },
      {
        "state": "ACT",
        "price": "560",
        "price_per_unit": "4870",
        "price_unit": "KG"
      },
      {
        "state": "NT",
        "price": "560",
        "price_per_unit": "4870",
        "price_unit": "KG"
      }
    ]
  },
  {
    "source_url": "https://www.woolworths.com.au/shop/productdetails/310191/old-telegraph-road-soft-creamy-camembert",
    "name": "Old Telegraph Road Soft & Creamy Camembert 115g",
    "image_url": "https://cdn1.woolworths.media/content/wowproductimages/large/310191.jpg",
    "source_id": "Woolworths - 310191",
    "barcode": "9316389780985",
    "category_id": "1_6E4F4E4",
    "shop": "Woolworths",
    "weight": "1KG",
    "prices": [
      {
        "state": "NSW",
        "price": "560",
        "price_per_unit": "4870",
        "price_unit": "KG"
      },
      {
        "state": "VIC",
        "price": "560",
        "price_per_unit": "4870",
        "price_unit": "KG"
      },
      {
        "state": "QLD",
        "price": "560",
        "price_per_unit": "4870",
        "price_unit": "KG"
      },
      {
        "state": "SA",
        "price": "560",
        "price_per_unit": "4870",
        "price_unit": "KG"
      },
      {
        "state": "TAS",
        "price": "560",
        "price_per_unit": "4870",
        "price_unit": "KG"
      },
      {
        "state": "ACT",
        "price": "560",
        "price_per_unit": "4870",
        "price_unit": "KG"
      },
      {
        "state": "NT",
        "price": "560",
        "price_per_unit": "4870",
        "price_unit": "KG"
      }
    ]
  },
  {
    "source_url": "https://www.woolworths.com.au/shop/productdetails/800132/president-brie-cheese",
    "name": "President Brie Cheese 200g",
    "image_url": "https://cdn1.woolworths.media/content/wowproductimages/large/800132.jpg",
    "source_id": "Woolworths - 800132",
    "barcode": "9316112007587",
    "category_id": "1_6E4F4E4",
    "shop": "Woolworths",
    "weight": "1KG",
    "prices": [
      {
        "state": "NSW",
        "price": "780",
        "price_per_unit": "3900",
        "price_unit": "KG"
      },
      {
        "state": "VIC",
        "price": "780",
        "price_per_unit": "3900",
        "price_unit": "KG"
      },
      {
        "state": "QLD",
        "price": "780",
        "price_per_unit": "3900",
        "price_unit": "KG"
      },
      {
        "state": "WA",
        "price": "780",
        "price_per_unit": "3900",
        "price_unit": "KG"
      },
      {
        "state": "SA",
        "price": "780",
        "price_per_unit": "3900",
        "price_unit": "KG"
      },
      {
        "state": "TAS",
        "price": "780",
        "price_per_unit": "3900",
        "price_unit": "KG"
      },
      {
        "state": "ACT",
        "price": "780",
        "price_per_unit": "3900",
        "price_unit": "KG"
      },
      {
        "state": "NT",
        "price": "780",
        "price_per_unit": "3900",
        "price_unit": "KG"
      }
    ]
  },
  {
    "source_url": "https://www.woolworths.com.au/shop/productdetails/800151/president-camembert-cheese",
    "name": "President Camembert Cheese 200g",
    "image_url": "https://cdn1.woolworths.media/content/wowproductimages/large/800151.jpg",
    "source_id": "Woolworths - 800151",
    "barcode": "9316112007594",
    "category_id": "1_6E4F4E4",
    "shop": "Woolworths",
    "weight": "1KG",
    "prices": [
      {
        "state": "NSW",
        "price": "780",
        "price_per_unit": "3900",
        "price_unit": "KG"
      },
      {
        "state": "VIC",
        "price": "780",
        "price_per_unit": "3900",
        "price_unit": "KG"
      },
      {
        "state": "QLD",
        "price": "780",
        "price_per_unit": "3900",
        "price_unit": "KG"
      },
      {
        "state": "WA",
        "price": "780",
        "price_per_unit": "3900",
        "price_unit": "KG"
      },
      {
        "state": "SA",
        "price": "780",
        "price_per_unit": "3900",
        "price_unit": "KG"
      },
      {
        "state": "TAS",
        "price": "780",
        "price_per_unit": "3900",
        "price_unit": "KG"
      },
      {
        "state": "ACT",
        "price": "780",
        "price_per_unit": "3900",
        "price_unit": "KG"
      },
      {
        "state": "NT",
        "price": "780",
        "price_per_unit": "3900",
        "price_unit": "KG"
      }
    ]
  },
  {
    "source_url": "https://www.woolworths.com.au/shop/productdetails/40365/south-cape-brie",
    "name": "South Cape Brie 200g",
    "image_url": "https://cdn1.woolworths.media/content/wowproductimages/large/040365.jpg",
    "source_id": "Woolworths - 40365",
    "barcode": "9314441001573",
    "category_id": "1_6E4F4E4",
    "shop": "Woolworths",
    "weight": "1KG",
    "prices": [
      {
        "state": "NSW",
        "price": "600",
        "price_per_unit": "3000",
        "price_unit": "KG"
      },
      {
        "state": "QLD",
        "price": "600",
        "price_per_unit": "3000",
        "price_unit": "KG"
      },
      {
        "state": "SA",
        "price": "600",
        "price_per_unit": "3000",
        "price_unit": "KG"
      },
      {
        "state": "TAS",
        "price": "600",
        "price_per_unit": "3000",
        "price_unit": "KG"
      },
      {
        "state": "NT",
        "price": "600",
        "price_per_unit": "3000",
        "price_unit": "KG"
      }
    ]
  },
  {
    "source_url": "https://www.woolworths.com.au/shop/productdetails/28123/south-cape-camembert-cheese",
    "name": "South Cape Camembert Cheese 200g",
    "image_url": "https://cdn1.woolworths.media/content/wowproductimages/large/028123.jpg",
    "source_id": "Woolworths - 28123",
    "barcode": "9314441009500",
    "category_id": "1_6E4F4E4",
    "shop": "Woolworths",
    "weight": "1KG",
    "prices": [
      {
        "state": "NSW",
        "price": "600",
        "price_per_unit": "3000",
        "price_unit": "KG"
      },
      {
        "state": "VIC",
        "price": "600",
        "price_per_unit": "3000",
        "price_unit": "KG"
      },
      {
        "state": "QLD",
        "price": "600",
        "price_per_unit": "3000",
        "price_unit": "KG"
      },
      {
        "state": "SA",
        "price": "600",
        "price_per_unit": "3000",
        "price_unit": "KG"
      },
      {
        "state": "ACT",
        "price": "600",
        "price_per_unit": "3000",
        "price_unit": "KG"
      },
      {
        "state": "NT",
        "price": "600",
        "price_per_unit": "3000",
        "price_unit": "KG"
      }
    ]
  },
  {
    "source_url": "https://www.woolworths.com.au/shop/productdetails/527275/tasmanian-heritage-camembert-cheese",
    "name": "Tasmanian Heritage Camembert Cheese 80g",
    "image_url": "https://cdn1.woolworths.media/content/wowproductimages/large/527275.jpg",
    "source_id": "Woolworths - 527275",
    "barcode": "9314441711861",
    "category_id": "1_6E4F4E4",
    "shop": "Woolworths",
    "weight": "1KG",
    "prices": [
      {
        "state": "NSW",
        "price": "480",
        "price_per_unit": "6000",
        "price_unit": "KG"
      },
      {
        "state": "VIC",
        "price": "480",
        "price_per_unit": "6000",
        "price_unit": "KG"
      },
      {
        "state": "QLD",
        "price": "480",
        "price_per_unit": "6000",
        "price_unit": "KG"
      },
      {
        "state": "WA",
        "price": "480",
        "price_per_unit": "6000",
        "price_unit": "KG"
      },
      {
        "state": "SA",
        "price": "480",
        "price_per_unit": "6000",
        "price_unit": "KG"
      },
      {
        "state": "TAS",
        "price": "480",
        "price_per_unit": "6000",
        "price_unit": "KG"
      },
      {
        "state": "ACT",
        "price": "480",
        "price_per_unit": "6000",
        "price_unit": "KG"
      },
      {
        "state": "NT",
        "price": "480",
        "price_per_unit": "6000",
        "price_unit": "KG"
      }
    ]
  },
  {
    "source_url": "https://www.woolworths.com.au/shop/productdetails/527179/tasmanian-heritage-double-brie-cheese",
    "name": "Tasmanian Heritage Double Brie Cheese 80g",
    "image_url": "https://cdn1.woolworths.media/content/wowproductimages/large/527179.jpg",
    "source_id": "Woolworths - 527179",
    "barcode": "9314441711885",
    "category_id": "1_6E4F4E4",
    "shop": "Woolworths",
    "weight": "1KG",
    "prices": [
      {
        "state": "NSW",
        "price": "480",
        "price_per_unit": "6000",
        "price_unit": "KG"
      },
      {
        "state": "VIC",
        "price": "480",
        "price_per_unit": "6000",
        "price_unit": "KG"
      },
      {
        "state": "QLD",
        "price": "480",
        "price_per_unit": "6000",
        "price_unit": "KG"
      },
      {
        "state": "WA",
        "price": "480",
        "price_per_unit": "6000",
        "price_unit": "KG"
      },
      {
        "state": "SA",
        "price": "480",
        "price_per_unit": "6000",
        "price_unit": "KG"
      },
      {
        "state": "TAS",
        "price": "480",
        "price_per_unit": "6000",
        "price_unit": "KG"
      },
      {
        "state": "ACT",
        "price": "480",
        "price_per_unit": "6000",
        "price_unit": "KG"
      },
      {
        "state": "NT",
        "price": "480",
        "price_per_unit": "6000",
        "price_unit": "KG"
      }
    ]
  },
  {
    "source_url": "https://www.woolworths.com.au/shop/productdetails/2205/tasmanian-heritage-oval-camembert-cheese-cheese",
    "name": "Tasmanian Heritage Oval Camembert Cheese 125g",
    "image_url": "https://cdn1.woolworths.media/content/wowproductimages/large/002205.jpg",
    "source_id": "Woolworths - 2205",
    "barcode": "9310134220177",
    "category_id": "1_6E4F4E4",
    "shop": "Woolworths",
    "weight": "1KG",
    "prices": [
      {
        "state": "NSW",
        "price": "500",
        "price_per_unit": "4000",
        "price_unit": "KG"
      },
      {
        "state": "VIC",
        "price": "500",
        "price_per_unit": "4000",
        "price_unit": "KG"
      },
      {
        "state": "QLD",
        "price": "500",
        "price_per_unit": "4000",
        "price_unit": "KG"
      },
      {
        "state": "WA",
        "price": "500",
        "price_per_unit": "4000",
        "price_unit": "KG"
      },
      {
        "state": "SA",
        "price": "500",
        "price_per_unit": "4000",
        "price_unit": "KG"
      },
      {
        "state": "TAS",
        "price": "500",
        "price_per_unit": "4000",
        "price_unit": "KG"
      },
      {
        "state": "ACT",
        "price": "500",
        "price_per_unit": "4000",
        "price_unit": "KG"
      }
    ]
  },
  {
    "source_url": "https://www.woolworths.com.au/shop/productdetails/87470/thomas-dux-ash-brie",
    "name": "Thomas Dux Ash Brie 125g",
    "image_url": "https://cdn1.woolworths.media/content/wowproductimages/large/087470.jpg",
    "source_id": "Woolworths - 87470",
    "barcode": "93560702",
    "category_id": "1_6E4F4E4",
    "shop": "Woolworths",
    "weight": "1KG",
    "prices": [
      {
        "state": "NSW",
        "price": "390",
        "price_per_unit": "3120",
        "price_unit": "KG"
      },
      {
        "state": "QLD",
        "price": "390",
        "price_per_unit": "3120",
        "price_unit": "KG"
      },
      {
        "state": "SA",
        "price": "390",
        "price_per_unit": "3120",
        "price_unit": "KG"
      },
      {
        "state": "TAS",
        "price": "390",
        "price_per_unit": "3120",
        "price_unit": "KG"
      },
      {
        "state": "ACT",
        "price": "390",
        "price_per_unit": "3120",
        "price_unit": "KG"
      },
      {
        "state": "NT",
        "price": "390",
        "price_per_unit": "3120",
        "price_unit": "KG"
      }
    ]
  },
  {
    "source_url": "https://www.woolworths.com.au/shop/productdetails/311844/thomas-dux-brie-cheese",
    "name": "Thomas Dux Brie Cheese 125g",
    "image_url": "https://cdn1.woolworths.media/content/wowproductimages/large/311844.jpg",
    "source_id": "Woolworths - 311844",
    "barcode": "9339687345977",
    "category_id": "1_6E4F4E4",
    "shop": "Woolworths",
    "weight": "1KG",
    "prices": [
      {
        "state": "NSW",
        "price": "300",
        "price_per_unit": "2400",
        "price_unit": "KG"
      },
      {
        "state": "VIC",
        "price": "300",
        "price_per_unit": "2400",
        "price_unit": "KG"
      },
      {
        "state": "QLD",
        "price": "300",
        "price_per_unit": "2400",
        "price_unit": "KG"
      },
      {
        "state": "WA",
        "price": "300",
        "price_per_unit": "2400",
        "price_unit": "KG"
      },
      {
        "state": "SA",
        "price": "300",
        "price_per_unit": "2400",
        "price_unit": "KG"
      },
      {
        "state": "TAS",
        "price": "280",
        "price_per_unit": "2240",
        "price_unit": "KG"
      },
      {
        "state": "ACT",
        "price": "300",
        "price_per_unit": "2400",
        "price_unit": "KG"
      },
      {
        "state": "NT",
        "price": "300",
        "price_per_unit": "2400",
        "price_unit": "KG"
      }
    ]
  },
  {
    "source_url": "https://www.woolworths.com.au/shop/productdetails/311843/thomas-dux-camembert-cheese",
    "name": "Thomas Dux Camembert Cheese 125g",
    "image_url": "https://cdn1.woolworths.media/content/wowproductimages/large/311843.jpg",
    "source_id": "Woolworths - 311843",
    "barcode": "9339687345960",
    "category_id": "1_6E4F4E4",
    "shop": "Woolworths",
    "weight": "1KG",
    "prices": [
      {
        "state": "NSW",
        "price": "300",
        "price_per_unit": "2400",
        "price_unit": "KG"
      },
      {
        "state": "VIC",
        "price": "300",
        "price_per_unit": "2400",
        "price_unit": "KG"
      },
      {
        "state": "QLD",
        "price": "300",
        "price_per_unit": "2400",
        "price_unit": "KG"
      },
      {
        "state": "WA",
        "price": "300",
        "price_per_unit": "2400",
        "price_unit": "KG"
      },
      {
        "state": "SA",
        "price": "300",
        "price_per_unit": "2400",
        "price_unit": "KG"
      },
      {
        "state": "TAS",
        "price": "300",
        "price_per_unit": "2400",
        "price_unit": "KG"
      },
      {
        "state": "ACT",
        "price": "300",
        "price_per_unit": "2400",
        "price_unit": "KG"
      },
      {
        "state": "NT",
        "price": "300",
        "price_per_unit": "2400",
        "price_unit": "KG"
      }
    ]
  },
  {
    "source_url": "https://www.woolworths.com.au/shop/productdetails/87468/thomas-dux-double-cream-camembert",
    "name": "Thomas Dux Double Cream Camembert 200g",
    "image_url": "https://cdn1.woolworths.media/content/wowproductimages/large/087468.jpg",
    "source_id": "Woolworths - 87468",
    "barcode": "93561129",
    "category_id": "1_6E4F4E4",
    "shop": "Woolworths",
    "weight": "1KG",
    "prices": [
      {
        "state": "NSW",
        "price": "550",
        "price_per_unit": "2750",
        "price_unit": "KG"
      },
      {
        "state": "VIC",
        "price": "550",
        "price_per_unit": "2750",
        "price_unit": "KG"
      },
      {
        "state": "QLD",
        "price": "550",
        "price_per_unit": "2750",
        "price_unit": "KG"
      },
      {
        "state": "WA",
        "price": "550",
        "price_per_unit": "2750",
        "price_unit": "KG"
      },
      {
        "state": "SA",
        "price": "550",
        "price_per_unit": "2750",
        "price_unit": "KG"
      },
      {
        "state": "TAS",
        "price": "550",
        "price_per_unit": "2750",
        "price_unit": "KG"
      },
      {
        "state": "ACT",
        "price": "550",
        "price_per_unit": "2750",
        "price_unit": "KG"
      },
      {
        "state": "NT",
        "price": "550",
        "price_per_unit": "2750",
        "price_unit": "KG"
      }
    ]
  },
  {
    "source_url": "https://www.woolworths.com.au/shop/productdetails/443664/thomas-dux-french-goats-cheese",
    "name": "Thomas Dux French Goats Cheese 110g",
    "image_url": "https://cdn1.woolworths.media/content/wowproductimages/large/443664.jpg",
    "source_id": "Woolworths - 443664",
    "barcode": "9339687361403",
    "category_id": "1_6E4F4E4",
    "shop": "Woolworths",
    "weight": "1KG",
    "prices": [
      {
        "state": "NSW",
        "price": "440",
        "price_per_unit": "4000",
        "price_unit": "KG"
      },
      {
        "state": "VIC",
        "price": "440",
        "price_per_unit": "4000",
        "price_unit": "KG"
      },
      {
        "state": "QLD",
        "price": "440",
        "price_per_unit": "4000",
        "price_unit": "KG"
      },
      {
        "state": "SA",
        "price": "440",
        "price_per_unit": "4000",
        "price_unit": "KG"
      },
      {
        "state": "TAS",
        "price": "440",
        "price_per_unit": "4000",
        "price_unit": "KG"
      },
      {
        "state": "ACT",
        "price": "440",
        "price_per_unit": "4000",
        "price_unit": "KG"
      },
      {
        "state": "NT",
        "price": "440",
        "price_per_unit": "4000",
        "price_unit": "KG"
      }
    ]
  },
  {
    "source_url": "https://www.woolworths.com.au/shop/productdetails/94988/thomas-dux-marinated-goats-cheese",
    "name": "Thomas Dux Marinated Goats Cheese 300g",
    "image_url": "https://cdn1.woolworths.media/content/wowproductimages/large/094988.jpg",
    "source_id": "Woolworths - 94988",
    "barcode": "93561136",
    "category_id": "1_6E4F4E4",
    "shop": "Woolworths",
    "weight": "1KG",
    "prices": [
      {
        "state": "NSW",
        "price": "1100",
        "price_per_unit": "3667",
        "price_unit": "KG"
      },
      {
        "state": "TAS",
        "price": "1100",
        "price_per_unit": "3667",
        "price_unit": "KG"
      },
      {
        "state": "ACT",
        "price": "1100",
        "price_per_unit": "3667",
        "price_unit": "KG"
      },
      {
        "state": "NT",
        "price": "1100",
        "price_per_unit": "3667",
        "price_unit": "KG"
      }
    ]
  },
  {
    "source_url": "https://www.woolworths.com.au/shop/productdetails/87467/thomas-dux-triple-cream-brie",
    "name": "Thomas Dux Triple Cream Brie 200g",
    "image_url": "https://cdn1.woolworths.media/content/wowproductimages/large/087467.jpg",
    "source_id": "Woolworths - 87467",
    "barcode": "93560818",
    "category_id": "1_6E4F4E4",
    "shop": "Woolworths",
    "weight": "1KG",
    "prices": [
      {
        "state": "NSW",
        "price": "550",
        "price_per_unit": "2750",
        "price_unit": "KG"
      },
      {
        "state": "VIC",
        "price": "550",
        "price_per_unit": "2750",
        "price_unit": "KG"
      },
      {
        "state": "QLD",
        "price": "550",
        "price_per_unit": "2750",
        "price_unit": "KG"
      },
      {
        "state": "WA",
        "price": "550",
        "price_per_unit": "2750",
        "price_unit": "KG"
      },
      {
        "state": "SA",
        "price": "550",
        "price_per_unit": "2750",
        "price_unit": "KG"
      },
      {
        "state": "TAS",
        "price": "550",
        "price_per_unit": "2750",
        "price_unit": "KG"
      },
      {
        "state": "ACT",
        "price": "550",
        "price_per_unit": "2750",
        "price_unit": "KG"
      },
      {
        "state": "NT",
        "price": "550",
        "price_per_unit": "2750",
        "price_unit": "KG"
      }
    ]
  },
  {
    "source_url": "https://www.woolworths.com.au/shop/productdetails/738697/unicorn-classic-camembert-cheese",
    "name": "Unicorn Classic Camembert Cheese 125g",
    "image_url": "https://cdn1.woolworths.media/content/wowproductimages/large/738697.jpg",
    "source_id": "Woolworths - 738697",
    "barcode": "9312182012520",
    "category_id": "1_6E4F4E4",
    "shop": "Woolworths",
    "weight": "1KG",
    "prices": [
      {
        "state": "NSW",
        "price": "600",
        "price_per_unit": "4800",
        "price_unit": "KG"
      },
      {
        "state": "VIC",
        "price": "600",
        "price_per_unit": "4800",
        "price_unit": "KG"
      },
      {
        "state": "QLD",
        "price": "600",
        "price_per_unit": "4800",
        "price_unit": "KG"
      },
      {
        "state": "WA",
        "price": "600",
        "price_per_unit": "4800",
        "price_unit": "KG"
      },
      {
        "state": "SA",
        "price": "600",
        "price_per_unit": "4800",
        "price_unit": "KG"
      },
      {
        "state": "TAS",
        "price": "600",
        "price_per_unit": "4800",
        "price_unit": "KG"
      },
      {
        "state": "ACT",
        "price": "600",
        "price_per_unit": "4800",
        "price_unit": "KG"
      },
      {
        "state": "NT",
        "price": "600",
        "price_per_unit": "4800",
        "price_unit": "KG"
      }
    ]
  },
  {
    "source_url": "https://www.woolworths.com.au/shop/productdetails/96489/unicorn-classic-chilli-brie",
    "name": "Unicorn Classic Chilli Brie 125g",
    "image_url": "https://cdn1.woolworths.media/content/wowproductimages/large/096489.jpg",
    "source_id": "Woolworths - 96489",
    "barcode": "9312182112558",
    "category_id": "1_6E4F4E4",
    "shop": "Woolworths",
    "weight": "1KG",
    "prices": [
      {
        "state": "NSW",
        "price": "600",
        "price_per_unit": "4800",
        "price_unit": "KG"
      },
      {
        "state": "VIC",
        "price": "600",
        "price_per_unit": "4800",
        "price_unit": "KG"
      },
      {
        "state": "QLD",
        "price": "600",
        "price_per_unit": "4800",
        "price_unit": "KG"
      },
      {
        "state": "TAS",
        "price": "600",
        "price_per_unit": "4800",
        "price_unit": "KG"
      },
      {
        "state": "ACT",
        "price": "600",
        "price_per_unit": "4800",
        "price_unit": "KG"
      },
      {
        "state": "NT",
        "price": "600",
        "price_per_unit": "4800",
        "price_unit": "KG"
      }
    ]
  },
  {
    "source_url": "https://www.woolworths.com.au/shop/productdetails/370487/unicorn-classic-double-brie-cheese",
    "name": "Unicorn Classic Double Brie Cheese 125g",
    "image_url": "https://cdn1.woolworths.media/content/wowproductimages/large/370487.jpg",
    "source_id": "Woolworths - 370487",
    "barcode": "9312182112541",
    "category_id": "1_6E4F4E4",
    "shop": "Woolworths",
    "weight": "1KG",
    "prices": [
      {
        "state": "NSW",
        "price": "600",
        "price_per_unit": "4800",
        "price_unit": "KG"
      },
      {
        "state": "VIC",
        "price": "600",
        "price_per_unit": "4800",
        "price_unit": "KG"
      },
      {
        "state": "QLD",
        "price": "600",
        "price_per_unit": "4800",
        "price_unit": "KG"
      },
      {
        "state": "WA",
        "price": "600",
        "price_per_unit": "4800",
        "price_unit": "KG"
      },
      {
        "state": "SA",
        "price": "600",
        "price_per_unit": "4800",
        "price_unit": "KG"
      },
      {
        "state": "TAS",
        "price": "600",
        "price_per_unit": "4800",
        "price_unit": "KG"
      },
      {
        "state": "ACT",
        "price": "600",
        "price_per_unit": "4800",
        "price_unit": "KG"
      },
      {
        "state": "NT",
        "price": "600",
        "price_per_unit": "4800",
        "price_unit": "KG"
      }
    ]
  },
  {
    "source_url": "https://www.woolworths.com.au/shop/productdetails/220158/woolworths-gold-australian-cherry-glazed-baked-brie",
    "name": "Woolworths Gold Australian Cherry Glazed Baked Brie 275g",
    "image_url": "https://cdn1.woolworths.media/content/wowproductimages/large/220158.jpg",
    "source_id": "Woolworths - 220158",
    "barcode": "9339687304332",
    "category_id": "1_6E4F4E4",
    "shop": "Woolworths",
    "weight": "1KG",
    "prices": [
      {
        "state": "NSW",
        "price": "800",
        "price_per_unit": "2909",
        "price_unit": "KG"
      },
      {
        "state": "TAS",
        "price": "800",
        "price_per_unit": "2909",
        "price_unit": "KG"
      }
    ]
  },
  {
    "source_url": "https://www.woolworths.com.au/shop/productdetails/638913/yarra-valley-cheese-salted-honey-cow",
    "name": "Yarra Valley Cheese Salted Honey Cow 120g",
    "image_url": "https://cdn1.woolworths.media/content/wowproductimages/large/638913.jpg",
    "source_id": "Woolworths - 638913",
    "barcode": "9326105000082",
    "category_id": "1_6E4F4E4",
    "shop": "Woolworths",
    "weight": "1KG",
    "prices": [
      {
        "state": "NSW",
        "price": "620",
        "price_per_unit": "5167",
        "price_unit": "KG"
      },
      {
        "state": "VIC",
        "price": "620",
        "price_per_unit": "5167",
        "price_unit": "KG"
      },
      {
        "state": "QLD",
        "price": "620",
        "price_per_unit": "5167",
        "price_unit": "KG"
      },
      {
        "state": "SA",
        "price": "620",
        "price_per_unit": "5167",
        "price_unit": "KG"
      },
      {
        "state": "TAS",
        "price": "620",
        "price_per_unit": "5167",
        "price_unit": "KG"
      },
      {
        "state": "ACT",
        "price": "620",
        "price_per_unit": "5167",
        "price_unit": "KG"
      },
      {
        "state": "NT",
        "price": "620",
        "price_per_unit": "5167",
        "price_unit": "KG"
      }
    ]
  },
  {
    "source_url": "https://www.woolworths.com.au/shop/productdetails/97938/zanetti-parmigiano-reggiano-pdo-30m",
    "name": "Zanetti Parmigiano Reggiano Pdo 30m 200g",
    "image_url": "https://cdn1.woolworths.media/content/wowproductimages/large/097938.jpg",
    "source_id": "Woolworths - 97938",
    "barcode": "8002710350071",
    "category_id": "1_6E4F4E4",
    "shop": "Woolworths",
    "weight": "1KG",
    "prices": [
      {
        "state": "NSW",
        "price": "1500",
        "price_per_unit": "7500",
        "price_unit": "KG"
      },
      {
        "state": "VIC",
        "price": "1500",
        "price_per_unit": "7500",
        "price_unit": "KG"
      },
      {
        "state": "SA",
        "price": "1500",
        "price_per_unit": "7500",
        "price_unit": "KG"
      },
      {
        "state": "TAS",
        "price": "1500",
        "price_per_unit": "7500",
        "price_unit": "KG"
      },
      {
        "state": "ACT",
        "price": "1500",
        "price_per_unit": "7500",
        "price_unit": "KG"
      },
      {
        "state": "NT",
        "price": "1500",
        "price_per_unit": "7500",
        "price_unit": "KG"
      }
    ]
  },
  {
    "source_url": "https://www.woolworths.com.au/shop/productdetails/379635/cheese-provolone-dolce-from-the-deli",
    "name": "Cheese Provolone Dolce From The Deli Per Kg",
    "image_url": "https://cdn1.woolworths.media/content/wowproductimages/large/379635.jpg",
    "source_id": "Woolworths - 379635",
    "barcode": "0271898000001",
    "category_id": "1_6E4F4E4",
    "shop": "Woolworths",
    "weight": "1KG",
    "prices": [
      {
        "state": "VIC",
        "price": "4500",
        "price_per_unit": "4500",
        "price_unit": "KG"
      },
      {
        "state": "ACT",
        "price": "4500",
        "price_per_unit": "4500",
        "price_unit": "KG"
      }
    ]
  },
  {
    "source_url": "https://www.woolworths.com.au/shop/productdetails/877456/fromager-d-affinois-cheese-campagnier",
    "name": "Fromager D'Affinois Cheese Campagnier Per Kg",
    "image_url": "https://cdn1.woolworths.media/content/wowproductimages/large/877456.jpg",
    "source_id": "Woolworths - 877456",
    "barcode": "0271068000008",
    "category_id": "1_6E4F4E4",
    "shop": "Woolworths",
    "weight": "1KG",
    "prices": [
      {
        "state": "VIC",
        "price": "9500",
        "price_per_unit": "9500",
        "price_unit": "KG"
      },
      {
        "state": "WA",
        "price": "9500",
        "price_per_unit": "9500",
        "price_unit": "KG"
      },
      {
        "state": "SA",
        "price": "9500",
        "price_per_unit": "9500",
        "price_unit": "KG"
      },
      {
        "state": "TAS",
        "price": "9500",
        "price_per_unit": "9500",
        "price_unit": "KG"
      }
    ]
  },
  {
    "source_url": "https://www.woolworths.com.au/shop/productdetails/752506/king-island-dairy-furneaux-double-cream-cream",
    "name": "King Island Dairy Furneaux Double Cream Per Kg",
    "image_url": "https://cdn1.woolworths.media/content/wowproductimages/large/752506.jpg",
    "source_id": "Woolworths - 752506",
    "barcode": "0270675000005",
    "category_id": "1_6E4F4E4",
    "shop": "Woolworths",
    "weight": "1KG",
    "prices": [
      {
        "state": "VIC",
        "price": "7700",
        "price_per_unit": "7700",
        "price_unit": "KG"
      },
      {
        "state": "SA",
        "price": "7700",
        "price_per_unit": "7700",
        "price_unit": "KG"
      },
      {
        "state": "TAS",
        "price": "7700",
        "price_per_unit": "7700",
        "price_unit": "KG"
      }
    ]
  },
  {
    "source_url": "https://www.woolworths.com.au/shop/productdetails/370000/king-island-dairy-netherby-cove-camembert-cheese",
    "name": "King Island Dairy Netherby Cove Camembert Per Kg",
    "image_url": "https://cdn1.woolworths.media/content/wowproductimages/large/370000.jpg",
    "source_id": "Woolworths - 370000",
    "barcode": "0271587000008",
    "category_id": "1_6E4F4E4",
    "shop": "Woolworths",
    "weight": "1KG",
    "prices": [
      {
        "state": "VIC",
        "price": "7000",
        "price_per_unit": "7000",
        "price_unit": "KG"
      },
      {
        "state": "SA",
        "price": "7000",
        "price_per_unit": "7000",
        "price_unit": "KG"
      },
      {
        "state": "TAS",
        "price": "7000",
        "price_per_unit": "7000",
        "price_unit": "KG"
      }
    ]
  },
  {
    "source_url": "https://www.woolworths.com.au/shop/productdetails/369595/king-island-dairy-seal-bay-triple-cream-brie",
    "name": "King Island Dairy Seal Bay Triple Cream Brie Per Kg",
    "image_url": "https://cdn1.woolworths.media/content/wowproductimages/large/369595.jpg",
    "source_id": "Woolworths - 369595",
    "barcode": "0271371000009",
    "category_id": "1_6E4F4E4",
    "shop": "Woolworths",
    "weight": "1KG",
    "prices": [
      {
        "state": "VIC",
        "price": "7600",
        "price_per_unit": "7600",
        "price_unit": "KG"
      },
      {
        "state": "SA",
        "price": "7600",
        "price_per_unit": "7600",
        "price_unit": "KG"
      },
      {
        "state": "TAS",
        "price": "7600",
        "price_per_unit": "7600",
        "price_unit": "KG"
      }
    ]
  },
  {
    "source_url": "https://www.woolworths.com.au/shop/productdetails/384962/le-dauphin-double-creme-from-the-deli",
    "name": "Le Dauphin Double Creme From The Deli Per Kg",
    "image_url": "https://cdn1.woolworths.media/content/wowproductimages/large/384962.jpg",
    "source_id": "Woolworths - 384962",
    "barcode": "0278605000002",
    "category_id": "1_6E4F4E4",
    "shop": "Woolworths",
    "weight": "1KG",
    "prices": [
      {
        "state": "VIC",
        "price": "9800",
        "price_per_unit": "9800",
        "price_unit": "KG"
      },
      {
        "state": "WA",
        "price": "9800",
        "price_per_unit": "9800",
        "price_unit": "KG"
      },
      {
        "state": "SA",
        "price": "9800",
        "price_per_unit": "9800",
        "price_unit": "KG"
      },
      {
        "state": "ACT",
        "price": "9800",
        "price_per_unit": "9800",
        "price_unit": "KG"
      }
    ]
  },
  {
    "source_url": "https://www.woolworths.com.au/shop/productdetails/713500/mon-pere-brie-from-the-deli",
    "name": "Mon Pere Brie From The Deli Per Kg",
    "image_url": "https://cdn1.woolworths.media/content/wowproductimages/large/713500.jpg",
    "source_id": "Woolworths - 713500",
    "barcode": "0272690000008",
    "category_id": "1_6E4F4E4",
    "shop": "Woolworths",
    "weight": "1KG",
    "prices": [
      {
        "state": "VIC",
        "price": "5000",
        "price_per_unit": "5000",
        "price_unit": "KG"
      },
      {
        "state": "WA",
        "price": "5000",
        "price_per_unit": "5000",
        "price_unit": "KG"
      },
      {
        "state": "SA",
        "price": "5000",
        "price_per_unit": "5000",
        "price_unit": "KG"
      },
      {
        "state": "TAS",
        "price": "5000",
        "price_per_unit": "5000",
        "price_unit": "KG"
      },
      {
        "state": "ACT",
        "price": "5000",
        "price_per_unit": "5000",
        "price_unit": "KG"
      }
    ]
  },
  {
    "source_url": "https://www.woolworths.com.au/shop/productdetails/464673/tasmanian-heritage-camembert-cheese",
    "name": "Tasmanian Heritage Camembert Cheese 200g",
    "image_url": "https://cdn1.woolworths.media/content/wowproductimages/large/464673.jpg",
    "source_id": "Woolworths - 464673",
    "barcode": "9314441716279",
    "category_id": "1_6E4F4E4",
    "shop": "Woolworths",
    "weight": "1KG",
    "prices": [
      {
        "state": "VIC",
        "price": "1195",
        "price_per_unit": "5975",
        "price_unit": "KG"
      },
      {
        "state": "ACT",
        "price": "1195",
        "price_per_unit": "5975",
        "price_unit": "KG"
      }
    ]
  },
  {
    "source_url": "https://www.woolworths.com.au/shop/productdetails/465186/tasmanian-heritage-double-brie-cheese",
    "name": "Tasmanian Heritage Double Brie Cheese 200g",
    "image_url": "https://cdn1.woolworths.media/content/wowproductimages/large/465186.jpg",
    "source_id": "Woolworths - 465186",
    "barcode": "9314441716262",
    "category_id": "1_6E4F4E4",
    "shop": "Woolworths",
    "weight": "1KG",
    "prices": [
      {
        "state": "VIC",
        "price": "1195",
        "price_per_unit": "5975",
        "price_unit": "KG"
      },
      {
        "state": "SA",
        "price": "1195",
        "price_per_unit": "5975",
        "price_unit": "KG"
      },
      {
        "state": "TAS",
        "price": "1195",
        "price_per_unit": "5975",
        "price_unit": "KG"
      },
      {
        "state": "NT",
        "price": "1195",
        "price_per_unit": "5975",
        "price_unit": "KG"
      }
    ]
  },
  {
    "source_url": "https://www.woolworths.com.au/shop/productdetails/139115/thomas-dux-french-aged-comte-from-the-deli",
    "name": "Thomas Dux French Aged Comte From The Deli Per Kg",
    "image_url": "https://cdn1.woolworths.media/content/wowproductimages/large/139115.jpg",
    "source_id": "Woolworths - 139115",
    "barcode": "0270914000001",
    "category_id": "1_6E4F4E4",
    "shop": "Woolworths",
    "weight": "1KG",
    "prices": [
      {
        "state": "VIC",
        "price": "6650",
        "price_per_unit": "6650",
        "price_unit": "KG"
      }
    ]
  },
  {
    "source_url": "https://www.woolworths.com.au/shop/productdetails/147693/thomas-dux-french-truffle-brie-from-the-deli",
    "name": "Thomas Dux French Truffle Brie From The Deli Per Kg",
    "image_url": "https://cdn1.woolworths.media/content/wowproductimages/large/147693.jpg",
    "source_id": "Woolworths - 147693",
    "barcode": "0270724000000",
    "category_id": "1_6E4F4E4",
    "shop": "Woolworths",
    "weight": "1KG",
    "prices": [
      {
        "state": "VIC",
        "price": "6500",
        "price_per_unit": "6500",
        "price_unit": "KG"
      }
    ]
  },
  {
    "source_url": "https://www.woolworths.com.au/shop/productdetails/147692/thomas-dux-french-washed-rind-sheep-s-milk-brie-from-the-deli",
    "name": "Thomas Dux French Washed Rind Sheep's Milk Brie From The Deli Per Kg",
    "image_url": "https://cdn1.woolworths.media/content/wowproductimages/large/147692.jpg",
    "source_id": "Woolworths - 147692",
    "barcode": "0270776000003",
    "category_id": "1_6E4F4E4",
    "shop": "Woolworths",
    "weight": "1KG",
    "prices": [
      {
        "state": "VIC",
        "price": "9000",
        "price_per_unit": "9000",
        "price_unit": "KG"
      }
    ]
  },
  {
    "source_url": "https://www.woolworths.com.au/shop/productdetails/143185/thomas-dux-le-gruyere-aop-matured-12-months",
    "name": "Thomas Dux Le Gruyere Aop Matured 12 Months Per Kg",
    "image_url": "https://cdn1.woolworths.media/content/wowproductimages/large/143185.jpg",
    "source_id": "Woolworths - 143185",
    "barcode": "0274082000009",
    "category_id": "1_6E4F4E4",
    "shop": "Woolworths",
    "weight": "1KG",
    "prices": [
      {
        "state": "VIC",
        "price": "5500",
        "price_per_unit": "5500",
        "price_unit": "KG"
      },
      {
        "state": "WA",
        "price": "5500",
        "price_per_unit": "5500",
        "price_unit": "KG"
      },
      {
        "state": "SA",
        "price": "5500",
        "price_per_unit": "5500",
        "price_unit": "KG"
      },
      {
        "state": "TAS",
        "price": "5500",
        "price_per_unit": "5500",
        "price_unit": "KG"
      },
      {
        "state": "ACT",
        "price": "5500",
        "price_per_unit": "5500",
        "price_unit": "KG"
      }
    ]
  },
  {
    "source_url": "https://www.woolworths.com.au/shop/productdetails/140164/thomas-dux-le-gruyere-cheese",
    "name": "Thomas Dux Le Gruyere Cheese 150g",
    "image_url": "https://cdn1.woolworths.media/content/wowproductimages/large/140164.jpg",
    "source_id": "Woolworths - 140164",
    "barcode": "93564571",
    "category_id": "1_6E4F4E4",
    "shop": "Woolworths",
    "weight": "1KG",
    "prices": [
      {
        "state": "VIC",
        "price": "990",
        "price_per_unit": "6600",
        "price_unit": "KG"
      },
      {
        "state": "QLD",
        "price": "990",
        "price_per_unit": "6600",
        "price_unit": "KG"
      },
      {
        "state": "WA",
        "price": "990",
        "price_per_unit": "6600",
        "price_unit": "KG"
      },
      {
        "state": "SA",
        "price": "990",
        "price_per_unit": "6600",
        "price_unit": "KG"
      },
      {
        "state": "TAS",
        "price": "990",
        "price_per_unit": "6600",
        "price_unit": "KG"
      },
      {
        "state": "ACT",
        "price": "990",
        "price_per_unit": "6600",
        "price_unit": "KG"
      },
      {
        "state": "NT",
        "price": "990",
        "price_per_unit": "6600",
        "price_unit": "KG"
      }
    ]
  },
  {
    "source_url": "https://www.woolworths.com.au/shop/productdetails/139722/thomas-dux-spanish-manchego-from-the-deli",
    "name": "Thomas Dux Spanish Manchego From The Deli Per Kg",
    "image_url": "https://cdn1.woolworths.media/content/wowproductimages/large/139722.jpg",
    "source_id": "Woolworths - 139722",
    "barcode": "0270874000004",
    "category_id": "1_6E4F4E4",
    "shop": "Woolworths",
    "weight": "1KG",
    "prices": [
      {
        "state": "VIC",
        "price": "7000",
        "price_per_unit": "7000",
        "price_unit": "KG"
      },
      {
        "state": "WA",
        "price": "7000",
        "price_per_unit": "7000",
        "price_unit": "KG"
      },
      {
        "state": "SA",
        "price": "7000",
        "price_per_unit": "7000",
        "price_unit": "KG"
      },
      {
        "state": "TAS",
        "price": "7000",
        "price_per_unit": "7000",
        "price_unit": "KG"
      },
      {
        "state": "ACT",
        "price": "7000",
        "price_per_unit": "7000",
        "price_unit": "KG"
      }
    ]
  },
  {
    "source_url": "https://www.woolworths.com.au/shop/productdetails/139501/thomas-dux-spanish-truffle-sheep-s-cheese-from-the-deli",
    "name": "Thomas Dux Spanish Truffle Sheep's Cheese From The Deli Per Kg",
    "image_url": "https://cdn1.woolworths.media/content/wowproductimages/large/139501.jpg",
    "source_id": "Woolworths - 139501",
    "barcode": "0270582000006",
    "category_id": "1_6E4F4E4",
    "shop": "Woolworths",
    "weight": "1KG",
    "prices": [
      {
        "state": "VIC",
        "price": "7800",
        "price_per_unit": "7800",
        "price_unit": "KG"
      },
      {
        "state": "WA",
        "price": "7800",
        "price_per_unit": "7800",
        "price_unit": "KG"
      },
      {
        "state": "SA",
        "price": "7800",
        "price_per_unit": "7800",
        "price_unit": "KG"
      },
      {
        "state": "TAS",
        "price": "7800",
        "price_per_unit": "7800",
        "price_unit": "KG"
      },
      {
        "state": "ACT",
        "price": "7800",
        "price_per_unit": "7800",
        "price_unit": "KG"
      }
    ]
  },
  {
    "source_url": "https://www.woolworths.com.au/shop/productdetails/151777/thomas-dux-truffle-brie",
    "name": "Thomas Dux Truffle Brie 125g",
    "image_url": "https://cdn1.woolworths.media/content/wowproductimages/large/151777.jpg",
    "source_id": "Woolworths - 151777",
    "barcode": "93565226",
    "category_id": "1_6E4F4E4",
    "shop": "Woolworths",
    "weight": "1KG",
    "prices": [
      {
        "state": "VIC",
        "price": "390",
        "price_per_unit": "3120",
        "price_unit": "KG"
      },
      {
        "state": "SA",
        "price": "390",
        "price_per_unit": "3120",
        "price_unit": "KG"
      },
      {
        "state": "TAS",
        "price": "390",
        "price_per_unit": "3120",
        "price_unit": "KG"
      },
      {
        "state": "ACT",
        "price": "390",
        "price_per_unit": "3120",
        "price_unit": "KG"
      },
      {
        "state": "NT",
        "price": "390",
        "price_per_unit": "3120",
        "price_unit": "KG"
      }
    ]
  },
  {
    "source_url": "https://www.woolworths.com.au/shop/productdetails/732051/unicorn-classic-triple-cream-cheese",
    "name": "Unicorn Classic Triple Cream Cheese 125g",
    "image_url": "https://cdn1.woolworths.media/content/wowproductimages/large/732051.jpg",
    "source_id": "Woolworths - 732051",
    "barcode": "9312182112596",
    "category_id": "1_6E4F4E4",
    "shop": "Woolworths",
    "weight": "1KG",
    "prices": [
      {
        "state": "VIC",
        "price": "600",
        "price_per_unit": "4800",
        "price_unit": "KG"
      },
      {
        "state": "QLD",
        "price": "600",
        "price_per_unit": "4800",
        "price_unit": "KG"
      },
      {
        "state": "WA",
        "price": "600",
        "price_per_unit": "4800",
        "price_unit": "KG"
      },
      {
        "state": "SA",
        "price": "600",
        "price_per_unit": "4800",
        "price_unit": "KG"
      },
      {
        "state": "TAS",
        "price": "600",
        "price_per_unit": "4800",
        "price_unit": "KG"
      },
      {
        "state": "ACT",
        "price": "600",
        "price_per_unit": "4800",
        "price_unit": "KG"
      }
    ]
  },
  {
    "source_url": "https://www.woolworths.com.au/shop/productdetails/36566/cremeux-d-argental",
    "name": "Cremeux D'Argental 2kg",
    "image_url": "https://cdn1.woolworths.media/content/wowproductimages/large/036566.jpg",
    "source_id": "Woolworths - 36566",
    "barcode": "0277304000009",
    "category_id": "1_6E4F4E4",
    "shop": "Woolworths",
    "weight": "1KG",
    "prices": [
      {
        "state": "WA",
        "price": "7500",
        "price_per_unit": "7500",
        "price_unit": "KG"
      },
      {
        "state": "SA",
        "price": "7500",
        "price_per_unit": "7500",
        "price_unit": "KG"
      },
      {
        "state": "TAS",
        "price": "7500",
        "price_per_unit": "7500",
        "price_unit": "KG"
      },
      {
        "state": "ACT",
        "price": "7500",
        "price_per_unit": "7500",
        "price_unit": "KG"
      }
    ]
  },
  {
    "source_url": "https://www.woolworths.com.au/shop/productdetails/369841/guilleteau-le-fromager-double-cream-specialty",
    "name": "Guilleteau Le Fromager Double Cream Specialty Per Kg",
    "image_url": "https://cdn1.woolworths.media/content/wowproductimages/large/369841.jpg",
    "source_id": "Woolworths - 369841",
    "barcode": "0271564000007",
    "category_id": "1_6E4F4E4",
    "shop": "Woolworths",
    "weight": "1KG",
    "prices": [
      {
        "state": "WA",
        "price": "8500",
        "price_per_unit": "8500",
        "price_unit": "KG"
      },
      {
        "state": "SA",
        "price": "8500",
        "price_per_unit": "8500",
        "price_unit": "KG"
      },
      {
        "state": "TAS",
        "price": "8500",
        "price_per_unit": "8500",
        "price_unit": "KG"
      }
    ]
  },
  {
    "source_url": "https://www.woolworths.com.au/shop/productdetails/334936/tasmanian-heritage-triple-cream-oval-brie-cheese",
    "name": "Tasmanian Heritage Triple Cream Oval Brie Cheese 125G",
    "image_url": "https://cdn1.woolworths.media/content/wowproductimages/large/334936.jpg",
    "source_id": "Woolworths - 334936",
    "barcode": "9314441707901",
    "category_id": "1_6E4F4E4",
    "shop": "Woolworths",
    "weight": "1KG",
    "prices": [
      {
        "state": "WA",
        "price": "500",
        "price_per_unit": "4000",
        "price_unit": "KG"
      },
      {
        "state": "ACT",
        "price": "500",
        "price_per_unit": "4000",
        "price_unit": "KG"
      },
      {
        "state": "NT",
        "price": "500",
        "price_per_unit": "4000",
        "price_unit": "KG"
      }
    ]
  },
  {
    "source_url": "https://www.woolworths.com.au/shop/productdetails/139085/thomas-dux-yorkshire-wensleydale-with-cranberry-from-the-deli",
    "name": "Thomas Dux Yorkshire Wensleydale With Cranberry From The Deli Per Kg",
    "image_url": "https://cdn1.woolworths.media/content/wowproductimages/large/139085.jpg",
    "source_id": "Woolworths - 139085",
    "barcode": "0270925000007",
    "category_id": "1_6E4F4E4",
    "shop": "Woolworths",
    "weight": "1KG",
    "prices": [
      {
        "state": "WA",
        "price": "5000",
        "price_per_unit": "5000",
        "price_unit": "KG"
      },
      {
        "state": "SA",
        "price": "5000",
        "price_per_unit": "5000",
        "price_unit": "KG"
      },
      {
        "state": "TAS",
        "price": "5000",
        "price_per_unit": "5000",
        "price_unit": "KG"
      },
      {
        "state": "ACT",
        "price": "5000",
        "price_per_unit": "5000",
        "price_unit": "KG"
      }
    ]
  },
  {
    "source_url": "https://www.woolworths.com.au/shop/productdetails/369753/woolworths-fresh-dutch-log-smoked-cheese",
    "name": "Woolworths Fresh Dutch Log Smoked Cheese Per Kg",
    "image_url": "https://cdn1.woolworths.media/content/wowproductimages/large/369753.jpg",
    "source_id": "Woolworths - 369753",
    "barcode": "0271488000008",
    "category_id": "1_6E4F4E4",
    "shop": "Woolworths",
    "weight": "1KG",
    "prices": [
      {
        "state": "WA",
        "price": "5400",
        "price_per_unit": "5400",
        "price_unit": "KG"
      },
      {
        "state": "TAS",
        "price": "5400",
        "price_per_unit": "5400",
        "price_unit": "KG"
      },
      {
        "state": "ACT",
        "price": "5400",
        "price_per_unit": "5400",
        "price_unit": "KG"
      }
    ]
  },
  {
    "source_url": "https://www.woolworths.com.au/shop/productdetails/180725/udder-delights-camembert",
    "name": "Udder Delights Camembert 200g",
    "image_url": "https://cdn1.woolworths.media/content/wowproductimages/large/180725.jpg",
    "source_id": "Woolworths - 180725",
    "barcode": "9339929000107",
    "category_id": "1_6E4F4E4",
    "shop": "Woolworths",
    "weight": "1KG",
    "prices": [
      {
        "state": "SA",
        "price": "1060",
        "price_per_unit": "5300",
        "price_unit": "KG"
      }
    ]
  },
  {
    "source_url": "https://www.woolworths.com.au/shop/productdetails/724318/udder-delights-double-cream-brie-cheese",
    "name": "Udder Delights Double Cream Brie Cheese 200g",
    "image_url": "https://cdn1.woolworths.media/content/wowproductimages/large/724318.jpg",
    "source_id": "Woolworths - 724318",
    "barcode": "9339929000169",
    "category_id": "1_6E4F4E4",
    "shop": "Woolworths",
    "weight": "1KG",
    "prices": []
  },
  {
    "source_url": "https://www.woolworths.com.au/shop/productdetails/790594/woolworths-monterey-jack-jalapeno-cheese-jalapeno",
    "name": "Woolworths Monterey Jack Jalapeno Cheese Jalapeno Per Kg",
    "image_url": "https://cdn1.woolworths.media/content/wowproductimages/large/790594.jpg",
    "source_id": "Woolworths - 790594",
    "barcode": "0274402000009",
    "category_id": "1_6E4F4E4",
    "shop": "Woolworths",
    "weight": "1KG",
    "prices": [
      {
        "state": "SA",
        "price": "3900",
        "price_per_unit": "3900",
        "price_unit": "KG"
      }
    ]
  },
  {
    "source_url": "https://www.woolworths.com.au/shop/productdetails/67278/king-island-dairy-victoria-cove-smoked-camembert-cheese",
    "name": "King Island Dairy Victoria Cove Smoked Camembert Cheese 200g",
    "image_url": "https://cdn1.woolworths.media/content/wowproductimages/large/067278.jpg",
    "source_id": "Woolworths - 67278",
    "barcode": "9314441713100",
    "category_id": "1_6E4F4E4",
    "shop": "Woolworths",
    "weight": "1KG",
    "prices": [
      {
        "state": "TAS",
        "price": "1490",
        "price_per_unit": "7450",
        "price_unit": "KG"
      },
      {
        "state": "NT",
        "price": "1490",
        "price_per_unit": "7450",
        "price_unit": "KG"
      }
    ]
  },
  {
    "source_url": "https://www.woolworths.com.au/shop/productdetails/238005/melbourne-cheese-company-truffle-infused-goats-cheese",
    "name": "Melbourne Cheese Company Truffle Infused Goats Cheese 250g",
    "image_url": "https://cdn1.woolworths.media/content/wowproductimages/large/238005.jpg",
    "source_id": "Woolworths - 238005",
    "barcode": "9322515038158",
    "category_id": "1_6E4F4E4",
    "shop": "Woolworths",
    "weight": "1KG",
    "prices": [
      {
        "state": "ACT",
        "price": "1300",
        "price_per_unit": "4643",
        "price_unit": "KG"
      }
    ]
  },
  {
    "source_url": "https://www.woolworths.com.au/shop/productdetails/815592/paris-creek-farms-triple-cream-brie",
    "name": "Paris Creek Farms Triple Cream Brie 280g",
    "image_url": "https://cdn1.woolworths.media/content/wowproductimages/large/815592.jpg",
    "source_id": "Woolworths - 815592",
    "barcode": "9316086001437",
    "category_id": "1_6E4F4E4",
    "shop": "Woolworths",
    "weight": "1KG",
    "prices": [
      {
        "state": "NT",
        "price": "1450",
        "price_per_unit": "5179",
        "price_unit": "KG"
      }
    ]
  },
  {
    "source_url": "https://www.woolworths.com.au/shop/productdetails/815661/paris-creek-farms-triple-cream-camembert",
    "name": "Paris Creek Farms Triple Cream Camembert 280g",
    "image_url": "https://cdn1.woolworths.media/content/wowproductimages/large/815661.jpg",
    "source_id": "Woolworths - 815661",
    "barcode": "9316086001703",
    "category_id": "1_6E4F4E4",
    "shop": "Woolworths",
    "weight": "1KG",
    "prices": [
      {
        "state": "NT",
        "price": "1450",
        "price_per_unit": "5179",
        "price_unit": "KG"
      }
    ]
  }
]