[
  {
    "source_url": "https://www.woolworths.com.au/shop/productdetails/829116/woolworths-loin-steaks-pork",
    "name": "Woolworths Loin Steaks Pork 500g",
    "image_url": "https://cdn1.woolworths.media/content/wowproductimages/large/829116.jpg",
    "source_id": "Woolworths - 829116",
    "barcode": "9339687083534",
    "category_id": "1_D5A2236",
    "shop": "Woolworths",
    "weight": "1KG",
    "prices": [
      {
        "state": "NSW",
        "price": "1000",
        "price_per_unit": "2000",
        "price_unit": "KG"
      },
      {
        "state": "VIC",
        "price": "1000",
        "price_per_unit": "2000",
        "price_unit": "KG"
      },
      {
        "state": "QLD",
        "price": "1000",
        "price_per_unit": "2000",
        "price_unit": "KG"
      },
      {
        "state": "WA",
        "price": "1000",
        "price_per_unit": "2000",
        "price_unit": "KG"
      },
      {
        "state": "TAS",
        "price": "1000",
        "price_per_unit": "2000",
        "price_unit": "KG"
      },
      {
        "state": "ACT",
        "price": "1000",
        "price_per_unit": "2000",
        "price_unit": "KG"
      }
    ]
  },
  {
    "source_url": "https://www.woolworths.com.au/shop/productdetails/347573/woolworths-pork-scotch-fillet-steak",
    "name": "Woolworths Pork Scotch Fillet Steak 300g",
    "image_url": "https://cdn1.woolworths.media/content/wowproductimages/large/347573.jpg",
    "source_id": "Woolworths - 347573",
    "barcode": "9339687349562",
    "category_id": "1_D5A2236",
    "shop": "Woolworths",
    "weight": "1KG",
    "prices": [
      {
        "state": "NSW",
        "price": "650",
        "price_per_unit": "2167",
        "price_unit": "KG"
      },
      {
        "state": "VIC",
        "price": "650",
        "price_per_unit": "2167",
        "price_unit": "KG"
      }
    ]
  },
  {
    "source_url": "https://www.woolworths.com.au/shop/productdetails/680992/woolworths-pork-sizzle-steak",
    "name": "Woolworths Pork Sizzle Steak 400g",
    "image_url": "https://cdn1.woolworths.media/content/wowproductimages/large/680992.jpg",
    "source_id": "Woolworths - 680992",
    "barcode": "9339687039654",
    "category_id": "1_D5A2236",
    "shop": "Woolworths",
    "weight": "1KG",
    "prices": [
      {
        "state": "NSW",
        "price": "800",
        "price_per_unit": "2000",
        "price_unit": "KG"
      },
      {
        "state": "VIC",
        "price": "800",
        "price_per_unit": "2000",
        "price_unit": "KG"
      },
      {
        "state": "QLD",
        "price": "800",
        "price_per_unit": "2000",
        "price_unit": "KG"
      },
      {
        "state": "WA",
        "price": "800",
        "price_per_unit": "2000",
        "price_unit": "KG"
      },
      {
        "state": "SA",
        "price": "800",
        "price_per_unit": "2000",
        "price_unit": "KG"
      },
      {
        "state": "TAS",
        "price": "800",
        "price_per_unit": "2000",
        "price_unit": "KG"
      },
      {
        "state": "ACT",
        "price": "800",
        "price_per_unit": "2000",
        "price_unit": "KG"
      }
    ]
  },
  {
    "source_url": "https://www.woolworths.com.au/shop/productdetails/675492/woolworths-scotch-fillet-pork",
    "name": "Woolworths Scotch Fillet Pork 600g",
    "image_url": "https://cdn1.woolworths.media/content/wowproductimages/large/675492.jpg",
    "source_id": "Woolworths - 675492",
    "barcode": "9339687029815",
    "category_id": "1_D5A2236",
    "shop": "Woolworths",
    "weight": "1KG",
    "prices": [
      {
        "state": "NSW",
        "price": "1000",
        "price_per_unit": "1667",
        "price_unit": "KG"
      },
      {
        "state": "VIC",
        "price": "1000",
        "price_per_unit": "1667",
        "price_unit": "KG"
      },
      {
        "state": "QLD",
        "price": "1000",
        "price_per_unit": "1667",
        "price_unit": "KG"
      },
      {
        "state": "WA",
        "price": "1000",
        "price_per_unit": "1667",
        "price_unit": "KG"
      },
      {
        "state": "SA",
        "price": "1000",
        "price_per_unit": "1667",
        "price_unit": "KG"
      },
      {
        "state": "TAS",
        "price": "1000",
        "price_per_unit": "1667",
        "price_unit": "KG"
      },
      {
        "state": "NT",
        "price": "1000",
        "price_per_unit": "1667",
        "price_unit": "KG"
      }
    ]
  },
  {
    "source_url": "https://www.woolworths.com.au/shop/productdetails/675671/woolworths-pork-fillet-heart-smart",
    "name": "Woolworths Pork Fillet Heart Smart 250g - 600g",
    "image_url": "https://cdn1.woolworths.media/content/wowproductimages/large/675671.jpg",
    "source_id": "Woolworths - 675671",
    "barcode": "9339687141647",
    "category_id": "1_D5A2236",
    "shop": "Woolworths",
    "weight": "1KG",
    "prices": [
      {
        "state": "VIC",
        "price": "1260",
        "price_per_unit": "2100",
        "price_unit": "KG"
      },
      {
        "state": "QLD",
        "price": "1260",
        "price_per_unit": "2100",
        "price_unit": "KG"
      },
      {
        "state": "WA",
        "price": "1260",
        "price_per_unit": "2100",
        "price_unit": "KG"
      },
      {
        "state": "SA",
        "price": "1260",
        "price_per_unit": "2100",
        "price_unit": "KG"
      },
      {
        "state": "TAS",
        "price": "1260",
        "price_per_unit": "2100",
        "price_unit": "KG"
      },
      {
        "state": "ACT",
        "price": "1260",
        "price_per_unit": "2100",
        "price_unit": "KG"
      }
    ]
  },
  {
    "source_url": "https://www.woolworths.com.au/shop/productdetails/675494/woolworths-pork-medallion",
    "name": "Woolworths Pork Medallion 250g",
    "image_url": "https://cdn1.woolworths.media/content/wowproductimages/large/675494.jpg",
    "source_id": "Woolworths - 675494",
    "barcode": "9339687029839",
    "category_id": "1_D5A2236",
    "shop": "Woolworths",
    "weight": "1KG",
    "prices": [
      {
        "state": "VIC",
        "price": "800",
        "price_per_unit": "3200",
        "price_unit": "KG"
      },
      {
        "state": "QLD",
        "price": "800",
        "price_per_unit": "3200",
        "price_unit": "KG"
      },
      {
        "state": "SA",
        "price": "800",
        "price_per_unit": "3200",
        "price_unit": "KG"
      },
      {
        "state": "TAS",
        "price": "800",
        "price_per_unit": "3200",
        "price_unit": "KG"
      },
      {
        "state": "ACT",
        "price": "800",
        "price_per_unit": "3200",
        "price_unit": "KG"
      }
    ]
  }
]