[
  {
    "source_url": "https://www.coles.com.au/product/abbott's-bakery-country-grains-bread-800g-3237196",
    "name": "Abbott's Bakery Country Grains Bread | 800g",
    "image_url": "https://www.coles.com.au/_next/image?url=https%3A%2F%2Fproductimages.coles.com.au%2Fproductimages%2F3%2F3237196.jpg&w=640&q=90",
    "barcode": "9339423007978",
    "shop": "coles",
    "weight": "800g",
    "prices": {
      "nsw": "63",
      "nsw_price_per_unit": "500",
      "nsw_unit": "g",
      "vic": "63",
      "qld": "63",
      "wa": "63",
      "sa": "63"
    }
  },
  {
    "source_url": "https://www.woolworths.com.au/shop/productdetails/690125/abbott-s-bakery-country-grains-sandwich-slice-bread-loaf",
    "name": "Abbott's Bakery Country Grains Sandwich Slice Bread Loaf 800g",
    "image_url": "https://cdn1.woolworths.media/content/wowproductimages/large/690125.jpg",
    "barcode": "9339423007978",
    "shop": "Woolworths",
    "weight": "100G",
    "prices": {
      "nsw": "500",
      "nsw_price_per_unit": "63",
      "nsw_unit": "G",
      "vic": "500",
      "qld": "500",
      "wa": "500",
      "sa": "500",
      "tas": "500"
    }
  },
  {
    "source_url": "https://www.coles.com.au/product/abbott's-bakery-dark-rye-700g-3580155",
    "name": "Abbott's Bakery Dark Rye | 700g",
    "image_url": "https://www.coles.com.au/_next/image?url=https%3A%2F%2Fproductimages.coles.com.au%2Fproductimages%2F3%2F3580155.jpg&w=640&q=90",
    "barcode": "9339423008579",
    "shop": "coles",
    "weight": "700g",
    "prices": {
      "nsw": "71",
      "nsw_price_per_unit": "500",
      "nsw_unit": "g",
      "vic": "71",
      "qld": "71",
      "wa": "71",
      "sa": "71"
    }
  },
  {
    "source_url": "https://www.woolworths.com.au/shop/productdetails/51639/abbott-s-bakery-dark-rye-bread-sandwich-slice-loaf",
    "name": "Abbott's Bakery Dark Rye Bread Sandwich Slice Loaf 700g",
    "image_url": "https://cdn1.woolworths.media/content/wowproductimages/large/051639.jpg",
    "barcode": "9339423008579",
    "shop": "Woolworths",
    "weight": "100G",
    "prices": {
      "nsw": "500",
      "nsw_price_per_unit": "71",
      "nsw_unit": "G",
      "vic": "500",
      "qld": "500",
      "wa": "500",
      "sa": "500",
      "tas": "500"
    }
  },
  {
    "source_url": "https://www.coles.com.au/product/abbott's-bakery-farmhouse-wholemeal-bread-750g-7226034",
    "name": "Abbott's Bakery Farmhouse Wholemeal Bread | 750g",
    "image_url": "https://www.coles.com.au/_next/image?url=https%3A%2F%2Fproductimages.coles.com.au%2Fproductimages%2F7%2F7226034.jpg&w=640&q=90",
    "barcode": "9339423003482",
    "shop": "coles",
    "weight": "750g",
    "prices": {
      "nsw": "67",
      "nsw_price_per_unit": "500",
      "nsw_unit": "g",
      "vic": "67",
      "qld": "67",
      "wa": "67",
      "sa": "67"
    }
  },
  {
    "source_url": "https://www.woolworths.com.au/shop/productdetails/331591/abbott-s-bakery-farmhouse-wholemeal-bread-sandwich-slice-loaf",
    "name": "Abbott's Bakery Farmhouse Wholemeal Bread Sandwich Slice Loaf 750g",
    "image_url": "https://cdn1.woolworths.media/content/wowproductimages/large/331591.jpg",
    "barcode": "9339423003482",
    "shop": "Woolworths",
    "weight": "100G",
    "prices": {
      "nsw": "500",
      "nsw_price_per_unit": "67",
      "nsw_unit": "G",
      "vic": "500",
      "qld": "500",
      "wa": "500",
      "sa": "500",
      "tas": "500"
    }
  },
  {
    "source_url": "https://www.coles.com.au/product/abbott's-bakery-gluten-free-farmhouse-wholemeal-bread-500g-3751790",
    "name": "Abbott's Bakery Gluten Free Farmhouse Wholemeal Bread | 500g",
    "image_url": "https://www.coles.com.au/_next/image?url=https%3A%2F%2Fproductimages.coles.com.au%2Fproductimages%2F3%2F3751790.jpg&w=640&q=90",
    "barcode": "9339423008807",
    "shop": "coles",
    "weight": "500g",
    "prices": {
      "nsw": "158",
      "nsw_price_per_unit": "790",
      "nsw_unit": "g",
      "vic": "158",
      "qld": "158",
      "wa": "158",
      "sa": "158"
    }
  },
  {
    "source_url": "https://www.woolworths.com.au/shop/productdetails/103219/abbott-s-bakery-gluten-free-farmhouse-wholemeal-bread-slice-loaf",
    "name": "Abbott's Bakery Gluten Free Farmhouse Wholemeal Bread Slice Loaf 500g",
    "image_url": "https://cdn1.woolworths.media/content/wowproductimages/large/103219.jpg",
    "barcode": "9339423008807",
    "shop": "Woolworths",
    "weight": "100G",
    "prices": {
      "nsw": "790",
      "nsw_price_per_unit": "158",
      "nsw_unit": "G",
      "vic": "790",
      "qld": "790",
      "wa": "790",
      "sa": "790",
      "tas": "790"
    }
  },
  {
    "source_url": "https://www.coles.com.au/product/abbott's-bakery-gluten-free-rustic-white-bread-500g-3216913",
    "name": "Abbott's Bakery Gluten Free Rustic White Bread | 500g",
    "image_url": "https://www.coles.com.au/_next/image?url=https%3A%2F%2Fproductimages.coles.com.au%2Fproductimages%2F3%2F3216913.jpg&w=640&q=90",
    "barcode": "9339423007039",
    "shop": "coles",
    "weight": "500g",
    "prices": {
      "nsw": "158",
      "nsw_price_per_unit": "790",
      "nsw_unit": "g",
      "vic": "158",
      "qld": "158",
      "wa": "158",
      "sa": "158"
    }
  },
  {
    "source_url": "https://www.woolworths.com.au/shop/productdetails/706337/abbott-s-bakery-gluten-free-rustic-white-bread-slice-loaf",
    "name": "Abbott's Bakery Gluten Free Rustic White Bread Slice Loaf 500g",
    "image_url": "https://cdn1.woolworths.media/content/wowproductimages/large/706337.jpg",
    "barcode": "9339423007039",
    "shop": "Woolworths",
    "weight": "100G",
    "prices": {
      "nsw": "790",
      "nsw_price_per_unit": "158",
      "nsw_unit": "G",
      "vic": "790",
      "qld": "790",
      "wa": "790",
      "sa": "790",
      "tas": "790"
    }
  },
  {
    "source_url": "https://www.coles.com.au/product/abbott's-bakery-harvest-seeds-and-grain-bread-750g-7534885",
    "name": "Abbott's Bakery Harvest Seeds And Grain Bread | 750g",
    "image_url": "https://www.coles.com.au/_next/image?url=https%3A%2F%2Fproductimages.coles.com.au%2Fproductimages%2F7%2F7534885.jpg&w=640&q=90",
    "barcode": "9339423004229",
    "shop": "coles",
    "weight": "750g",
    "prices": {
      "nsw": "67",
      "nsw_price_per_unit": "500",
      "nsw_unit": "g",
      "vic": "67",
      "qld": "67",
      "wa": "67",
      "sa": "67"
    }
  },
  {
    "source_url": "https://www.woolworths.com.au/shop/productdetails/341277/abbott-s-bakery-harvest-seeds-grains-sandwich-slice-bread-loaf",
    "name": "Abbott's Bakery Harvest Seeds & Grains Sandwich Slice Bread Loaf 750g",
    "image_url": "https://cdn1.woolworths.media/content/wowproductimages/large/341277.jpg",
    "barcode": "9339423004229",
    "shop": "Woolworths",
    "weight": "100G",
    "prices": {
      "nsw": "500",
      "nsw_price_per_unit": "67",
      "nsw_unit": "G",
      "vic": "500",
      "qld": "500",
      "wa": "500",
      "sa": "500",
      "tas": "500"
    }
  },
  {
    "source_url": "https://www.coles.com.au/product/abbott's-bakery-light-rye-bread-680g-7226023",
    "name": "Abbott's Bakery Light Rye Bread | 680g",
    "image_url": "https://www.coles.com.au/_next/image?url=https%3A%2F%2Fproductimages.coles.com.au%2Fproductimages%2F7%2F7226023.jpg&w=640&q=90",
    "barcode": "9339423003499",
    "shop": "coles",
    "weight": "680g",
    "prices": {
      "nsw": "74",
      "nsw_price_per_unit": "500",
      "nsw_unit": "g",
      "vic": "74",
      "qld": "74",
      "wa": "74",
      "sa": "74"
    }
  },
  {
    "source_url": "https://www.woolworths.com.au/shop/productdetails/331602/abbott-s-bakery-light-rye-bread-sandwich-slice-loaf",
    "name": "Abbott's Bakery Light Rye Bread Sandwich Slice Loaf 680g",
    "image_url": "https://cdn1.woolworths.media/content/wowproductimages/large/331602.jpg",
    "barcode": "9339423003499",
    "shop": "Woolworths",
    "weight": "100G",
    "prices": {
      "nsw": "500",
      "nsw_price_per_unit": "74",
      "nsw_unit": "G",
      "vic": "500",
      "qld": "500",
      "wa": "500",
      "sa": "500",
      "tas": "500"
    }
  },
  {
    "source_url": "https://www.coles.com.au/product/abbott's-bakery-rustic-white-bread-700g-3237185",
    "name": "Abbott's Bakery Rustic White Bread | 700g",
    "image_url": "https://www.coles.com.au/_next/image?url=https%3A%2F%2Fproductimages.coles.com.au%2Fproductimages%2F3%2F3237185.jpg&w=640&q=90",
    "barcode": "9339423007961",
    "shop": "coles",
    "weight": "700g",
    "prices": {
      "nsw": "71",
      "nsw_price_per_unit": "500",
      "nsw_unit": "g",
      "vic": "71",
      "qld": "71",
      "wa": "71",
      "sa": "71"
    }
  },
  {
    "source_url": "https://www.woolworths.com.au/shop/productdetails/690672/abbott-s-bakery-rustic-white-bread-sandwich-slice-loaf",
    "name": "Abbott's Bakery Rustic White Bread Sandwich Slice Loaf 700g",
    "image_url": "https://cdn1.woolworths.media/content/wowproductimages/large/690672.jpg",
    "barcode": "9339423007961",
    "shop": "Woolworths",
    "weight": "100G",
    "prices": {
      "nsw": "500",
      "nsw_price_per_unit": "71",
      "nsw_unit": "G",
      "vic": "500",
      "qld": "500",
      "wa": "500",
      "sa": "500",
      "tas": "500"
    }
  },
  {
    "source_url": "https://www.coles.com.au/product/abbott's-bakery-sourdough-rye-bread-760g-3764737",
    "name": "Abbott's Bakery Sourdough Rye Bread | 760g",
    "image_url": "https://www.coles.com.au/_next/image?url=https%3A%2F%2Fproductimages.coles.com.au%2Fproductimages%2F3%2F3764737.jpg&w=640&q=90",
    "barcode": "9339423008845",
    "shop": "coles",
    "weight": "760g",
    "prices": {
      "nsw": "N/A",
      "nsw_price_per_unit": "N/A",
      "nsw_unit": "g",
      "vic": "70",
      "qld": "70",
      "sa": "70"
    }
  },
  {
    "source_url": "https://www.woolworths.com.au/shop/productdetails/103774/abbott-s-bakery-sourdough-rye-bread-sandwich-slice-loaf",
    "name": "Abbott's Bakery Sourdough Rye Bread Sandwich Slice Loaf 760g",
    "image_url": "https://cdn1.woolworths.media/content/wowproductimages/large/103774.jpg",
    "barcode": "9339423008845",
    "shop": "Woolworths",
    "weight": "100G",
    "prices": {
      "nsw": "530",
      "nsw_price_per_unit": "70",
      "nsw_unit": "G",
      "vic": "530",
      "qld": "530",
      "wa": "530",
      "sa": "530",
      "tas": "530"
    }
  },
  {
    "source_url": "https://www.coles.com.au/product/abbott's-bakery-sourdough-white-760g-6420585",
    "name": "Abbott's Bakery Sourdough White | 760g",
    "image_url": "https://www.coles.com.au/_next/image?url=https%3A%2F%2Fproductimages.coles.com.au%2Fproductimages%2F6%2F6420585.jpg&w=640&q=90",
    "barcode": "9339423009668",
    "shop": "coles",
    "weight": "760g",
    "prices": {
      "nsw": "70",
      "nsw_price_per_unit": "530",
      "nsw_unit": "g",
      "vic": "70",
      "qld": "70",
      "sa": "70"
    }
  },
  {
    "source_url": "https://www.woolworths.com.au/shop/productdetails/289456/abbott-s-bakery-sourdough-white-bread-sandwich-slice-loaf",
    "name": "Abbott's Bakery Sourdough White Bread Sandwich Slice Loaf 760g",
    "image_url": "https://cdn1.woolworths.media/content/wowproductimages/large/289456.jpg",
    "barcode": "9339423009668",
    "shop": "Woolworths",
    "weight": "100G",
    "prices": {
      "nsw": "530",
      "nsw_price_per_unit": "70",
      "nsw_unit": "G",
      "vic": "530",
      "qld": "530",
      "wa": "530",
      "sa": "530",
      "tas": "530"
    }
  },
  {
    "source_url": "https://www.coles.com.au/product/bill-organic-activated-super-seeds-and-grains-620g-2270436",
    "name": "Bill Organic Activated Super Seeds & Grains | 620g",
    "image_url": "https://www.coles.com.au/_next/image?url=https%3A%2F%2Fproductimages.coles.com.au%2Fproductimages%2F2%2F2270436.jpg&w=640&q=90",
    "barcode": "9327189000258",
    "shop": "coles",
    "weight": "620g",
    "prices": {
      "nsw": "139",
      "nsw_price_per_unit": "860",
      "nsw_unit": "g"
    }
  },
  {
    "source_url": "https://www.woolworths.com.au/shop/productdetails/839611/bill-s-certified-organic-ancient-grains",
    "name": "Bill's Certified Organic Ancient Grains 620G",
    "image_url": "https://cdn1.woolworths.media/content/wowproductimages/large/839611.jpg",
    "barcode": "9327189000258",
    "shop": "Woolworths",
    "weight": "100G",
    "prices": {
      "nsw": "860",
      "nsw_price_per_unit": "139",
      "nsw_unit": "G",
      "vic": "860",
      "qld": "860",
      "wa": "860",
      "sa": "860",
      "tas": "860"
    }
  },
  {
    "source_url": "https://www.coles.com.au/product/bills-organic-spelt-bread-620g-1349461",
    "name": "Bills Organic Spelt Bread | 620g",
    "image_url": "https://www.coles.com.au/_next/image?url=https%3A%2F%2Fproductimages.coles.com.au%2Fproductimages%2F1%2F1349461.jpg&w=640&q=90",
    "barcode": "9327189001156",
    "shop": "coles",
    "weight": "620g",
    "prices": {
      "nsw": "139",
      "nsw_price_per_unit": "860",
      "nsw_unit": "g"
    }
  },
  {
    "source_url": "https://www.woolworths.com.au/shop/productdetails/300005/bill-s-healthy-bakery-100-spelt-sourdough",
    "name": "Bill's Healthy Bakery 100% Spelt Sourdough 620g",
    "image_url": "https://cdn1.woolworths.media/content/wowproductimages/large/300005.jpg",
    "barcode": "9327189001156",
    "shop": "Woolworths",
    "weight": "100G",
    "prices": {
      "nsw": "860",
      "nsw_price_per_unit": "139",
      "nsw_unit": "G",
      "vic": "860",
      "qld": "860",
      "wa": "860",
      "sa": "860",
      "tas": "860"
    }
  },
  {
    "source_url": "https://www.coles.com.au/product/burgen-cholesterol-lowering-wholegrain-and-oats-bread-700g-6420621",
    "name": "Burgen Cholesterol Lowering Wholegrain And Oats Bread | 700g",
    "image_url": "https://www.coles.com.au/_next/image?url=https%3A%2F%2Fproductimages.coles.com.au%2Fproductimages%2F6%2F6420621.jpg&w=640&q=90",
    "barcode": "9339423009699",
    "shop": "coles",
    "weight": "700g",
    "prices": {
      "nsw": "100",
      "nsw_price_per_unit": "700",
      "nsw_unit": "g",
      "vic": "100",
      "qld": "100",
      "sa": "100"
    }
  },
  {
    "source_url": "https://www.woolworths.com.au/shop/productdetails/294686/burgen-cholesterol-lowering-whole-grain-oats-bread-bakery",
    "name": "Burgen Cholesterol Lowering Whole Grain & Oats Bread Bakery 700g",
    "image_url": "https://cdn1.woolworths.media/content/wowproductimages/large/294686.jpg",
    "barcode": "9339423009699",
    "shop": "Woolworths",
    "weight": "100G",
    "prices": {
      "nsw": "700",
      "nsw_price_per_unit": "100",
      "nsw_unit": "G",
      "vic": "700",
      "qld": "700",
      "wa": "700",
      "sa": "700",
      "tas": "700"
    }
  },
  {
    "source_url": "https://www.coles.com.au/product/burgen-traditional-rye-bread-700g-5249684",
    "name": "Burgen Traditional Rye Bread | 700g",
    "image_url": "https://www.coles.com.au/_next/image?url=https%3A%2F%2Fproductimages.coles.com.au%2Fproductimages%2F5%2F5249684.jpg&w=640&q=90",
    "barcode": "9310043008941",
    "shop": "coles",
    "weight": "700g",
    "prices": {
      "nsw": "86",
      "nsw_price_per_unit": "600",
      "nsw_unit": "g",
      "vic": "86",
      "qld": "86",
      "wa": "86",
      "sa": "86",
      "tas": "86"
    }
  },
  {
    "source_url": "https://www.woolworths.com.au/shop/productdetails/232832/burgen-rye-low-gi-sliced-bread-loaf-bakery",
    "name": "Burgen Rye Low GI Sliced Bread Loaf Bakery 700g",
    "image_url": "https://cdn1.woolworths.media/content/wowproductimages/large/232832.jpg",
    "barcode": "9310043008941",
    "shop": "Woolworths",
    "weight": "100G",
    "prices": {
      "nsw": "600",
      "nsw_price_per_unit": "86",
      "nsw_unit": "G",
      "vic": "600",
      "qld": "600",
      "wa": "600",
      "sa": "600",
      "tas": "600"
    }
  },
  {
    "source_url": "https://www.coles.com.au/product/burgen-wholemeal-and-seeds-bread-700g-5369358",
    "name": "Burgen Wholemeal & Seeds Bread | 700g",
    "image_url": "https://www.coles.com.au/_next/image?url=https%3A%2F%2Fproductimages.coles.com.au%2Fproductimages%2F5%2F5369358.jpg&w=640&q=90",
    "barcode": "9310043008927",
    "shop": "coles",
    "weight": "700g",
    "prices": {
      "nsw": "86",
      "nsw_price_per_unit": "600",
      "nsw_unit": "g",
      "vic": "86",
      "qld": "86",
      "wa": "86",
      "sa": "86",
      "tas": "86"
    }
  },
  {
    "source_url": "https://www.woolworths.com.au/shop/productdetails/253921/burgen-wholemeal-seeds-low-gi-sliced-bread-loaf-bakery",
    "name": "Burgen Wholemeal & Seeds Low GI Sliced Bread Loaf Bakery 700g",
    "image_url": "https://cdn1.woolworths.media/content/wowproductimages/large/253921.jpg",
    "barcode": "9310043008927",
    "shop": "Woolworths",
    "weight": "100G",
    "prices": {
      "nsw": "600",
      "nsw_price_per_unit": "86",
      "nsw_unit": "G",
      "vic": "600",
      "qld": "600",
      "wa": "600",
      "sa": "600",
      "tas": "600"
    }
  },
  {
    "source_url": "https://www.coles.com.au/product/buttercup-country-split-white-bread-450g-212790",
    "name": "Buttercup Country Split White Bread | 450g",
    "image_url": "https://www.coles.com.au/_next/image?url=https%3A%2F%2Fproductimages.coles.com.au%2Fproductimages%2F2%2F212790.jpg&w=640&q=90",
    "barcode": "9310283117915",
    "shop": "coles",
    "weight": "450g",
    "prices": {
      "nsw": "93",
      "nsw_price_per_unit": "420",
      "nsw_unit": "g",
      "vic": "93",
      "qld": "93",
      "wa": "93",
      "sa": "93",
      "tas": "93"
    }
  },
  {
    "source_url": "https://www.woolworths.com.au/shop/productdetails/28125/buttercup-country-split-white-bread",
    "name": "Buttercup Country Split White Bread 450g",
    "image_url": "https://cdn1.woolworths.media/content/wowproductimages/large/028125.jpg",
    "barcode": "9310283117915",
    "shop": "Woolworths",
    "weight": "100G",
    "prices": {
      "nsw": "420",
      "nsw_price_per_unit": "93",
      "nsw_unit": "G",
      "vic": "420",
      "qld": "420",
      "wa": "420",
      "sa": "420",
      "tas": "420"
    }
  },
  {
    "source_url": "https://www.coles.com.au/product/helgas-50percent-lower-carb-5-seeds-loaf-700g-4688485",
    "name": "Helgas 50% Lower Carb 5 Seeds Loaf | 700g",
    "image_url": "https://www.coles.com.au/_next/image?url=https%3A%2F%2Fproductimages.coles.com.au%2Fproductimages%2F4%2F4688485.jpg&w=640&q=90",
    "barcode": "9310023145598",
    "shop": "coles",
    "weight": "700g",
    "prices": {
      "nsw": "80",
      "nsw_price_per_unit": "560",
      "nsw_unit": "g",
      "vic": "80",
      "qld": "80",
      "wa": "80",
      "sa": "80",
      "tas": "80"
    }
  },
  {
    "source_url": "https://www.woolworths.com.au/shop/productdetails/184268/helga-s-50-lower-carb-5-seeds-loaf",
    "name": "Helga's 50% Lower Carb 5 Seeds Loaf 700g",
    "image_url": "https://cdn1.woolworths.media/content/wowproductimages/large/184268.jpg",
    "barcode": "9310023145598",
    "shop": "Woolworths",
    "weight": "100G",
    "prices": {
      "nsw": "560",
      "nsw_price_per_unit": "80",
      "nsw_unit": "G",
      "vic": "560",
      "qld": "560",
      "wa": "560",
      "sa": "560",
      "tas": "560"
    }
  },
  {
    "source_url": "https://www.coles.com.au/product/helga's-light-rye-bread-680g-5072836",
    "name": "Helga's Light Rye Bread | 680g",
    "image_url": "https://www.coles.com.au/_next/image?url=https%3A%2F%2Fproductimages.coles.com.au%2Fproductimages%2F5%2F5072836.jpg&w=640&q=90",
    "barcode": "9310128002314",
    "shop": "coles",
    "weight": "680g",
    "prices": {
      "nsw": "74",
      "nsw_price_per_unit": "500",
      "nsw_unit": "g",
      "vic": "74",
      "qld": "74",
      "wa": "74",
      "sa": "74",
      "tas": "74"
    }
  },
  {
    "source_url": "https://www.woolworths.com.au/shop/productdetails/75238/helga-s-bread-light-rye",
    "name": "Helga's Bread Light Rye 680g",
    "image_url": "https://cdn1.woolworths.media/content/wowproductimages/large/075238.jpg",
    "barcode": "9310128002314",
    "shop": "Woolworths",
    "weight": "100G",
    "prices": {
      "nsw": "500",
      "nsw_price_per_unit": "74",
      "nsw_unit": "G",
      "vic": "500",
      "qld": "500",
      "wa": "500",
      "sa": "500",
      "tas": "500"
    }
  },
  {
    "source_url": "https://www.coles.com.au/product/helga's-traditional-white-bread-750g-5969945",
    "name": "Helga's Traditional White Bread | 750g",
    "image_url": "https://www.coles.com.au/_next/image?url=https%3A%2F%2Fproductimages.coles.com.au%2Fproductimages%2F5%2F5969945.jpg&w=640&q=90",
    "barcode": "9310128002482",
    "shop": "coles",
    "weight": "750g",
    "prices": {
      "nsw": "67",
      "nsw_price_per_unit": "500",
      "nsw_unit": "g",
      "vic": "67",
      "qld": "67",
      "wa": "67",
      "sa": "67",
      "tas": "67"
    }
  },
  {
    "source_url": "https://www.woolworths.com.au/shop/productdetails/84128/helga-s-bread-traditional-white",
    "name": "Helga's Bread Traditional White 750g",
    "image_url": "https://cdn1.woolworths.media/content/wowproductimages/large/084128.jpg",
    "barcode": "9310128002482",
    "shop": "Woolworths",
    "weight": "100G",
    "prices": {
      "nsw": "500",
      "nsw_price_per_unit": "67",
      "nsw_unit": "G",
      "vic": "500",
      "qld": "500",
      "wa": "500",
      "sa": "500",
      "tas": "500"
    }
  },
  {
    "source_url": "https://www.coles.com.au/product/helga's-traditional-wholemeal-bread-750g-5969435",
    "name": "Helga's Traditional Wholemeal Bread | 750g",
    "image_url": "https://www.coles.com.au/_next/image?url=https%3A%2F%2Fproductimages.coles.com.au%2Fproductimages%2F5%2F5969435.jpg&w=640&q=90",
    "barcode": "9310128002499",
    "shop": "coles",
    "weight": "750g",
    "prices": {
      "nsw": "67",
      "nsw_price_per_unit": "500",
      "nsw_unit": "g",
      "vic": "67",
      "qld": "67",
      "wa": "67",
      "sa": "67",
      "tas": "67"
    }
  },
  {
    "source_url": "https://www.woolworths.com.au/shop/productdetails/84129/helga-s-bread-traditional-wholemeal",
    "name": "Helga's Bread Traditional Wholemeal 750g",
    "image_url": "https://cdn1.woolworths.media/content/wowproductimages/large/084129.jpg",
    "barcode": "9310128002499",
    "shop": "Woolworths",
    "weight": "100G",
    "prices": {
      "nsw": "500",
      "nsw_price_per_unit": "67",
      "nsw_unit": "G",
      "vic": "500",
      "qld": "500",
      "wa": "500",
      "sa": "500",
      "tas": "500"
    }
  },
  {
    "source_url": "https://www.coles.com.au/product/helga's-gluten-free-mixed-grain-bread-500g-3237968",
    "name": "Helga's Gluten Free Mixed Grain Bread | 500g",
    "image_url": "https://www.coles.com.au/_next/image?url=https%3A%2F%2Fproductimages.coles.com.au%2Fproductimages%2F3%2F3237968.jpg&w=640&q=90",
    "barcode": "9310023144003",
    "shop": "coles",
    "weight": "500g",
    "prices": {
      "nsw": "140",
      "nsw_price_per_unit": "700",
      "nsw_unit": "g",
      "vic": "140",
      "qld": "140",
      "sa": "140"
    }
  },
  {
    "source_url": "https://www.woolworths.com.au/shop/productdetails/815271/helga-s-gluten-free-mixed-grains",
    "name": "Helga's Gluten Free Mixed Grains 500g",
    "image_url": "https://cdn1.woolworths.media/content/wowproductimages/large/815271.jpg",
    "barcode": "9310023144003",
    "shop": "Woolworths",
    "weight": "100G",
    "prices": {
      "nsw": "780",
      "nsw_price_per_unit": "156",
      "nsw_unit": "G",
      "vic": "780",
      "qld": "780",
      "wa": "780",
      "sa": "780",
      "tas": "780"
    }
  },
  {
    "source_url": "https://www.coles.com.au/product/helga's-gluten-free-traditional-wholemeal-bread-500g-3237957",
    "name": "Helga's Gluten Free Traditional Wholemeal Bread | 500g",
    "image_url": "https://www.coles.com.au/_next/image?url=https%3A%2F%2Fproductimages.coles.com.au%2Fproductimages%2F3%2F3237957.jpg&w=640&q=90",
    "barcode": "9310023144034",
    "shop": "coles",
    "weight": "500g",
    "prices": {
      "nsw": "140",
      "nsw_price_per_unit": "700",
      "nsw_unit": "g",
      "vic": "140",
      "qld": "140",
      "sa": "140"
    }
  },
  {
    "source_url": "https://www.woolworths.com.au/shop/productdetails/688719/helga-s-gluten-free-wholemeal-loaf",
    "name": "Helga's Gluten Free Wholemeal Loaf 500g",
    "image_url": "https://cdn1.woolworths.media/content/wowproductimages/large/688719.jpg",
    "barcode": "9310023144034",
    "shop": "Woolworths",
    "weight": "100G",
    "prices": {
      "nsw": "780",
      "nsw_price_per_unit": "156",
      "nsw_unit": "G",
      "vic": "780",
      "qld": "780",
      "wa": "780",
      "sa": "780",
      "tas": "780"
    }
  },
  {
    "source_url": "https://www.coles.com.au/product/helga's-mixed-grain-bread-850g-6711227",
    "name": "Helga's Mixed Grain Bread | 850g",
    "image_url": "https://www.coles.com.au/_next/image?url=https%3A%2F%2Fproductimages.coles.com.au%2Fproductimages%2F6%2F6711227.jpg&w=640&q=90",
    "barcode": "9310128002543",
    "shop": "coles",
    "weight": "850g",
    "prices": {
      "nsw": "59",
      "nsw_price_per_unit": "500",
      "nsw_unit": "g",
      "vic": "59",
      "qld": "59",
      "wa": "59",
      "sa": "59",
      "tas": "59"
    }
  },
  {
    "source_url": "https://www.woolworths.com.au/shop/productdetails/95872/helga-s-grain-bread-mixed-grain",
    "name": "Helga's Grain Bread Mixed Grain 850g",
    "image_url": "https://cdn1.woolworths.media/content/wowproductimages/large/095872.jpg",
    "barcode": "9310128002543",
    "shop": "Woolworths",
    "weight": "100G",
    "prices": {
      "nsw": "500",
      "nsw_price_per_unit": "59",
      "nsw_unit": "G",
      "vic": "500",
      "qld": "500",
      "wa": "500",
      "sa": "500",
      "tas": "500"
    }
  },
  {
    "source_url": "https://www.coles.com.au/product/helga's-soy-linseed-bread-850g-6913695",
    "name": "Helga's Soy Linseed Bread | 850g",
    "image_url": "https://www.coles.com.au/_next/image?url=https%3A%2F%2Fproductimages.coles.com.au%2Fproductimages%2F6%2F6913695.jpg&w=640&q=90",
    "barcode": "9310128002550",
    "shop": "coles",
    "weight": "850g",
    "prices": {
      "nsw": "59",
      "nsw_price_per_unit": "500",
      "nsw_unit": "g",
      "vic": "59",
      "qld": "59",
      "wa": "59",
      "sa": "59",
      "tas": "59"
    }
  },
  {
    "source_url": "https://www.woolworths.com.au/shop/productdetails/94337/helga-s-grain-bread-soy-linseed",
    "name": "Helga's Grain Bread Soy & Linseed 750g",
    "image_url": "https://cdn1.woolworths.media/content/wowproductimages/large/094337.jpg",
    "barcode": "9310128002550",
    "shop": "Woolworths",
    "weight": "100G",
    "prices": {
      "nsw": "500",
      "nsw_price_per_unit": "59",
      "nsw_unit": "G",
      "vic": "500",
      "qld": "500",
      "wa": "500",
      "sa": "500",
      "tas": "500"
    }
  },
  {
    "source_url": "https://www.coles.com.au/product/helgas-grains-and-seeds-sourdough-bread-750g-4474878",
    "name": "Helgas Grains And Seeds Sourdough Bread | 750g",
    "image_url": "https://www.coles.com.au/_next/image?url=https%3A%2F%2Fproductimages.coles.com.au%2Fproductimages%2F4%2F4474878.jpg&w=640&q=90",
    "barcode": "9310023145239",
    "shop": "coles",
    "weight": "750g",
    "prices": {
      "nsw": "67",
      "nsw_price_per_unit": "500",
      "nsw_unit": "g",
      "vic": "67",
      "qld": "67",
      "wa": "67",
      "sa": "67",
      "tas": "67"
    }
  },
  {
    "source_url": "https://www.woolworths.com.au/shop/productdetails/166423/helga-s-grains-seeds-sourdough-loaf",
    "name": "Helga's Grains & Seeds Sourdough Loaf 750g",
    "image_url": "https://cdn1.woolworths.media/content/wowproductimages/large/166423.jpg",
    "barcode": "9310023145239",
    "shop": "Woolworths",
    "weight": "100G",
    "prices": {
      "nsw": "500",
      "nsw_price_per_unit": "67",
      "nsw_unit": "G",
      "vic": "500",
      "qld": "500",
      "wa": "500",
      "sa": "500",
      "tas": "500"
    }
  },
  {
    "source_url": "https://www.coles.com.au/product/helgas-mini-loaf-mixed-grain-415g-3860876",
    "name": "Helgas Mini Loaf Mixed Grain | 415g",
    "image_url": "https://www.coles.com.au/_next/image?url=https%3A%2F%2Fproductimages.coles.com.au%2Fproductimages%2F3%2F3860876.jpg&w=640&q=90",
    "barcode": "9310023145031",
    "shop": "coles",
    "weight": "415g",
    "prices": {
      "nsw": "96",
      "nsw_price_per_unit": "400",
      "nsw_unit": "g",
      "vic": "96",
      "qld": "96",
      "sa": "96"
    }
  },
  {
    "source_url": "https://www.woolworths.com.au/shop/productdetails/105076/helga-s-mixed-grain-mini-loaf",
    "name": "Helga's Mixed Grain Mini Loaf 415g",
    "image_url": "https://cdn1.woolworths.media/content/wowproductimages/large/105076.jpg",
    "barcode": "9310023145031",
    "shop": "Woolworths",
    "weight": "100G",
    "prices": {
      "nsw": "400",
      "nsw_price_per_unit": "96",
      "nsw_unit": "G",
      "vic": "400",
      "qld": "400",
      "wa": "400",
      "sa": "400",
      "tas": "400"
    }
  },
  {
    "source_url": "https://www.coles.com.au/product/helga's-prebiotic-ancient-grains-seed-loaf-700g-5245355",
    "name": "Helga's Prebiotic Ancient Grains Seed Loaf | 700g",
    "image_url": "https://www.coles.com.au/_next/image?url=https%3A%2F%2Fproductimages.coles.com.au%2Fproductimages%2F5%2F5245355.jpg&w=640&q=90",
    "barcode": "9310023145673",
    "shop": "coles",
    "weight": "700g",
    "prices": {
      "nsw": "80",
      "nsw_price_per_unit": "560",
      "nsw_unit": "g",
      "vic": "80",
      "qld": "80",
      "sa": "80"
    }
  },
  {
    "source_url": "https://www.woolworths.com.au/shop/productdetails/221345/helga-s-prebiotic-ancient-grains-seeds",
    "name": "Helga's Prebiotic Ancient Grains & Seeds 700g",
    "image_url": "https://cdn1.woolworths.media/content/wowproductimages/large/221345.jpg",
    "barcode": "9310023145673",
    "shop": "Woolworths",
    "weight": "100G",
    "prices": {
      "nsw": "560",
      "nsw_price_per_unit": "80",
      "nsw_unit": "G",
      "vic": "560",
      "qld": "560",
      "wa": "560",
      "sa": "560",
      "tas": "560"
    }
  },
  {
    "source_url": "https://www.coles.com.au/product/helga's-protein-loaf-750g-7044048",
    "name": "Helga's Protein Loaf | 750g",
    "image_url": "https://www.coles.com.au/_next/image?url=https%3A%2F%2Fproductimages.coles.com.au%2Fproductimages%2F7%2F7044048.jpg&w=640&q=90",
    "barcode": "9310023145918",
    "shop": "coles",
    "weight": "750g",
    "prices": {
      "nsw": "75",
      "nsw_price_per_unit": "560",
      "nsw_unit": "g",
      "vic": "75",
      "qld": "75",
      "sa": "75"
    }
  },
  {
    "source_url": "https://www.woolworths.com.au/shop/productdetails/299462/helga-s-protein-wholemeal-bread-loaf",
    "name": "Helga's Protein Wholemeal Bread Loaf 750g",
    "image_url": "https://cdn1.woolworths.media/content/wowproductimages/large/299462.jpg",
    "barcode": "9310023145918",
    "shop": "Woolworths",
    "weight": "100G",
    "prices": {
      "nsw": "560",
      "nsw_price_per_unit": "75",
      "nsw_unit": "G",
      "vic": "560",
      "qld": "560",
      "wa": "560",
      "sa": "560",
      "tas": "560"
    }
  },
  {
    "source_url": "https://www.coles.com.au/product/helga's-pumpkin-five-seed-bread-720g-6009530",
    "name": "Helga's Pumpkin Five Seed Bread | 720g",
    "image_url": "https://www.coles.com.au/_next/image?url=https%3A%2F%2Fproductimages.coles.com.au%2Fproductimages%2F6%2F6009530.jpg&w=640&q=90",
    "barcode": "9310023139474",
    "shop": "coles",
    "weight": "720g",
    "prices": {
      "nsw": "69",
      "nsw_price_per_unit": "500",
      "nsw_unit": "g",
      "vic": "69",
      "qld": "69",
      "wa": "69",
      "sa": "69",
      "tas": "69"
    }
  },
  {
    "source_url": "https://www.woolworths.com.au/shop/productdetails/370814/helga-s-pumpkin-seed-grain",
    "name": "Helga's Pumpkin Seed & Grain 720g",
    "image_url": "https://cdn1.woolworths.media/content/wowproductimages/large/370814.jpg",
    "barcode": "9310023139474",
    "shop": "Woolworths",
    "weight": "100G",
    "prices": {
      "nsw": "500",
      "nsw_price_per_unit": "69",
      "nsw_unit": "G",
      "vic": "500",
      "qld": "500",
      "wa": "500",
      "sa": "500",
      "tas": "500"
    }
  },
  {
    "source_url": "https://www.coles.com.au/product/helga's-sourdough-bread-650g-3558247",
    "name": "Helga's Sourdough Bread | 650g",
    "image_url": "https://www.coles.com.au/_next/image?url=https%3A%2F%2Fproductimages.coles.com.au%2Fproductimages%2F3%2F3558247.jpg&w=640&q=90",
    "barcode": "9310023144676",
    "shop": "coles",
    "weight": "650g",
    "prices": {
      "nsw": "77",
      "nsw_price_per_unit": "500",
      "nsw_unit": "g",
      "vic": "77",
      "qld": "77",
      "wa": "77",
      "sa": "77",
      "tas": "77"
    }
  },
  {
    "source_url": "https://www.woolworths.com.au/shop/productdetails/16999/helga-s-sourdough-loaf",
    "name": "Helga's Sourdough Loaf 650g",
    "image_url": "https://cdn1.woolworths.media/content/wowproductimages/large/016999.jpg",
    "barcode": "9310023144676",
    "shop": "Woolworths",
    "weight": "100G",
    "prices": {
      "nsw": "500",
      "nsw_price_per_unit": "77",
      "nsw_unit": "G",
      "vic": "500",
      "qld": "500",
      "wa": "500",
      "sa": "500",
      "tas": "500"
    }
  },
  {
    "source_url": "https://www.coles.com.au/product/helgas-mini-loaf-traditional-wholemeal-360g-3860887",
    "name": "Helgas Mini Loaf Traditional Wholemeal | 360g",
    "image_url": "https://www.coles.com.au/_next/image?url=https%3A%2F%2Fproductimages.coles.com.au%2Fproductimages%2F3%2F3860887.jpg&w=640&q=90",
    "barcode": "9310023145024",
    "shop": "coles",
    "weight": "360g",
    "prices": {
      "nsw": "111",
      "nsw_price_per_unit": "400",
      "nsw_unit": "g",
      "vic": "111",
      "qld": "111",
      "sa": "111"
    }
  },
  {
    "source_url": "https://www.woolworths.com.au/shop/productdetails/103783/helga-s-traditional-wholemeal-mini-loaf",
    "name": "Helga's Traditional Wholemeal Mini Loaf 360g",
    "image_url": "https://cdn1.woolworths.media/content/wowproductimages/large/103783.jpg",
    "barcode": "9310023145024",
    "shop": "Woolworths",
    "weight": "100G",
    "prices": {
      "nsw": "400",
      "nsw_price_per_unit": "111.00000000000001",
      "nsw_unit": "G",
      "vic": "400",
      "qld": "400",
      "wa": "400",
      "sa": "400",
      "tas": "400"
    }
  },
  {
    "source_url": "https://www.coles.com.au/product/helga's-continental-bakehouse-wholemeal-grain-bread-850g-6676716",
    "name": "Helga's Continental Bakehouse Wholemeal Grain Bread | 850g",
    "image_url": "https://www.coles.com.au/_next/image?url=https%3A%2F%2Fproductimages.coles.com.au%2Fproductimages%2F6%2F6676716.jpg&w=640&q=90",
    "barcode": "9310128002536",
    "shop": "coles",
    "weight": "850g",
    "prices": {
      "nsw": "59",
      "nsw_price_per_unit": "500",
      "nsw_unit": "g",
      "vic": "59",
      "qld": "59",
      "wa": "59",
      "sa": "59",
      "tas": "59"
    }
  },
  {
    "source_url": "https://www.woolworths.com.au/shop/productdetails/75035/helga-s-wholemeal-bread-with-grains",
    "name": "Helga's Wholemeal Bread With Grains 850g",
    "image_url": "https://cdn1.woolworths.media/content/wowproductimages/large/075035.jpg",
    "barcode": "9310128002536",
    "shop": "Woolworths",
    "weight": "100G",
    "prices": {
      "nsw": "500",
      "nsw_price_per_unit": "59",
      "nsw_unit": "G",
      "vic": "500",
      "qld": "500",
      "wa": "500",
      "sa": "500",
      "tas": "500"
    }
  },
  {
    "source_url": "https://www.coles.com.au/product/helgas-wholemeal-sourdough-bread-750g-4474845",
    "name": "Helgas Wholemeal Sourdough Bread | 750g",
    "image_url": "https://www.coles.com.au/_next/image?url=https%3A%2F%2Fproductimages.coles.com.au%2Fproductimages%2F4%2F4474845.jpg&w=640&q=90",
    "barcode": "9310023145222",
    "shop": "coles",
    "weight": "750g",
    "prices": {
      "nsw": "67",
      "nsw_price_per_unit": "500",
      "nsw_unit": "g",
      "vic": "67",
      "qld": "67",
      "wa": "67",
      "sa": "67",
      "tas": "67"
    }
  },
  {
    "source_url": "https://www.woolworths.com.au/shop/productdetails/166393/helga-s-wholemeal-sourdough-loaf",
    "name": "Helga's Wholemeal Sourdough Loaf 750g",
    "image_url": "https://cdn1.woolworths.media/content/wowproductimages/large/166393.jpg",
    "barcode": "9310023145222",
    "shop": "Woolworths",
    "weight": "100G",
    "prices": {
      "nsw": "500",
      "nsw_price_per_unit": "67",
      "nsw_unit": "G",
      "vic": "500",
      "qld": "500",
      "wa": "500",
      "sa": "500",
      "tas": "500"
    }
  },
  {
    "source_url": "https://www.coles.com.au/product/tip-top-9-grain-classic-sandwich-700g-9201680",
    "name": "Tip Top 9 Grain Classic Sandwich | 700g",
    "image_url": "https://www.coles.com.au/_next/image?url=https%3A%2F%2Fproductimages.coles.com.au%2Fproductimages%2F9%2F9201680.jpg&w=640&q=90",
    "barcode": "9310043009900",
    "shop": "coles",
    "weight": "700g",
    "prices": {
      "nsw": "64",
      "nsw_price_per_unit": "450",
      "nsw_unit": "g",
      "vic": "64",
      "qld": "64",
      "wa": "64",
      "sa": "64"
    }
  },
  {
    "source_url": "https://www.woolworths.com.au/shop/productdetails/197276/tip-top-9-grain-classic-sandwich-slice-bread-loaf-bakery",
    "name": "Tip Top 9 Grain Classic Sandwich Slice Bread Loaf Bakery 700g",
    "image_url": "https://cdn1.woolworths.media/content/wowproductimages/large/197276.jpg",
    "barcode": "9310043009900",
    "shop": "Woolworths",
    "weight": "100G",
    "prices": {
      "nsw": "450",
      "nsw_price_per_unit": "64",
      "nsw_unit": "G",
      "vic": "450",
      "qld": "450",
      "wa": "450",
      "sa": "450",
      "tas": "450"
    }
  },
  {
    "source_url": "https://www.coles.com.au/product/tip-top-9-grain-wholemeal-sandwich-750g-6010561",
    "name": "Tip Top 9 Grain Wholemeal Sandwich | 750g",
    "image_url": "https://www.coles.com.au/_next/image?url=https%3A%2F%2Fproductimages.coles.com.au%2Fproductimages%2F6%2F6010561.jpg&w=640&q=90",
    "barcode": "9339423001075",
    "shop": "coles",
    "weight": "750g",
    "prices": {
      "nsw": "60",
      "nsw_price_per_unit": "450",
      "nsw_unit": "g",
      "vic": "60",
      "qld": "60",
      "sa": "60"
    }
  },
  {
    "source_url": "https://www.woolworths.com.au/shop/productdetails/263634/tip-top-9-grain-wholemeal-sandwich-slice-bread-loaf-bakery",
    "name": "Tip Top 9 Grain Wholemeal Sandwich Slice Bread Loaf Bakery 750g",
    "image_url": "https://cdn1.woolworths.media/content/wowproductimages/large/263634.jpg",
    "barcode": "9339423001075",
    "shop": "Woolworths",
    "weight": "100G",
    "prices": {
      "nsw": "450",
      "nsw_price_per_unit": "60",
      "nsw_unit": "G",
      "vic": "450",
      "qld": "450",
      "wa": "450",
      "sa": "450",
      "tas": "450"
    }
  },
  {
    "source_url": "https://www.coles.com.au/product/tip-top-sunblest-white-bread-650g-7953924",
    "name": "Tip Top Sunblest White Bread | 650g",
    "image_url": "https://www.coles.com.au/_next/image?url=https%3A%2F%2Fproductimages.coles.com.au%2Fproductimages%2F7%2F7953924.jpg&w=640&q=90",
    "barcode": "9310043008637",
    "shop": "coles",
    "weight": "650g",
    "prices": {
      "nsw": "63",
      "nsw_price_per_unit": "410",
      "nsw_unit": "g",
      "vic": "63",
      "wa": "63",
      "sa": "63"
    }
  },
  {
    "source_url": "https://www.woolworths.com.au/shop/productdetails/19899/tip-top-sunblest-soft-white-sandwich-slice-bread-loaf-bakery",
    "name": "Tip Top Sunblest Soft White Sandwich Slice Bread Loaf Bakery 650g",
    "image_url": "https://cdn1.woolworths.media/content/wowproductimages/large/019899.jpg",
    "barcode": "9310043008637",
    "shop": "Woolworths",
    "weight": "100G",
    "prices": {
      "nsw": "409.99999999999994",
      "nsw_price_per_unit": "63",
      "nsw_unit": "G",
      "vic": "409.99999999999994",
      "qld": "409.99999999999994",
      "wa": "409.99999999999994",
      "sa": "409.99999999999994",
      "tas": "409.99999999999994"
    }
  },
  {
    "source_url": "https://www.coles.com.au/product/tip-top-sunblest-soft-white-toast-bread-650g-7953957",
    "name": "Tip Top Sunblest Soft White Toast Bread | 650g",
    "image_url": "https://www.coles.com.au/_next/image?url=https%3A%2F%2Fproductimages.coles.com.au%2Fproductimages%2F7%2F7953957.jpg&w=640&q=90",
    "barcode": "9310043008644",
    "shop": "coles",
    "weight": "650g",
    "prices": {
      "nsw": "63",
      "nsw_price_per_unit": "410",
      "nsw_unit": "g",
      "vic": "63",
      "wa": "63",
      "sa": "63"
    }
  },
  {
    "source_url": "https://www.woolworths.com.au/shop/productdetails/49609/tip-top-sunblest-soft-white-toast-slice-bread-loaf-bakery",
    "name": "Tip Top Sunblest Soft White Toast Slice Bread Loaf Bakery 650g",
    "image_url": "https://cdn1.woolworths.media/content/wowproductimages/large/049609.jpg",
    "barcode": "9310043008644",
    "shop": "Woolworths",
    "weight": "100G",
    "prices": {
      "nsw": "409.99999999999994",
      "nsw_price_per_unit": "63",
      "nsw_unit": "G",
      "vic": "409.99999999999994",
      "qld": "409.99999999999994",
      "wa": "409.99999999999994",
      "sa": "409.99999999999994",
      "tas": "409.99999999999994"
    }
  },
  {
    "source_url": "https://www.coles.com.au/product/tip-top-sunblest-wholemeal-sandwich-bread-650g-9395101",
    "name": "Tip Top Sunblest Wholemeal Sandwich Bread | 650g",
    "image_url": "https://www.coles.com.au/_next/image?url=https%3A%2F%2Fproductimages.coles.com.au%2Fproductimages%2F9%2F9395101.jpg&w=640&q=90",
    "barcode": "9310043004837",
    "shop": "coles",
    "weight": "650g",
    "prices": {
      "nsw": "63",
      "nsw_price_per_unit": "410",
      "nsw_unit": "g",
      "vic": "63",
      "wa": "63",
      "sa": "63"
    }
  },
  {
    "source_url": "https://www.woolworths.com.au/shop/productdetails/49613/tip-top-sunblest-soft-wholemeal-bread-loaf-sandwich-bakery",
    "name": "Tip Top Sunblest Soft Wholemeal Bread Loaf Sandwich Bakery 650g",
    "image_url": "https://cdn1.woolworths.media/content/wowproductimages/large/049613.jpg",
    "barcode": "9310043004837",
    "shop": "Woolworths",
    "weight": "100G",
    "prices": {
      "nsw": "409.99999999999994",
      "nsw_price_per_unit": "63",
      "nsw_unit": "G",
      "vic": "409.99999999999994",
      "qld": "409.99999999999994",
      "wa": "409.99999999999994",
      "sa": "409.99999999999994",
      "tas": "409.99999999999994"
    }
  },
  {
    "source_url": "https://www.coles.com.au/product/tip-top-the-one-gluten-free-smooth-wholegrain-550g-5749734",
    "name": "Tip Top The One Gluten Free Smooth Wholegrain | 550g",
    "image_url": "https://www.coles.com.au/_next/image?url=https%3A%2F%2Fproductimages.coles.com.au%2Fproductimages%2F5%2F5749734.jpg&w=640&q=90",
    "barcode": "9339423009088",
    "shop": "coles",
    "weight": "550g",
    "prices": {
      "nsw": "133",
      "nsw_price_per_unit": "730",
      "nsw_unit": "g",
      "vic": "133",
      "qld": "133",
      "wa": "133",
      "sa": "133"
    }
  },
  {
    "source_url": "https://www.woolworths.com.au/shop/productdetails/218375/tip-top-the-one-gluten-free-smooth-wholegrain-bread-loaf-bakery",
    "name": "Tip Top The One Gluten Free Smooth Wholegrain Bread Loaf Bakery 550g",
    "image_url": "https://cdn1.woolworths.media/content/wowproductimages/large/218375.jpg",
    "barcode": "9339423009088",
    "shop": "Woolworths",
    "weight": "100G",
    "prices": {
      "nsw": "730",
      "nsw_price_per_unit": "133",
      "nsw_unit": "G",
      "vic": "730",
      "qld": "730",
      "wa": "730",
      "sa": "730",
      "tas": "730"
    }
  },
  {
    "source_url": "https://www.coles.com.au/product/tip-top-the-one-gluten-free-white-550g-4405660",
    "name": "Tip Top The One Gluten Free White | 550g",
    "image_url": "https://www.coles.com.au/_next/image?url=https%3A%2F%2Fproductimages.coles.com.au%2Fproductimages%2F4%2F4405660.jpg&w=640&q=90",
    "barcode": "9339423009071",
    "shop": "coles",
    "weight": "550g",
    "prices": {
      "nsw": "133",
      "nsw_price_per_unit": "730",
      "nsw_unit": "g",
      "vic": "133",
      "qld": "133",
      "wa": "133",
      "sa": "133"
    }
  },
  {
    "source_url": "https://www.woolworths.com.au/shop/productdetails/165306/tip-top-the-one-gluten-free-white-bread-loaf-sandwich-bakery",
    "name": "Tip Top The One Gluten Free White Bread Loaf Sandwich Bakery 550g",
    "image_url": "https://cdn1.woolworths.media/content/wowproductimages/large/165306.jpg",
    "barcode": "9339423009071",
    "shop": "Woolworths",
    "weight": "100G",
    "prices": {
      "nsw": "730",
      "nsw_price_per_unit": "133",
      "nsw_unit": "G",
      "vic": "730",
      "qld": "730",
      "wa": "730",
      "sa": "730",
      "tas": "730"
    }
  },
  {
    "source_url": "https://www.coles.com.au/product/tip-top-the-one-white-sandwich-bread-700g-8956156",
    "name": "Tip Top The One White Sandwich Bread | 700g",
    "image_url": "https://www.coles.com.au/_next/image?url=https%3A%2F%2Fproductimages.coles.com.au%2Fproductimages%2F8%2F8956156.jpg&w=640&q=90",
    "barcode": "9339423004809",
    "shop": "coles",
    "weight": "700g",
    "prices": {
      "nsw": "64",
      "nsw_price_per_unit": "450",
      "nsw_unit": "g",
      "vic": "64",
      "qld": "64",
      "wa": "64",
      "sa": "64"
    }
  },
  {
    "source_url": "https://www.woolworths.com.au/shop/productdetails/713816/tip-top-the-one-white-sandwich-slice-bread-loaf-bakery",
    "name": "Tip Top The One White Sandwich Slice Bread Loaf Bakery 700g",
    "image_url": "https://cdn1.woolworths.media/content/wowproductimages/large/713816.jpg",
    "barcode": "9339423004809",
    "shop": "Woolworths",
    "weight": "100G",
    "prices": {
      "nsw": "450",
      "nsw_price_per_unit": "64",
      "nsw_unit": "G",
      "vic": "450",
      "qld": "450",
      "wa": "450",
      "sa": "450",
      "tas": "450"
    }
  },
  {
    "source_url": "https://www.coles.com.au/product/tip-top-the-one-white-toast-bread-700g-8956189",
    "name": "Tip Top The One White Toast Bread | 700g",
    "image_url": "https://www.coles.com.au/_next/image?url=https%3A%2F%2Fproductimages.coles.com.au%2Fproductimages%2F8%2F8956189.jpg&w=640&q=90",
    "barcode": "9339423004816",
    "shop": "coles",
    "weight": "700g",
    "prices": {
      "nsw": "64",
      "nsw_price_per_unit": "450",
      "nsw_unit": "g",
      "vic": "64",
      "qld": "64",
      "wa": "64",
      "sa": "64"
    }
  },
  {
    "source_url": "https://www.woolworths.com.au/shop/productdetails/713834/tip-top-the-one-white-toast-slice-bread-loaf-bakery",
    "name": "Tip Top The One White Toast Slice Bread Loaf Bakery 700g",
    "image_url": "https://cdn1.woolworths.media/content/wowproductimages/large/713834.jpg",
    "barcode": "9339423004816",
    "shop": "Woolworths",
    "weight": "100G",
    "prices": {
      "nsw": "450",
      "nsw_price_per_unit": "64",
      "nsw_unit": "G",
      "vic": "450",
      "qld": "450",
      "wa": "450",
      "sa": "450",
      "tas": "450"
    }
  },
  {
    "source_url": "https://www.coles.com.au/product/tip-top-the-one-wholemeal-sandwich-bread-700g-1139480",
    "name": "Tip Top The One Wholemeal Sandwich Bread | 700g",
    "image_url": "https://www.coles.com.au/_next/image?url=https%3A%2F%2Fproductimages.coles.com.au%2Fproductimages%2F1%2F1139480.jpg&w=640&q=90",
    "barcode": "9339423005035",
    "shop": "coles",
    "weight": "700g",
    "prices": {
      "nsw": "64",
      "nsw_price_per_unit": "450",
      "nsw_unit": "g",
      "vic": "64",
      "qld": "64",
      "wa": "64",
      "sa": "64"
    }
  },
  {
    "source_url": "https://www.woolworths.com.au/shop/productdetails/749588/tip-top-the-one-wholemeal-bread-sandwich-slice-loaf-bakery",
    "name": "Tip Top The One Wholemeal Bread Sandwich Slice Loaf Bakery 700g",
    "image_url": "https://cdn1.woolworths.media/content/wowproductimages/large/749588.jpg",
    "barcode": "9339423005035",
    "shop": "Woolworths",
    "weight": "100G",
    "prices": {
      "nsw": "450",
      "nsw_price_per_unit": "64",
      "nsw_unit": "G",
      "vic": "450",
      "qld": "450",
      "wa": "450",
      "sa": "450",
      "tas": "450"
    }
  },
  {
    "source_url": "https://www.coles.com.au/product/wonder-mini-loaf-white-sandwich-vit-min-320g-3860901",
    "name": "Wonder Mini Loaf White Sandwich Vit Min | 320g",
    "image_url": "https://www.coles.com.au/_next/image?url=https%3A%2F%2Fproductimages.coles.com.au%2Fproductimages%2F3%2F3860901.jpg&w=640&q=90",
    "barcode": "9310023145048",
    "shop": "coles",
    "weight": "320g",
    "prices": {
      "nsw": "109",
      "nsw_price_per_unit": "350",
      "nsw_unit": "g",
      "vic": "109",
      "qld": "109",
      "sa": "109"
    }
  },
  {
    "source_url": "https://www.woolworths.com.au/shop/productdetails/103726/wonder-sandwich-white-mini-loaf",
    "name": "Wonder Sandwich White Mini Loaf 320g",
    "image_url": "https://cdn1.woolworths.media/content/wowproductimages/large/103726.jpg",
    "barcode": "9310023145048",
    "shop": "Woolworths",
    "weight": "100G",
    "prices": {
      "nsw": "350",
      "nsw_price_per_unit": "109.00000000000001",
      "nsw_unit": "G",
      "vic": "350",
      "qld": "350",
      "wa": "350",
      "sa": "350",
      "tas": "350"
    }
  },
  {
    "source_url": "https://www.coles.com.au/product/wonder-white-bread-+-vitamins-and-mineral-700g-5795130",
    "name": "Wonder White Bread + Vitamins & Mineral | 700g",
    "image_url": "https://www.coles.com.au/_next/image?url=https%3A%2F%2Fproductimages.coles.com.au%2Fproductimages%2F5%2F5795130.jpg&w=640&q=90",
    "barcode": "9310023138705",
    "shop": "coles",
    "weight": "700g",
    "prices": {
      "nsw": "64",
      "nsw_price_per_unit": "450",
      "nsw_unit": "g",
      "vic": "64",
      "qld": "64",
      "wa": "64",
      "sa": "64",
      "tas": "64"
    }
  },
  {
    "source_url": "https://www.woolworths.com.au/shop/productdetails/263669/wonder-white-bread-vitamins-minerals-sandwich",
    "name": "Wonder White Bread Vitamins & Minerals Sandwich 700g",
    "image_url": "https://cdn1.woolworths.media/content/wowproductimages/large/263669.jpg",
    "barcode": "9310023138705",
    "shop": "Woolworths",
    "weight": "100G",
    "prices": {
      "nsw": "450",
      "nsw_price_per_unit": "64",
      "nsw_unit": "G",
      "vic": "450",
      "qld": "450",
      "wa": "450",
      "sa": "450",
      "tas": "450"
    }
  },
  {
    "source_url": "https://www.coles.com.au/product/wonder-white-bread-+-vitamins-toast-700g-5827361",
    "name": "Wonder White Bread + Vitamins Toast | 700g",
    "image_url": "https://www.coles.com.au/_next/image?url=https%3A%2F%2Fproductimages.coles.com.au%2Fproductimages%2F5%2F5827361.jpg&w=640&q=90",
    "barcode": "9310023138712",
    "shop": "coles",
    "weight": "700g",
    "prices": {
      "nsw": "64",
      "nsw_price_per_unit": "450",
      "nsw_unit": "g",
      "vic": "64",
      "qld": "64",
      "wa": "64",
      "sa": "64",
      "tas": "64"
    }
  },
  {
    "source_url": "https://www.woolworths.com.au/shop/productdetails/263667/wonder-white-bread-vitamins-minerals-toast",
    "name": "Wonder White Bread Vitamins & Minerals Toast 700g",
    "image_url": "https://cdn1.woolworths.media/content/wowproductimages/large/263667.jpg",
    "barcode": "9310023138712",
    "shop": "Woolworths",
    "weight": "100G",
    "prices": {
      "nsw": "450",
      "nsw_price_per_unit": "64",
      "nsw_unit": "G",
      "vic": "450",
      "qld": "450",
      "wa": "450",
      "sa": "450",
      "tas": "450"
    }
  },
  {
    "source_url": "https://www.coles.com.au/product/wonder-white-bread-wholegrain-smooth-700g-2738243",
    "name": "Wonder White Bread Wholegrain Smooth | 700g",
    "image_url": "https://www.coles.com.au/_next/image?url=https%3A%2F%2Fproductimages.coles.com.au%2Fproductimages%2F2%2F2738243.jpg&w=640&q=90",
    "barcode": "9310023142993",
    "shop": "coles",
    "weight": "700g",
    "prices": {
      "nsw": "64",
      "nsw_price_per_unit": "450",
      "nsw_unit": "g",
      "vic": "64",
      "qld": "64",
      "sa": "64",
      "tas": "64"
    }
  },
  {
    "source_url": "https://www.woolworths.com.au/shop/productdetails/476065/wonder-white-smooth-wholegrain",
    "name": "Wonder White Smooth Wholegrain 700g",
    "image_url": "https://cdn1.woolworths.media/content/wowproductimages/large/476065.jpg",
    "barcode": "9310023142993",
    "shop": "Woolworths",
    "weight": "100G",
    "prices": {
      "nsw": "450",
      "nsw_price_per_unit": "64",
      "nsw_unit": "G",
      "vic": "450",
      "qld": "450",
      "wa": "450",
      "sa": "450",
      "tas": "450"
    }
  },
  {
    "source_url": "https://www.coles.com.au/product/wonder-white-bread-wholemeal-plus-iron-700g-5322140",
    "name": "Wonder White Bread Wholemeal Plus Iron | 700g",
    "image_url": "https://www.coles.com.au/_next/image?url=https%3A%2F%2Fproductimages.coles.com.au%2Fproductimages%2F5%2F5322140.jpg&w=640&q=90",
    "barcode": "9310023136657",
    "shop": "coles",
    "weight": "700g",
    "prices": {
      "nsw": "64",
      "nsw_price_per_unit": "450",
      "nsw_unit": "g",
      "vic": "64",
      "qld": "64",
      "wa": "64",
      "sa": "64",
      "tas": "64"
    }
  },
  {
    "source_url": "https://www.woolworths.com.au/shop/productdetails/253937/wonder-white-wholemeal-with-iron-sandwich-slice",
    "name": "Wonder White Wholemeal With Iron Sandwich Slice 700g",
    "image_url": "https://cdn1.woolworths.media/content/wowproductimages/large/253937.jpg",
    "barcode": "9310023136657",
    "shop": "Woolworths",
    "weight": "100G",
    "prices": {
      "nsw": "450",
      "nsw_price_per_unit": "64",
      "nsw_unit": "G",
      "vic": "450",
      "qld": "450",
      "wa": "450",
      "sa": "450",
      "tas": "450"
    }
  },
  {
    "source_url": "https://www.coles.com.au/product/wonder-mini-loaf-wholemeal-320g-3860912",
    "name": "Wonder Mini Loaf Wholemeal | 320g",
    "image_url": "https://www.coles.com.au/_next/image?url=https%3A%2F%2Fproductimages.coles.com.au%2Fproductimages%2F3%2F3860912.jpg&w=640&q=90",
    "barcode": "9310023145055",
    "shop": "coles",
    "weight": "320g",
    "prices": {
      "nsw": "109",
      "nsw_price_per_unit": "350",
      "nsw_unit": "g",
      "vic": "109",
      "qld": "109",
      "sa": "109"
    }
  },
  {
    "source_url": "https://www.woolworths.com.au/shop/productdetails/105613/wonder-wholemeal-mini-loaf",
    "name": "Wonder Wholemeal Mini Loaf 320g",
    "image_url": "https://cdn1.woolworths.media/content/wowproductimages/large/105613.jpg",
    "barcode": "9310023145055",
    "shop": "Woolworths",
    "weight": "100G",
    "prices": {
      "nsw": "350",
      "nsw_price_per_unit": "109.00000000000001",
      "nsw_unit": "G",
      "vic": "350",
      "qld": "350",
      "wa": "350",
      "sa": "350",
      "tas": "350"
    }
  },
  {
    "source_url": "https://www.coles.com.au/product/abbott's-bakery-gluten-free-mixed-seeds-bread-500g-2834225",
    "name": "Abbott's Bakery Gluten Free Mixed Seeds Bread | 500g",
    "image_url": "https://www.coles.com.au/_next/image?url=https%3A%2F%2Fproductimages.coles.com.au%2Fproductimages%2F2%2F2834225.jpg&w=640&q=90",
    "barcode": "9339423007046",
    "shop": "coles",
    "weight": "500g",
    "prices": {
      "nsw": "158",
      "nsw_price_per_unit": "790",
      "nsw_unit": "g",
      "vic": "158",
      "qld": "158",
      "wa": "158",
      "sa": "158"
    }
  },
  {
    "source_url": "https://www.woolworths.com.au/shop/productdetails/535677/abbott-s-bakery-gluten-free-mixed-seeds-sandwich-slice-bread-loaf",
    "name": "Abbott's Bakery Gluten Free Mixed Seeds Sandwich Slice Bread Loaf 500g",
    "image_url": "https://cdn1.woolworths.media/content/wowproductimages/large/535677.jpg",
    "barcode": "9339423007046",
    "shop": "Woolworths",
    "weight": "100G",
    "prices": {
      "vic": "790",
      "qld": "790",
      "wa": "790",
      "sa": "790",
      "tas": "790"
    }
  },
  {
    "source_url": "https://www.coles.com.au/product/abbott's-bakery-gluten-free-sourdough-grain-and-seeds-500g-4406109",
    "name": "Abbott's Bakery Gluten Free Sourdough Grain And Seeds | 500g",
    "image_url": "https://www.coles.com.au/_next/image?url=https%3A%2F%2Fproductimages.coles.com.au%2Fproductimages%2F4%2F4406109.jpg&w=640&q=90",
    "barcode": "9339423009064",
    "shop": "coles",
    "weight": "500g",
    "prices": {
      "nsw": "168",
      "nsw_price_per_unit": "840",
      "nsw_unit": "g",
      "vic": "168",
      "qld": "168",
      "wa": "168",
      "sa": "168"
    }
  },
  {
    "source_url": "https://www.woolworths.com.au/shop/productdetails/164819/abbott-s-bakery-gluten-free-sourdough-grains-seeds-bread-slice-loaf",
    "name": "Abbott's Bakery Gluten Free Sourdough Grains & Seeds Bread Slice Loaf 500g",
    "image_url": "https://cdn1.woolworths.media/content/wowproductimages/large/164819.jpg",
    "barcode": "9339423009064",
    "shop": "Woolworths",
    "weight": "100G",
    "prices": {
      "vic": "840",
      "qld": "840",
      "wa": "840",
      "sa": "840",
      "tas": "840"
    }
  },
  {
    "source_url": "https://www.coles.com.au/product/abbott's-bakery-gluten-free-soy-and-linseed-bread-500g-2834247",
    "name": "Abbott's Bakery Gluten Free Soy And Linseed Bread | 500g",
    "image_url": "https://www.coles.com.au/_next/image?url=https%3A%2F%2Fproductimages.coles.com.au%2Fproductimages%2F2%2F2834247.jpg&w=640&q=90",
    "barcode": "9339423007053",
    "shop": "coles",
    "weight": "500g",
    "prices": {
      "nsw": "158",
      "nsw_price_per_unit": "790",
      "nsw_unit": "g",
      "vic": "158",
      "qld": "158",
      "wa": "158",
      "sa": "158"
    }
  },
  {
    "source_url": "https://www.woolworths.com.au/shop/productdetails/535646/abbott-s-bakery-gluten-free-soy-linseed-sandwich-slice-bread-loaf",
    "name": "Abbott's Bakery Gluten Free Soy & Linseed Sandwich Slice Bread Loaf 500g",
    "image_url": "https://cdn1.woolworths.media/content/wowproductimages/large/535646.jpg",
    "barcode": "9339423007053",
    "shop": "Woolworths",
    "weight": "100G",
    "prices": {
      "vic": "790",
      "qld": "790",
      "wa": "790",
      "sa": "790",
      "tas": "790"
    }
  },
  {
    "source_url": "https://www.coles.com.au/product/helga's-gluten-free-white-bread-slices-470g-3237913",
    "name": "Helga's Gluten Free White Bread Slices | 470g",
    "image_url": "https://www.coles.com.au/_next/image?url=https%3A%2F%2Fproductimages.coles.com.au%2Fproductimages%2F3%2F3237913.jpg&w=640&q=90",
    "barcode": "9310023143990",
    "shop": "coles",
    "weight": "470g",
    "prices": {
      "nsw": "149",
      "nsw_price_per_unit": "700",
      "nsw_unit": "g",
      "vic": "149",
      "qld": "149",
      "sa": "149"
    }
  },
  {
    "source_url": "https://www.woolworths.com.au/shop/productdetails/688815/helga-s-gluten-free-traditional-white-loaf",
    "name": "Helga's Gluten Free Traditional White Loaf 470g",
    "image_url": "https://cdn1.woolworths.media/content/wowproductimages/large/688815.jpg",
    "barcode": "9310023143990",
    "shop": "Woolworths",
    "weight": "100G",
    "prices": {
      "vic": "780",
      "qld": "780",
      "wa": "780",
      "sa": "780",
      "tas": "780"
    }
  },
  {
    "source_url": "https://www.coles.com.au/product/wonder-gluten-free-white-wholemeal-bread-500g-5749723",
    "name": "Wonder Gluten Free White Wholemeal Bread | 500g",
    "image_url": "https://www.coles.com.au/_next/image?url=https%3A%2F%2Fproductimages.coles.com.au%2Fproductimages%2F5%2F5749723.jpg&w=640&q=90",
    "barcode": "9310023145697",
    "shop": "coles",
    "weight": "500g",
    "prices": {
      "nsw": "140",
      "nsw_price_per_unit": "700",
      "nsw_unit": "g",
      "vic": "140",
      "qld": "140",
      "sa": "140"
    }
  },
  {
    "source_url": "https://www.woolworths.com.au/shop/productdetails/237031/wonder-gluten-free-wholemeal-bread",
    "name": "Wonder Gluten Free Wholemeal Bread 500g",
    "image_url": "https://cdn1.woolworths.media/content/wowproductimages/large/237031.jpg",
    "barcode": "9310023145697",
    "shop": "Woolworths",
    "weight": "100G",
    "prices": {
      "vic": "700",
      "qld": "700",
      "wa": "700",
      "sa": "700",
      "tas": "700"
    }
  },
  {
    "source_url": "https://www.coles.com.au/product/wonder-white-bread-gluten-free-470g-5749712",
    "name": "Wonder White Bread Gluten Free | 470g",
    "image_url": "https://www.coles.com.au/_next/image?url=https%3A%2F%2Fproductimages.coles.com.au%2Fproductimages%2F5%2F5749712.jpg&w=640&q=90",
    "barcode": "9310023145680",
    "shop": "coles",
    "weight": "470g",
    "prices": {
      "nsw": "149",
      "nsw_price_per_unit": "700",
      "nsw_unit": "g",
      "vic": "149",
      "qld": "149",
      "sa": "149"
    }
  },
  {
    "source_url": "https://www.woolworths.com.au/shop/productdetails/236078/wonder-soft-white-gluten-free",
    "name": "Wonder Soft White Gluten Free 470g",
    "image_url": "https://cdn1.woolworths.media/content/wowproductimages/large/236078.jpg",
    "barcode": "9310023145680",
    "shop": "Woolworths",
    "weight": "100G",
    "prices": {
      "vic": "700",
      "qld": "700",
      "wa": "700",
      "sa": "700",
      "tas": "700"
    }
  },
  {
    "source_url": "https://www.coles.com.au/product/burgen-lower-carb-sunflower-and-linseed-bread-660g-4406131",
    "name": "Burgen Lower Carb Sunflower & Linseed Bread | 660g",
    "image_url": "https://www.coles.com.au/_next/image?url=https%3A%2F%2Fproductimages.coles.com.au%2Fproductimages%2F4%2F4406131.jpg&w=640&q=90",
    "barcode": "9339423009200",
    "shop": "coles",
    "weight": "660g",
    "prices": {
      "nsw": "106",
      "nsw_price_per_unit": "700",
      "nsw_unit": "g",
      "vic": "106",
      "qld": "106",
      "sa": "106"
    }
  },
  {
    "source_url": "https://www.woolworths.com.au/shop/productdetails/164022/burgen-lower-carb-high-protein-sunflower-linseed-bread",
    "name": "Burgen Lower Carb High Protein Sunflower & Linseed Bread 660g",
    "image_url": "https://cdn1.woolworths.media/content/wowproductimages/large/164022.jpg",
    "barcode": "9339423009200",
    "shop": "Woolworths",
    "weight": "100G",
    "prices": {
      "sa": "700",
      "tas": "700"
    }
  }
]