[
  {
    "source_url": "https://www.coles.com.au/product/meredith-dairy-marinated-goat-cheese-320g-6671042",
    "name": "Meredith Dairy Marinated Goat Cheese | 320g",
    "image_url": "https://www.coles.com.au/_next/image?url=https%3A%2F%2Fproductimages.coles.com.au%2Fproductimages%2F6%2F6671042.jpg&w=640&q=90",
    "source_id": "Coles - 6671042",
    "barcode": "9317320100039",
    "shop": "coles",
    "weight": "320g",
    "prices": [
      {
        "state": "VIC",
        "price": "4313",
        "price_per_unit": "1380",
        "price_unit": "g"
      },
      {
        "state": "NSW",
        "price": "4313",
        "price_per_unit": "1380",
        "price_unit": "g"
      },
      {
        "state": "QLD",
        "price": "4313",
        "price_per_unit": "1380",
        "price_unit": "g"
      },
      {
        "state": "WA",
        "price": "4313",
        "price_per_unit": "1380",
        "price_unit": "g"
      },
      {
        "state": "SA",
        "price": "4313",
        "price_per_unit": "1380",
        "price_unit": "g"
      },
      {
        "state": "TAS",
        "price": "4313",
        "price_per_unit": "1380",
        "price_unit": "g"
      },
      {
        "state": "ACT",
        "price": "4313",
        "price_per_unit": "1380",
        "price_unit": "g"
      },
      {
        "state": "NT",
        "price": "4313",
        "price_per_unit": "1380",
        "price_unit": "g"
      }
    ]
  },
  {
    "source_url": "https://www.coles.com.au/product/maggie-beer-classic-camembert-180g-8430411",
    "name": "Maggie Beer Classic Camembert | 180g",
    "image_url": "https://www.coles.com.au/_next/image?url=https%3A%2F%2Fproductimages.coles.com.au%2Fproductimages%2F8%2F8430411.jpg&w=640&q=90",
    "source_id": "Coles - 8430411",
    "barcode": null,
    "shop": "coles",
    "weight": "180g",
    "prices": [
      {
        "state": "VIC",
        "price": "5500",
        "price_per_unit": "990",
        "price_unit": "g"
      },
      {
        "state": "QLD",
        "price": "5500",
        "price_per_unit": "990",
        "price_unit": "g"
      },
      {
        "state": "WA",
        "price": "5500",
        "price_per_unit": "990",
        "price_unit": "g"
      },
      {
        "state": "NT",
        "price": "5500",
        "price_per_unit": "990",
        "price_unit": "g"
      }
    ]
  },
  {
    "source_url": "https://www.coles.com.au/product/black-jack-cheddar-spaccato-approx.-200g-2240730",
    "name": "Black Jack Cheddar Spaccato | approx 200g",
    "image_url": "https://www.coles.com.au/_next/image?url=https%3A%2F%2Fproductimages.coles.com.au%2Fproductimages%2F2%2F2240730.jpg&w=640&q=90",
    "source_id": "Coles - 2240730",
    "barcode": "2960860000009",
    "shop": "coles",
    "weight": "200g",
    "prices": [
      {
        "state": "VIC",
        "price": "2000",
        "price_per_unit": "400",
        "price_unit": "g"
      },
      {
        "state": "QLD",
        "price": "2000",
        "price_per_unit": "400",
        "price_unit": "g"
      },
      {
        "state": "NT",
        "price": "2000",
        "price_per_unit": "400",
        "price_unit": "g"
      }
    ]
  },
  {
    "source_url": "https://www.coles.com.au/product/that's-amore-bocconcini-baby-cheese-200g-3935137",
    "name": "That's Amore Bocconcini Baby Cheese | 200g",
    "image_url": "https://www.coles.com.au/_next/image?url=https%3A%2F%2Fproductimages.coles.com.au%2Fproductimages%2F3%2F3935137.jpg&w=640&q=90",
    "source_id": "Coles - 3935137",
    "barcode": "9340606000112",
    "shop": "coles",
    "weight": "200g",
    "prices": [
      {
        "state": "VIC",
        "price": "3250",
        "price_per_unit": "650",
        "price_unit": "g"
      }
    ]
  },
  {
    "source_url": "https://www.coles.com.au/product/coles-finest-tasmanian-goats-cheese-300g-3453330",
    "name": "Coles Finest Tasmanian Goats Cheese | 300g",
    "image_url": "https://www.coles.com.au/_next/image?url=https%3A%2F%2Fproductimages.coles.com.au%2Fproductimages%2F3%2F3453330.jpg&w=640&q=90",
    "source_id": "Coles - 3453330",
    "barcode": "9310645259765",
    "shop": "coles",
    "weight": "300g",
    "prices": [
      {
        "state": "VIC",
        "price": "3833",
        "price_per_unit": "1150",
        "price_unit": "g"
      },
      {
        "state": "NSW",
        "price": "3833",
        "price_per_unit": "1150",
        "price_unit": "g"
      },
      {
        "state": "QLD",
        "price": "3833",
        "price_per_unit": "1150",
        "price_unit": "g"
      },
      {
        "state": "WA",
        "price": "3833",
        "price_per_unit": "1150",
        "price_unit": "g"
      },
      {
        "state": "SA",
        "price": "3833",
        "price_per_unit": "1150",
        "price_unit": "g"
      },
      {
        "state": "TAS",
        "price": "3833",
        "price_per_unit": "1150",
        "price_unit": "g"
      },
      {
        "state": "ACT",
        "price": "3833",
        "price_per_unit": "1150",
        "price_unit": "g"
      },
      {
        "state": "NT",
        "price": "3833",
        "price_per_unit": "1150",
        "price_unit": "g"
      }
    ]
  },
  {
    "source_url": "https://www.coles.com.au/product/that's-amore-mozzarella-buffalo-cheese-125g-3935079",
    "name": "That's Amore Mozzarella Buffalo Cheese | 125g",
    "image_url": "https://www.coles.com.au/_next/image?url=https%3A%2F%2Fproductimages.coles.com.au%2Fproductimages%2F3%2F3935079.jpg&w=640&q=90",
    "source_id": "Coles - 3935079",
    "barcode": "9340606000013",
    "shop": "coles",
    "weight": "125g",
    "prices": [
      {
        "state": "VIC",
        "price": "7200",
        "price_per_unit": "900",
        "price_unit": "g"
      }
    ]
  },
  {
    "source_url": "https://www.coles.com.au/product/sweberg-swiss-cheese-approx.-300g-2240763",
    "name": "Sweberg Swiss Cheese | approx 300g",
    "image_url": "https://www.coles.com.au/_next/image?url=https%3A%2F%2Fproductimages.coles.com.au%2Fproductimages%2F2%2F2240763.jpg&w=640&q=90",
    "source_id": "Coles - 2240763",
    "barcode": "2953130000007",
    "shop": "coles",
    "weight": "300g",
    "prices": [
      {
        "state": "VIC",
        "price": "2600",
        "price_per_unit": "780",
        "price_unit": "g"
      },
      {
        "state": "QLD",
        "price": "2600",
        "price_per_unit": "780",
        "price_unit": "g"
      },
      {
        "state": "WA",
        "price": "2600",
        "price_per_unit": "780",
        "price_unit": "g"
      },
      {
        "state": "SA",
        "price": "2600",
        "price_per_unit": "780",
        "price_unit": "g"
      },
      {
        "state": "NT",
        "price": "2600",
        "price_per_unit": "780",
        "price_unit": "g"
      }
    ]
  },
  {
    "source_url": "https://www.coles.com.au/product/coles-finest-gorgonzola-dolce-dop-200g-3636792",
    "name": "Coles Finest Gorgonzola Dolce DOP | 200g",
    "image_url": "https://www.coles.com.au/_next/image?url=https%3A%2F%2Fproductimages.coles.com.au%2Fproductimages%2F3%2F3636792.jpg&w=640&q=90",
    "source_id": "Coles - 3636792",
    "barcode": "9310645277356",
    "shop": "coles",
    "weight": "200g",
    "prices": [
      {
        "state": "VIC",
        "price": "3375",
        "price_per_unit": "675",
        "price_unit": "g"
      }
    ]
  },
  {
    "source_url": "https://www.coles.com.au/product/udder-delights-double-cream-brie-200g-3054560",
    "name": "Udder Delights Double Cream Brie | 200g",
    "image_url": "https://www.coles.com.au/_next/image?url=https%3A%2F%2Fproductimages.coles.com.au%2Fproductimages%2F3%2F3054560.jpg&w=640&q=90",
    "source_id": "Coles - 3054560",
    "barcode": "9339929000169",
    "shop": "coles",
    "weight": "200g",
    "prices": [
      {
        "state": "VIC",
        "price": "4725",
        "price_per_unit": "945",
        "price_unit": "g"
      },
      {
        "state": "NSW",
        "price": "4725",
        "price_per_unit": "945",
        "price_unit": "g"
      },
      {
        "state": "QLD",
        "price": "4725",
        "price_per_unit": "945",
        "price_unit": "g"
      },
      {
        "state": "WA",
        "price": "4725",
        "price_per_unit": "945",
        "price_unit": "g"
      },
      {
        "state": "SA",
        "price": "4725",
        "price_per_unit": "945",
        "price_unit": "g"
      },
      {
        "state": "TAS",
        "price": "4725",
        "price_per_unit": "945",
        "price_unit": "g"
      },
      {
        "state": "ACT",
        "price": "4725",
        "price_per_unit": "945",
        "price_unit": "g"
      },
      {
        "state": "NT",
        "price": "4725",
        "price_per_unit": "945",
        "price_unit": "g"
      }
    ]
  },
  {
    "source_url": "https://www.coles.com.au/product/yarra-valley-cheese-double-brie-200g-6435899",
    "name": "Yarra Valley Cheese Double Brie | 200g",
    "image_url": "https://www.coles.com.au/_next/image?url=https%3A%2F%2Fproductimages.coles.com.au%2Fproductimages%2F6%2F6435899.jpg&w=640&q=90",
    "source_id": "Coles - 6435899",
    "barcode": "9326105000280",
    "shop": "coles",
    "weight": "200g",
    "prices": [
      {
        "state": "VIC",
        "price": "4950",
        "price_per_unit": "990",
        "price_unit": "g"
      }
    ]
  },
  {
    "source_url": "https://www.coles.com.au/product/yarra-valley-cheese-camembert-200g-6435684",
    "name": "Yarra Valley Cheese Camembert | 200g",
    "image_url": "https://www.coles.com.au/_next/image?url=https%3A%2F%2Fproductimages.coles.com.au%2Fproductimages%2F6%2F6435684.jpg&w=640&q=90",
    "source_id": "Coles - 6435684",
    "barcode": "9326105000273",
    "shop": "coles",
    "weight": "200g",
    "prices": [
      {
        "state": "VIC",
        "price": "4950",
        "price_per_unit": "990",
        "price_unit": "g"
      }
    ]
  },
  {
    "source_url": "https://www.coles.com.au/product/that's-amore-gourmet-mozzarella-cheese-275g-5350575",
    "name": "That's Amore Gourmet Mozzarella Cheese | 275g",
    "image_url": "https://www.coles.com.au/_next/image?url=https%3A%2F%2Fproductimages.coles.com.au%2Fproductimages%2F5%2F5350575.jpg&w=640&q=90",
    "source_id": "Coles - 5350575",
    "barcode": "9340606000167",
    "shop": "coles",
    "weight": "275g",
    "prices": [
      {
        "state": "VIC",
        "price": "2909",
        "price_per_unit": "800",
        "price_unit": "g"
      }
    ]
  },
  {
    "source_url": "https://www.coles.com.au/product/yarra-valley-goats-cheese-120g-2244582",
    "name": "Yarra Valley Goats Cheese | 120g",
    "image_url": "https://www.coles.com.au/_next/image?url=https%3A%2F%2Fproductimages.coles.com.au%2Fproductimages%2F2%2F2244582.jpg&w=640&q=90",
    "source_id": "Coles - 2244582",
    "barcode": "9326105001089",
    "shop": "coles",
    "weight": "120g",
    "prices": [
      {
        "state": "VIC",
        "price": "7500",
        "price_per_unit": "900",
        "price_unit": "g"
      },
      {
        "state": "NSW",
        "price": "7500",
        "price_per_unit": "900",
        "price_unit": "g"
      },
      {
        "state": "QLD",
        "price": "7500",
        "price_per_unit": "900",
        "price_unit": "g"
      },
      {
        "state": "WA",
        "price": "7500",
        "price_per_unit": "900",
        "price_unit": "g"
      },
      {
        "state": "SA",
        "price": "7500",
        "price_per_unit": "900",
        "price_unit": "g"
      },
      {
        "state": "ACT",
        "price": "7500",
        "price_per_unit": "900",
        "price_unit": "g"
      },
      {
        "state": "NT",
        "price": "7500",
        "price_per_unit": "900",
        "price_unit": "g"
      }
    ]
  },
  {
    "source_url": "https://www.coles.com.au/product/that's-amore-bocconcini-cheese-200g-3935115",
    "name": "That's Amore Bocconcini Cheese | 200g",
    "image_url": "https://www.coles.com.au/_next/image?url=https%3A%2F%2Fproductimages.coles.com.au%2Fproductimages%2F3%2F3935115.jpg&w=640&q=90",
    "source_id": "Coles - 3935115",
    "barcode": "9340606000099",
    "shop": "coles",
    "weight": "200g",
    "prices": [
      {
        "state": "VIC",
        "price": "3250",
        "price_per_unit": "650",
        "price_unit": "g"
      }
    ]
  },
  {
    "source_url": "https://www.coles.com.au/product/that's-amore-smoked-bocconcini-200g-6572620",
    "name": "That's Amore Smoked Bocconcini | 200g",
    "image_url": "https://www.coles.com.au/_next/image?url=https%3A%2F%2Fproductimages.coles.com.au%2Fproductimages%2F6%2F6572620.jpg&w=640&q=90",
    "source_id": "Coles - 6572620",
    "barcode": "9340606000426",
    "shop": "coles",
    "weight": "200g",
    "prices": [
      {
        "state": "VIC",
        "price": "4000",
        "price_per_unit": "800",
        "price_unit": "g"
      }
    ]
  },
  {
    "source_url": "https://www.coles.com.au/product/delre-dutch-smoked-cheese-approx.-250g-6120912",
    "name": "Delre Dutch Smoked Cheese | approx 250g",
    "image_url": "https://www.coles.com.au/_next/image?url=https%3A%2F%2Fproductimages.coles.com.au%2Fproductimages%2F6%2F6120912.jpg&w=640&q=90",
    "source_id": "Coles - 6120912",
    "barcode": "2985740000009",
    "shop": "coles",
    "weight": "250g",
    "prices": [
      {
        "state": "VIC",
        "price": "4500",
        "price_per_unit": "1125",
        "price_unit": "g"
      },
      {
        "state": "NSW",
        "price": "4500",
        "price_per_unit": "1125",
        "price_unit": "g"
      },
      {
        "state": "QLD",
        "price": "4500",
        "price_per_unit": "1125",
        "price_unit": "g"
      },
      {
        "state": "WA",
        "price": "4500",
        "price_per_unit": "1125",
        "price_unit": "g"
      },
      {
        "state": "SA",
        "price": "4500",
        "price_per_unit": "1125",
        "price_unit": "g"
      },
      {
        "state": "ACT",
        "price": "4500",
        "price_per_unit": "1125",
        "price_unit": "g"
      },
      {
        "state": "NT",
        "price": "4500",
        "price_per_unit": "1125",
        "price_unit": "g"
      }
    ]
  },
  {
    "source_url": "https://www.coles.com.au/product/fromager-d'affiniois-petite-d'affinois-150g-3709150",
    "name": "Fromager D'Affiniois Petite D'Affinois | 150g",
    "image_url": "https://www.coles.com.au/_next/image?url=https%3A%2F%2Fproductimages.coles.com.au%2Fproductimages%2F3%2F3709150.jpg&w=640&q=90",
    "source_id": "Coles - 3709150",
    "barcode": "3307905229084",
    "shop": "coles",
    "weight": "150g",
    "prices": [
      {
        "state": "VIC",
        "price": "8334",
        "price_per_unit": "1250",
        "price_unit": "g"
      },
      {
        "state": "QLD",
        "price": null,
        "price_per_unit": null,
        "price_unit": "g"
      },
      {
        "state": "WA",
        "price": null,
        "price_per_unit": null,
        "price_unit": "g"
      },
      {
        "state": "NT",
        "price": null,
        "price_per_unit": null,
        "price_unit": "g"
      }
    ]
  },
  {
    "source_url": "https://www.coles.com.au/product/maggie-beer-extra-creamy-brie-180g-8430400",
    "name": "Maggie Beer Extra Creamy Brie | 180g",
    "image_url": "https://www.coles.com.au/_next/image?url=https%3A%2F%2Fproductimages.coles.com.au%2Fproductimages%2F8%2F8430400.jpg&w=640&q=90",
    "source_id": "Coles - 8430400",
    "barcode": null,
    "shop": "coles",
    "weight": "180g",
    "prices": [
      {
        "state": "VIC",
        "price": "5500",
        "price_per_unit": "990",
        "price_unit": "g"
      },
      {
        "state": "QLD",
        "price": "5500",
        "price_per_unit": "990",
        "price_unit": "g"
      },
      {
        "state": "WA",
        "price": "5500",
        "price_per_unit": "990",
        "price_unit": "g"
      },
      {
        "state": "NT",
        "price": "5500",
        "price_per_unit": "990",
        "price_unit": "g"
      }
    ]
  },
  {
    "source_url": "https://www.coles.com.au/product/chotto-motto-crispy-chilli-oil-200g-7524269",
    "name": "Chotto Motto Crispy Chilli Oil | 200g",
    "image_url": "https://www.coles.com.au/_next/image?url=https%3A%2F%2Fproductimages.coles.com.au%2Fproductimages%2F7%2F7524269.jpg&w=640&q=90",
    "source_id": "Coles - 7524269",
    "barcode": null,
    "shop": "coles",
    "weight": "200g",
    "prices": [
      {
        "state": "VIC",
        "price": "925",
        "price_per_unit": "1850",
        "price_unit": "g"
      }
    ]
  },
  {
    "source_url": "https://www.coles.com.au/product/that's-amore-mini-burrata-120g-6572608",
    "name": "That's Amore Mini Burrata | 120g",
    "image_url": "https://www.coles.com.au/_next/image?url=https%3A%2F%2Fproductimages.coles.com.au%2Fproductimages%2F6%2F6572608.jpg&w=640&q=90",
    "source_id": "Coles - 6572608",
    "barcode": "9340606002352",
    "shop": "coles",
    "weight": "120g",
    "prices": [
      {
        "state": "VIC",
        "price": "7500",
        "price_per_unit": "900",
        "price_unit": "g"
      }
    ]
  },
  {
    "source_url": "https://www.coles.com.au/product/udder-delights-camembert-200g-3054549",
    "name": "Udder Delights Camembert | 200g",
    "image_url": "https://www.coles.com.au/_next/image?url=https%3A%2F%2Fproductimages.coles.com.au%2Fproductimages%2F3%2F3054549.jpg&w=640&q=90",
    "source_id": "Coles - 3054549",
    "barcode": "9339929000107",
    "shop": "coles",
    "weight": "200g",
    "prices": [
      {
        "state": "VIC",
        "price": "4725",
        "price_per_unit": "945",
        "price_unit": "g"
      },
      {
        "state": "NSW",
        "price": "4725",
        "price_per_unit": "945",
        "price_unit": "g"
      },
      {
        "state": "QLD",
        "price": "4725",
        "price_per_unit": "945",
        "price_unit": "g"
      },
      {
        "state": "WA",
        "price": "4725",
        "price_per_unit": "945",
        "price_unit": "g"
      },
      {
        "state": "SA",
        "price": "4725",
        "price_per_unit": "945",
        "price_unit": "g"
      },
      {
        "state": "TAS",
        "price": "4725",
        "price_per_unit": "945",
        "price_unit": "g"
      },
      {
        "state": "ACT",
        "price": "4725",
        "price_per_unit": "945",
        "price_unit": "g"
      },
      {
        "state": "NT",
        "price": "4725",
        "price_per_unit": "945",
        "price_unit": "g"
      }
    ]
  },
  {
    "source_url": "https://www.coles.com.au/product/pyengana-traditional-cheddar-150g-8428114",
    "name": "Pyengana Traditional Cheddar | 150g",
    "image_url": "N/A",
    "source_id": "Coles - 8428114",
    "barcode": null,
    "shop": "coles",
    "weight": "150g",
    "prices": [
      {
        "state": "VIC",
        "price": "8334",
        "price_per_unit": "1250",
        "price_unit": "g"
      },
      {
        "state": "NSW",
        "price": "8334",
        "price_per_unit": "1250",
        "price_unit": "g"
      },
      {
        "state": "TAS",
        "price": "8334",
        "price_per_unit": "1250",
        "price_unit": "g"
      },
      {
        "state": "ACT",
        "price": "8334",
        "price_per_unit": "1250",
        "price_unit": "g"
      }
    ]
  },
  {
    "source_url": "https://www.coles.com.au/product/that's-amore-buffalo-bocconcini-150g-6572583",
    "name": "That's Amore Buffalo Bocconcini | 150g",
    "image_url": "https://www.coles.com.au/_next/image?url=https%3A%2F%2Fproductimages.coles.com.au%2Fproductimages%2F6%2F6572583.jpg&w=640&q=90",
    "source_id": "Coles - 6572583",
    "barcode": "9340606000136",
    "shop": "coles",
    "weight": "150g",
    "prices": [
      {
        "state": "VIC",
        "price": "5400",
        "price_per_unit": "810",
        "price_unit": "g"
      }
    ]
  },
  {
    "source_url": "https://www.coles.com.au/product/that's-amore-fior-di-latte-cheese-125g-3935090",
    "name": "That's Amore Fior Di Latte Cheese | 125g",
    "image_url": "https://www.coles.com.au/_next/image?url=https%3A%2F%2Fproductimages.coles.com.au%2Fproductimages%2F3%2F3935090.jpg&w=640&q=90",
    "source_id": "Coles - 3935090",
    "barcode": "9340606000037",
    "shop": "coles",
    "weight": "125g",
    "prices": [
      {
        "state": "VIC",
        "price": "5200",
        "price_per_unit": "650",
        "price_unit": "g"
      }
    ]
  },
  {
    "source_url": "https://www.coles.com.au/product/yarra-valley-salted-honey-cow-cheese-120g-3052973",
    "name": "Yarra Valley Salted Honey Cow Cheese | 120g",
    "image_url": "https://www.coles.com.au/_next/image?url=https%3A%2F%2Fproductimages.coles.com.au%2Fproductimages%2F3%2F3052973.jpg&w=640&q=90",
    "source_id": "Coles - 3052973",
    "barcode": "9326105000082",
    "shop": "coles",
    "weight": "120g",
    "prices": [
      {
        "state": "VIC",
        "price": "5167",
        "price_per_unit": "620",
        "price_unit": "g"
      }
    ]
  },
  {
    "source_url": "https://www.coles.com.au/product/udder-delights-smoked-brie-180g-6372019",
    "name": "Udder Delights Smoked Brie | 180g",
    "image_url": "https://www.coles.com.au/_next/image?url=https%3A%2F%2Fproductimages.coles.com.au%2Fproductimages%2F6%2F6372019.jpg&w=640&q=90",
    "source_id": "Coles - 6372019",
    "barcode": "9339929001777",
    "shop": "coles",
    "weight": "180g",
    "prices": [
      {
        "state": "VIC",
        "price": "5250",
        "price_per_unit": "945",
        "price_unit": "g"
      },
      {
        "state": "QLD",
        "price": "5250",
        "price_per_unit": "945",
        "price_unit": "g"
      },
      {
        "state": "WA",
        "price": "5250",
        "price_per_unit": "945",
        "price_unit": "g"
      },
      {
        "state": "NT",
        "price": "5250",
        "price_per_unit": "945",
        "price_unit": "g"
      }
    ]
  },
  {
    "source_url": "https://www.coles.com.au/product/germain-le-pico-100g-6519853",
    "name": "Germain Le Pico | 100g",
    "image_url": "https://www.coles.com.au/_next/image?url=https%3A%2F%2Fproductimages.coles.com.au%2Fproductimages%2F6%2F6519853.jpg&w=640&q=90",
    "source_id": "Coles - 6519853",
    "barcode": "3305510065837",
    "shop": "coles",
    "weight": "100g",
    "prices": [
      {
        "state": "VIC",
        "price": "9900",
        "price_per_unit": "990",
        "price_unit": "g"
      }
    ]
  },
  {
    "source_url": "https://www.coles.com.au/product/coles-finest-reggiano-dop-200g-4395749",
    "name": "Coles Finest Reggiano Dop | 200g",
    "image_url": "https://www.coles.com.au/_next/image?url=https%3A%2F%2Fproductimages.coles.com.au%2Fproductimages%2F4%2F4395749.jpg&w=640&q=90",
    "source_id": "Coles - 4395749",
    "barcode": "9310645348070",
    "shop": "coles",
    "weight": "200g",
    "prices": [
      {
        "state": "VIC",
        "price": "7000",
        "price_per_unit": "1400",
        "price_unit": "g"
      }
    ]
  },
  {
    "source_url": "https://www.coles.com.au/product/mcco-truffle-infused-goats-cheese-280g-6521040",
    "name": "MCCO Truffle Infused Goats Cheese | 280g",
    "image_url": "https://www.coles.com.au/_next/image?url=https%3A%2F%2Fproductimages.coles.com.au%2Fproductimages%2F6%2F6521040.jpg&w=640&q=90",
    "source_id": "Coles - 6521040",
    "barcode": "9322515038158",
    "shop": "coles",
    "weight": "280g",
    "prices": [
      {
        "state": "VIC",
        "price": "3571",
        "price_per_unit": "1000",
        "price_unit": "g"
      },
      {
        "state": "NSW",
        "price": "3571",
        "price_per_unit": "1000",
        "price_unit": "g"
      },
      {
        "state": "QLD",
        "price": "3571",
        "price_per_unit": "1000",
        "price_unit": "g"
      },
      {
        "state": "ACT",
        "price": "3571",
        "price_per_unit": "1000",
        "price_unit": "g"
      },
      {
        "state": "NT",
        "price": "3571",
        "price_per_unit": "1000",
        "price_unit": "g"
      }
    ]
  },
  {
    "source_url": "https://www.coles.com.au/product/chotto-motto-japanese-curry-chicken-salt-90g-8129485",
    "name": "Chotto Motto Japanese Curry Chicken Salt | 90g",
    "image_url": "https://www.coles.com.au/_next/image?url=https%3A%2F%2Fproductimages.coles.com.au%2Fproductimages%2F8%2F8129485.jpg&w=640&q=90",
    "source_id": "Coles - 8129485",
    "barcode": null,
    "shop": "coles",
    "weight": "90g",
    "prices": [
      {
        "state": "VIC",
        "price": "1556",
        "price_per_unit": "1400",
        "price_unit": "g"
      }
    ]
  },
  {
    "source_url": "https://www.coles.com.au/product/aphrodite-barrel-aged-feta-portion-170g-3628568",
    "name": "Aphrodite Barrel Aged Feta Portion | 170g",
    "image_url": "https://www.coles.com.au/_next/image?url=https%3A%2F%2Fproductimages.coles.com.au%2Fproductimages%2F3%2F3628568.jpg&w=640&q=90",
    "source_id": "Coles - 3628568",
    "barcode": "9341512000142",
    "shop": "coles",
    "weight": "170g",
    "prices": [
      {
        "state": "VIC",
        "price": "8529",
        "price_per_unit": "1450",
        "price_unit": "g"
      },
      {
        "state": "QLD",
        "price": "8529",
        "price_per_unit": "1450",
        "price_unit": "g"
      },
      {
        "state": "NT",
        "price": "8959",
        "price_per_unit": "1523",
        "price_unit": "g"
      }
    ]
  },
  {
    "source_url": "https://www.coles.com.au/product/port-salut-depuis-150g-5362869",
    "name": "Port Salut Depuis | 150g",
    "image_url": "https://www.coles.com.au/_next/image?url=https%3A%2F%2Fproductimages.coles.com.au%2Fproductimages%2F5%2F5362869.jpg&w=640&q=90",
    "source_id": "Coles - 5362869",
    "barcode": "3073780872331",
    "shop": "coles",
    "weight": "150g",
    "prices": [
      {
        "state": "VIC",
        "price": "3667",
        "price_per_unit": "550",
        "price_unit": "g"
      }
    ]
  },
  {
    "source_url": "https://www.coles.com.au/product/aphrodite-haloumi-by-will-studd-approx.-100g-2239436",
    "name": "Aphrodite Haloumi By Will Studd | approx 100g",
    "image_url": "https://www.coles.com.au/_next/image?url=https%3A%2F%2Fproductimages.coles.com.au%2Fproductimages%2F2%2F2239436.jpg&w=640&q=90",
    "source_id": "Coles - 2239436",
    "barcode": "9315124002382",
    "shop": "coles",
    "weight": "100g",
    "prices": [
      {
        "state": "VIC",
        "price": "6300",
        "price_per_unit": "630",
        "price_unit": "g"
      },
      {
        "state": "NSW",
        "price": null,
        "price_per_unit": null,
        "price_unit": "g"
      },
      {
        "state": "QLD",
        "price": "6300",
        "price_per_unit": "630",
        "price_unit": "g"
      },
      {
        "state": "ACT",
        "price": "6300",
        "price_per_unit": "630",
        "price_unit": "g"
      },
      {
        "state": "NT",
        "price": "6300",
        "price_per_unit": "630",
        "price_unit": "g"
      }
    ]
  },
  {
    "source_url": "https://www.coles.com.au/product/la-casa-del-formaggio-haloumi-approx.-350g-8555494",
    "name": "La Casa Del Formaggio Haloumi | approx 350g",
    "image_url": "N/A",
    "source_id": "Coles - 8555494",
    "barcode": "9310645228884",
    "shop": "coles",
    "weight": "350g",
    "prices": [
      {
        "state": "VIC",
        "price": "1800",
        "price_per_unit": "630",
        "price_unit": "g"
      },
      {
        "state": "QLD",
        "price": "1800",
        "price_per_unit": "630",
        "price_unit": "g"
      },
      {
        "state": "NT",
        "price": "1800",
        "price_per_unit": "630",
        "price_unit": "g"
      }
    ]
  },
  {
    "source_url": "https://www.coles.com.au/product/jacquin-buchette-goat-cheese-with-garlic-and-herbs-100g-5414000",
    "name": "Jacquin Buchette Goat Cheese With Garlic & Herbs | 100g",
    "image_url": "https://www.coles.com.au/_next/image?url=https%3A%2F%2Fproductimages.coles.com.au%2Fproductimages%2F5%2F5414000.jpg&w=640&q=90",
    "source_id": "Coles - 5414000",
    "barcode": "3369640040423",
    "shop": "coles",
    "weight": "100g",
    "prices": [
      {
        "state": "VIC",
        "price": "7500",
        "price_per_unit": "750",
        "price_unit": "g"
      }
    ]
  },
  {
    "source_url": "https://www.coles.com.au/product/fromager-d-affinois-plain-cut-and-wrap-approx.-100g-8969500",
    "name": "Fromager D Affinois Plain Cut & Wrap | approx 100g",
    "image_url": "https://www.coles.com.au/_next/image?url=https%3A%2F%2Fproductimages.coles.com.au%2Fproductimages%2F8%2F8969500.jpg&w=640&q=90",
    "source_id": "Coles - 8969500",
    "barcode": null,
    "shop": "coles",
    "weight": "100g",
    "prices": [
      {
        "state": "VIC",
        "price": "8500",
        "price_per_unit": "850",
        "price_unit": "g"
      }
    ]
  },
  {
    "source_url": "https://www.coles.com.au/product/papillon-roquefort-100g-6524570",
    "name": "Papillon Roquefort | 100g",
    "image_url": "https://www.coles.com.au/_next/image?url=https%3A%2F%2Fproductimages.coles.com.au%2Fproductimages%2F6%2F6524570.jpg&w=640&q=90",
    "source_id": "Coles - 6524570",
    "barcode": "3177890001008",
    "shop": "coles",
    "weight": "100g",
    "prices": [
      {
        "state": "VIC",
        "price": "8700",
        "price_per_unit": "870",
        "price_unit": "g"
      }
    ]
  },
  {
    "source_url": "https://www.coles.com.au/product/meredith-dairy-chevre-ash-150g-6670979",
    "name": "Meredith Dairy Chevre Ash | 150g",
    "image_url": "https://www.coles.com.au/_next/image?url=https%3A%2F%2Fproductimages.coles.com.au%2Fproductimages%2F6%2F6670979.jpg&w=640&q=90",
    "source_id": "Coles - 6670979",
    "barcode": "9317320101517",
    "shop": "coles",
    "weight": "150g",
    "prices": [
      {
        "state": "VIC",
        "price": "6267",
        "price_per_unit": "940",
        "price_unit": "g"
      }
    ]
  },
  {
    "source_url": "https://www.coles.com.au/product/meredith-dairy-chevre-dill-150g-6671009",
    "name": "Meredith Dairy Chevre Dill | 150g",
    "image_url": "N/A",
    "source_id": "Coles - 6671009",
    "barcode": "9317320101524",
    "shop": "coles",
    "weight": "150g",
    "prices": [
      {
        "state": "VIC",
        "price": "6267",
        "price_per_unit": "940",
        "price_unit": "g"
      }
    ]
  },
  {
    "source_url": "https://www.coles.com.au/product/udder-delights-ash-brie-200g-3631370",
    "name": "Udder Delights Ash Brie | 200g",
    "image_url": "https://www.coles.com.au/_next/image?url=https%3A%2F%2Fproductimages.coles.com.au%2Fproductimages%2F3%2F3631370.jpg&w=640&q=90",
    "source_id": "Coles - 3631370",
    "barcode": "9339929001265",
    "shop": "coles",
    "weight": "200g",
    "prices": [
      {
        "state": "VIC",
        "price": "4950",
        "price_per_unit": "990",
        "price_unit": "g"
      }
    ]
  },
  {
    "source_url": "https://www.coles.com.au/product/udder-delights-truffle-brie-180g-4379935",
    "name": "Udder Delights Truffle Brie | 180g",
    "image_url": "https://www.coles.com.au/_next/image?url=https%3A%2F%2Fproductimages.coles.com.au%2Fproductimages%2F4%2F4379935.jpg&w=640&q=90",
    "source_id": "Coles - 4379935",
    "barcode": "9339929001463",
    "shop": "coles",
    "weight": "180g",
    "prices": [
      {
        "state": "VIC",
        "price": "5500",
        "price_per_unit": "990",
        "price_unit": "g"
      }
    ]
  },
  {
    "source_url": "https://www.coles.com.au/product/coles-finest-pinna-pecorino-romano-portion-200g-6520397",
    "name": "Coles Finest Pinna Pecorino Romano Portion | 200g",
    "image_url": "https://www.coles.com.au/_next/image?url=https%3A%2F%2Fproductimages.coles.com.au%2Fproductimages%2F6%2F6520397.jpg&w=640&q=90",
    "source_id": "Coles - 6520397",
    "barcode": "9310645418803",
    "shop": "coles",
    "weight": "200g",
    "prices": [
      {
        "state": "VIC",
        "price": "5500",
        "price_per_unit": "1100",
        "price_unit": "g"
      }
    ]
  },
  {
    "source_url": "https://www.coles.com.au/product/coles-finest-grana-padano-dop-200g-4395647",
    "name": "Coles Finest Grana Padano DOP | 200g",
    "image_url": "https://www.coles.com.au/_next/image?url=https%3A%2F%2Fproductimages.coles.com.au%2Fproductimages%2F4%2F4395647.jpg&w=640&q=90",
    "source_id": "Coles - 4395647",
    "barcode": "9310645348063",
    "shop": "coles",
    "weight": "200g",
    "prices": [
      {
        "state": "VIC",
        "price": "5750",
        "price_per_unit": "1150",
        "price_unit": "g"
      }
    ]
  },
  {
    "source_url": "https://www.coles.com.au/product/bio-dynamic-triple-cream-camembert-280g-3635701",
    "name": "Bio-Dynamic Triple Cream Camembert | 280g",
    "image_url": "https://www.coles.com.au/_next/image?url=https%3A%2F%2Fproductimages.coles.com.au%2Fproductimages%2F3%2F3635701.jpg&w=640&q=90",
    "source_id": "Coles - 3635701",
    "barcode": "9316086001703",
    "shop": "coles",
    "weight": "280g",
    "prices": [
      {
        "state": "VIC",
        "price": "4214",
        "price_per_unit": "1180",
        "price_unit": "g"
      }
    ]
  },
  {
    "source_url": "https://www.coles.com.au/product/aphrodite-kefalotyri-170g-5362891",
    "name": "Aphrodite Kefalotyri | 170g",
    "image_url": "https://www.coles.com.au/_next/image?url=https%3A%2F%2Fproductimages.coles.com.au%2Fproductimages%2F5%2F5362891.jpg&w=640&q=90",
    "source_id": "Coles - 5362891",
    "barcode": "9341512000388",
    "shop": "coles",
    "weight": "170g",
    "prices": [
      {
        "state": "VIC",
        "price": "8529",
        "price_per_unit": "1450",
        "price_unit": "g"
      }
    ]
  },
  {
    "source_url": "https://www.coles.com.au/product/pepsi-max-no-sugar-cola-soft-drink-mini-cans-multipack-275ml-x-6-pack-6-pack-6476794",
    "name": "Pepsi Max No Sugar Cola Soft Drink Mini Cans Multipack 275m ... 6 pack",
    "image_url": "https://www.coles.com.au/_next/image?url=https%3A%2F%2Fproductimages.coles.com.au%2Fproductimages%2F6%2F6476794.jpg&w=640&q=90",
    "source_id": "Coles - 6476794",
    "barcode": "9313820002767",
    "shop": "coles",
    "weight": "6pack",
    "prices": [
      {
        "state": "VIC",
        "price": "355",
        "price_per_unit": "585",
        "price_unit": "pack"
      },
      {
        "state": "QLD",
        "price": "355",
        "price_per_unit": "585",
        "price_unit": "pack"
      },
      {
        "state": "WA",
        "price": "355",
        "price_per_unit": "585",
        "price_unit": "pack"
      }
    ]
  },
  {
    "source_url": "https://www.coles.com.au/product/pepsi-cola-soft-drink-mini-cans-multipack-275ml-x-6-pack-6-pack-6476808",
    "name": "Pepsi Cola Soft Drink Mini Cans Multipack 275mL X 6 Pack | 6 pack",
    "image_url": "https://www.coles.com.au/_next/image?url=https%3A%2F%2Fproductimages.coles.com.au%2Fproductimages%2F6%2F6476808.jpg&w=640&q=90",
    "source_id": "Coles - 6476808",
    "barcode": "9313820002743",
    "shop": "coles",
    "weight": "6pack",
    "prices": [
      {
        "state": "VIC",
        "price": "355",
        "price_per_unit": "585",
        "price_unit": "pack"
      },
      {
        "state": "QLD",
        "price": "355",
        "price_per_unit": "585",
        "price_unit": "pack"
      },
      {
        "state": "WA",
        "price": "355",
        "price_per_unit": "585",
        "price_unit": "pack"
      }
    ]
  },
  {
    "source_url": "https://www.coles.com.au/product/solo-zero-sugar-original-lemon-soft-drink-cans-multipack-375ml-x-24-pack-24-pack-4405387",
    "name": "Solo Zero Sugar Original Lemon Soft Drink Cans Multipack 375 ... 24 pack",
    "image_url": "https://www.coles.com.au/_next/image?url=https%3A%2F%2Fproductimages.coles.com.au%2Fproductimages%2F4%2F4405387.jpg&w=640&q=90",
    "source_id": "Coles - 4405387",
    "barcode": "9315596007809",
    "shop": "coles",
    "weight": "24pack",
    "prices": [
      {
        "state": "VIC",
        "price": "222",
        "price_per_unit": "2000",
        "price_unit": "pack"
      }
    ]
  },
  {
    "source_url": "https://www.coles.com.au/product/mainland-cracker-cuts-tasty-cheese-slices-120gram-8970339",
    "name": "Mainland Cracker Cuts Tasty Cheese Slices | 120GRAM",
    "image_url": "https://www.coles.com.au/_next/image?url=https%3A%2F%2Fproductimages.coles.com.au%2Fproductimages%2F8%2F8970339.jpg&w=640&q=90",
    "source_id": "Coles - 8970339",
    "barcode": null,
    "shop": "coles",
    "weight": "120gram",
    "prices": [
      {
        "state": "VIC",
        "price": "500",
        "price_per_unit": "600",
        "price_unit": "gram"
      }
    ]
  },
  {
    "source_url": "https://www.coles.com.au/product/jarlsberg-regular-cheese-slicedshaved-approx.-100g-each-6834125",
    "name": "Jarlsberg Regular Cheese Sliced/Shaved | approx 100g",
    "image_url": "https://www.coles.com.au/_next/image?url=https%3A%2F%2Fproductimages.coles.com.au%2Fproductimages%2F6%2F6834125.jpg&w=640&q=90",
    "source_id": "Coles - 6834125",
    "barcode": "9310645225449",
    "shop": "coles",
    "weight": "100geach",
    "prices": [
      {
        "state": "NSW",
        "price": "3400",
        "price_per_unit": "340",
        "price_unit": "each"
      },
      {
        "state": "QLD",
        "price": "3400",
        "price_per_unit": "340",
        "price_unit": "each"
      },
      {
        "state": "WA",
        "price": "3400",
        "price_per_unit": "340",
        "price_unit": "each"
      },
      {
        "state": "SA",
        "price": "3400",
        "price_per_unit": "340",
        "price_unit": "each"
      },
      {
        "state": "TAS",
        "price": "3400",
        "price_per_unit": "340",
        "price_unit": "each"
      },
      {
        "state": "ACT",
        "price": "3400",
        "price_per_unit": "340",
        "price_unit": "each"
      },
      {
        "state": "NT",
        "price": "3400",
        "price_per_unit": "340",
        "price_unit": "each"
      }
    ]
  },
  {
    "source_url": "https://www.coles.com.au/product/fromager-d'affinois-approx.-200g-6671315",
    "name": "Fromager D'affinois | approx 200g",
    "image_url": "https://www.coles.com.au/_next/image?url=https%3A%2F%2Fproductimages.coles.com.au%2Fproductimages%2F6%2F6671315.jpg&w=640&q=90",
    "source_id": "Coles - 6671315",
    "barcode": null,
    "shop": "coles",
    "weight": "200g",
    "prices": [
      {
        "state": "NSW",
        "price": "8500",
        "price_per_unit": "1700",
        "price_unit": "g"
      },
      {
        "state": "QLD",
        "price": "8500",
        "price_per_unit": "1700",
        "price_unit": "g"
      },
      {
        "state": "WA",
        "price": "8500",
        "price_per_unit": "1700",
        "price_unit": "g"
      },
      {
        "state": "SA",
        "price": "8500",
        "price_per_unit": "1700",
        "price_unit": "g"
      },
      {
        "state": "TAS",
        "price": "8500",
        "price_per_unit": "1700",
        "price_unit": "g"
      },
      {
        "state": "ACT",
        "price": "8500",
        "price_per_unit": "1700",
        "price_unit": "g"
      },
      {
        "state": "NT",
        "price": "8500",
        "price_per_unit": "1700",
        "price_unit": "g"
      }
    ]
  },
  {
    "source_url": "https://www.coles.com.au/product/la-casa-del-formaggio-reduced-fat-ricotta-approx.-100g-3218409",
    "name": "La Casa Del Formaggio Reduced Fat Ricotta | approx 100g",
    "image_url": "https://www.coles.com.au/_next/image?url=https%3A%2F%2Fproductimages.coles.com.au%2Fproductimages%2F3%2F3218409.jpg&w=640&q=90",
    "source_id": "Coles - 3218409",
    "barcode": "9310645235653",
    "shop": "coles",
    "weight": "100g",
    "prices": [
      {
        "state": "NSW",
        "price": null,
        "price_per_unit": null,
        "price_unit": "g"
      },
      {
        "state": "QLD",
        "price": null,
        "price_per_unit": null,
        "price_unit": "g"
      },
      {
        "state": "WA",
        "price": "1180",
        "price_per_unit": "118",
        "price_unit": "g"
      },
      {
        "state": "SA",
        "price": "1180",
        "price_per_unit": "118",
        "price_unit": "g"
      },
      {
        "state": "ACT",
        "price": "1100",
        "price_per_unit": "110",
        "price_unit": "g"
      },
      {
        "state": "NT",
        "price": "1180",
        "price_per_unit": "118",
        "price_unit": "g"
      }
    ]
  },
  {
    "source_url": "https://www.coles.com.au/product/d'argental-washed-rind-brie-approx.-100g-3089394",
    "name": "D'Argental Washed Rind Brie | approx 100g",
    "image_url": "https://www.coles.com.au/_next/image?url=https%3A%2F%2Fproductimages.coles.com.au%2Fproductimages%2F3%2F3089394.jpg&w=640&q=90",
    "source_id": "Coles - 3089394",
    "barcode": "3292790126429",
    "shop": "coles",
    "weight": "100g",
    "prices": [
      {
        "state": "NSW",
        "price": "7900",
        "price_per_unit": "790",
        "price_unit": "g"
      },
      {
        "state": "QLD",
        "price": "7900",
        "price_per_unit": "790",
        "price_unit": "g"
      },
      {
        "state": "TAS",
        "price": "7900",
        "price_per_unit": "790",
        "price_unit": "g"
      },
      {
        "state": "ACT",
        "price": "7900",
        "price_per_unit": "790",
        "price_unit": "g"
      }
    ]
  },
  {
    "source_url": "https://www.coles.com.au/product/la-casa-del-formaggio-traditional-ricotta-approx.-1.3kg-3218395",
    "name": "La Casa Del Formaggio Traditional Ricotta | approx 1.3kg",
    "image_url": "https://www.coles.com.au/_next/image?url=https%3A%2F%2Fproductimages.coles.com.au%2Fproductimages%2F3%2F3218395.jpg&w=640&q=90",
    "source_id": "Coles - 3218395",
    "barcode": "9310645235646",
    "shop": "coles",
    "weight": "1.3kg",
    "prices": [
      {
        "state": "NSW",
        "price": "1100",
        "price_per_unit": "1430",
        "price_unit": ".kg"
      },
      {
        "state": "WA",
        "price": "1100",
        "price_per_unit": "1430",
        "price_unit": ".kg"
      },
      {
        "state": "SA",
        "price": "1100",
        "price_per_unit": "1430",
        "price_unit": ".kg"
      },
      {
        "state": "TAS",
        "price": "1100",
        "price_per_unit": "1430",
        "price_unit": ".kg"
      },
      {
        "state": "ACT",
        "price": "1100",
        "price_per_unit": "1430",
        "price_unit": ".kg"
      },
      {
        "state": "NT",
        "price": "1155",
        "price_per_unit": "1502",
        "price_unit": ".kg"
      }
    ]
  },
  {
    "source_url": "https://www.coles.com.au/product/coles-finest-french-blue-d'auvergne-approx.-100g-6525073",
    "name": "Coles Finest French Blue D'Auvergne | approx 100g",
    "image_url": "https://www.coles.com.au/_next/image?url=https%3A%2F%2Fproductimages.coles.com.au%2Fproductimages%2F6%2F6525073.jpg&w=640&q=90",
    "source_id": "Coles - 6525073",
    "barcode": "9310645418834",
    "shop": "coles",
    "weight": "100g",
    "prices": [
      {
        "state": "NSW",
        "price": "5500",
        "price_per_unit": "550",
        "price_unit": "g"
      },
      {
        "state": "QLD",
        "price": "5500",
        "price_per_unit": "550",
        "price_unit": "g"
      },
      {
        "state": "WA",
        "price": "5500",
        "price_per_unit": "550",
        "price_unit": "g"
      },
      {
        "state": "ACT",
        "price": "5500",
        "price_per_unit": "550",
        "price_unit": "g"
      },
      {
        "state": "NT",
        "price": "5500",
        "price_per_unit": "550",
        "price_unit": "g"
      }
    ]
  },
  {
    "source_url": "https://www.coles.com.au/product/coles-finest-french-truffle-brie-approx.-100g-6525030",
    "name": "Coles Finest French Truffle Brie | approx 100g",
    "image_url": "https://www.coles.com.au/_next/image?url=https%3A%2F%2Fproductimages.coles.com.au%2Fproductimages%2F6%2F6525030.jpg&w=640&q=90",
    "source_id": "Coles - 6525030",
    "barcode": "9310645418810",
    "shop": "coles",
    "weight": "100g",
    "prices": [
      {
        "state": "NSW",
        "price": "6500",
        "price_per_unit": "650",
        "price_unit": "g"
      },
      {
        "state": "ACT",
        "price": "6500",
        "price_per_unit": "650",
        "price_unit": "g"
      }
    ]
  },
  {
    "source_url": "https://www.coles.com.au/product/king-island-dairy-half-moon-bay-double-brie-approx.100g-3222600",
    "name": "King Island Dairy Half Moon Bay Double Brie | approx100g",
    "image_url": "https://www.coles.com.au/_next/image?url=https%3A%2F%2Fproductimages.coles.com.au%2Fproductimages%2F3%2F3222600.jpg&w=640&q=90",
    "source_id": "Coles - 3222600",
    "barcode": "9314441713407",
    "shop": "coles",
    "weight": "approx.100g",
    "prices": [
      {
        "state": "NSW",
        "price": "5500",
        "price_per_unit": "550",
        "price_unit": "approx.g"
      },
      {
        "state": "QLD",
        "price": "5500",
        "price_per_unit": "550",
        "price_unit": "approx.g"
      },
      {
        "state": "WA",
        "price": "5500",
        "price_per_unit": "550",
        "price_unit": "approx.g"
      },
      {
        "state": "TAS",
        "price": "5500",
        "price_per_unit": "550",
        "price_unit": "approx.g"
      },
      {
        "state": "ACT",
        "price": "5500",
        "price_per_unit": "550",
        "price_unit": "approx.g"
      },
      {
        "state": "NT",
        "price": "5500",
        "price_per_unit": "550",
        "price_unit": "approx.g"
      }
    ]
  },
  {
    "source_url": "https://www.coles.com.au/product/coles-finest-spanish-12-month-aged-manchego-approx.-100g-3635916",
    "name": "Coles Finest Spanish 12 Month Aged Manchego | approx 100g",
    "image_url": "https://www.coles.com.au/_next/image?url=https%3A%2F%2Fproductimages.coles.com.au%2Fproductimages%2F3%2F3635916.jpg&w=640&q=90",
    "source_id": "Coles - 3635916",
    "barcode": "9310645279176",
    "shop": "coles",
    "weight": "100g",
    "prices": [
      {
        "state": "NSW",
        "price": "7500",
        "price_per_unit": "750",
        "price_unit": "g"
      },
      {
        "state": "QLD",
        "price": "7500",
        "price_per_unit": "750",
        "price_unit": "g"
      },
      {
        "state": "WA",
        "price": "7500",
        "price_per_unit": "750",
        "price_unit": "g"
      },
      {
        "state": "SA",
        "price": "7500",
        "price_per_unit": "750",
        "price_unit": "g"
      },
      {
        "state": "TAS",
        "price": "7500",
        "price_per_unit": "750",
        "price_unit": "g"
      },
      {
        "state": "ACT",
        "price": "7500",
        "price_per_unit": "750",
        "price_unit": "g"
      },
      {
        "state": "NT",
        "price": "7875",
        "price_per_unit": "788",
        "price_unit": "g"
      }
    ]
  },
  {
    "source_url": "https://www.coles.com.au/product/coles-finest-british-yorkshire-wensleydale-pgi-with-cranberries-approx.-200g-3895236",
    "name": "Coles Finest British Yorkshire Wensleydale PGI With C ... approx 200g",
    "image_url": "https://www.coles.com.au/_next/image?url=https%3A%2F%2Fproductimages.coles.com.au%2Fproductimages%2F3%2F3895236.jpg&w=640&q=90",
    "source_id": "Coles - 3895236",
    "barcode": "9310645321509",
    "shop": "coles",
    "weight": "200g",
    "prices": [
      {
        "state": "NSW",
        "price": "5000",
        "price_per_unit": "1000",
        "price_unit": "g"
      },
      {
        "state": "QLD",
        "price": "5000",
        "price_per_unit": "1000",
        "price_unit": "g"
      },
      {
        "state": "WA",
        "price": "5000",
        "price_per_unit": "1000",
        "price_unit": "g"
      },
      {
        "state": "SA",
        "price": "5000",
        "price_per_unit": "1000",
        "price_unit": "g"
      },
      {
        "state": "ACT",
        "price": "5000",
        "price_per_unit": "1000",
        "price_unit": "g"
      },
      {
        "state": "NT",
        "price": "5000",
        "price_per_unit": "1000",
        "price_unit": "g"
      }
    ]
  },
  {
    "source_url": "https://www.coles.com.au/product/coles-finest-australian-organic-washed-rind-approx.-100g-3897253",
    "name": "Coles Finest Australian Organic Washed Rind | approx 100g",
    "image_url": "https://www.coles.com.au/_next/image?url=https%3A%2F%2Fproductimages.coles.com.au%2Fproductimages%2F3%2F3897253.jpg&w=640&q=90",
    "source_id": "Coles - 3897253",
    "barcode": "9310645321479",
    "shop": "coles",
    "weight": "100g",
    "prices": [
      {
        "state": "NSW",
        "price": "7800",
        "price_per_unit": "780",
        "price_unit": "g"
      },
      {
        "state": "TAS",
        "price": "7800",
        "price_per_unit": "780",
        "price_unit": "g"
      },
      {
        "state": "ACT",
        "price": "7800",
        "price_per_unit": "780",
        "price_unit": "g"
      }
    ]
  },
  {
    "source_url": "https://www.coles.com.au/product/castello.-blue-cheese-approx.130g-8288300",
    "name": "Castello. Blue Cheese | approx130g",
    "image_url": "https://www.coles.com.au/_next/image?url=https%3A%2F%2Fproductimages.coles.com.au%2Fproductimages%2F8%2F8288300.jpg&w=640&q=90",
    "source_id": "Coles - 8288300",
    "barcode": "5760466865005",
    "shop": "coles",
    "weight": "approx.130g",
    "prices": [
      {
        "state": "NSW",
        "price": "6000",
        "price_per_unit": "780",
        "price_unit": "approx.g"
      },
      {
        "state": "QLD",
        "price": "6000",
        "price_per_unit": "780",
        "price_unit": "approx.g"
      },
      {
        "state": "WA",
        "price": "6000",
        "price_per_unit": "780",
        "price_unit": "approx.g"
      },
      {
        "state": "SA",
        "price": "6000",
        "price_per_unit": "780",
        "price_unit": "approx.g"
      },
      {
        "state": "ACT",
        "price": "6000",
        "price_per_unit": "780",
        "price_unit": "approx.g"
      },
      {
        "state": "NT",
        "price": "6000",
        "price_per_unit": "780",
        "price_unit": "approx.g"
      }
    ]
  },
  {
    "source_url": "https://www.coles.com.au/product/meredith-dairy-chevre-plain-150g-6670935",
    "name": "Meredith Dairy Chevre Plain | 150g",
    "image_url": "https://www.coles.com.au/_next/image?url=https%3A%2F%2Fproductimages.coles.com.au%2Fproductimages%2F6%2F6670935.jpg&w=640&q=90",
    "source_id": "Coles - 6670935",
    "barcode": "9317320101500",
    "shop": "coles",
    "weight": "150g",
    "prices": [
      {
        "state": "NSW",
        "price": "6267",
        "price_per_unit": "940",
        "price_unit": "g"
      },
      {
        "state": "QLD",
        "price": "6267",
        "price_per_unit": "940",
        "price_unit": "g"
      },
      {
        "state": "WA",
        "price": "6267",
        "price_per_unit": "940",
        "price_unit": "g"
      },
      {
        "state": "SA",
        "price": "6267",
        "price_per_unit": "940",
        "price_unit": "g"
      },
      {
        "state": "TAS",
        "price": "6267",
        "price_per_unit": "940",
        "price_unit": "g"
      },
      {
        "state": "ACT",
        "price": "6267",
        "price_per_unit": "940",
        "price_unit": "g"
      },
      {
        "state": "NT",
        "price": "6267",
        "price_per_unit": "940",
        "price_unit": "g"
      }
    ]
  },
  {
    "source_url": "https://www.coles.com.au/product/mamma-lucia-mozzarella-pear-500g-3803544",
    "name": "Mamma Lucia Mozzarella Pear | 500g",
    "image_url": "https://www.coles.com.au/_next/image?url=https%3A%2F%2Fproductimages.coles.com.au%2Fproductimages%2F3%2F3803544.jpg&w=640&q=90",
    "source_id": "Coles - 3803544",
    "barcode": "9315070100026",
    "shop": "coles",
    "weight": "500g",
    "prices": [
      {
        "state": "NSW",
        "price": "2000",
        "price_per_unit": "1000",
        "price_unit": "g"
      },
      {
        "state": "ACT",
        "price": "2000",
        "price_per_unit": "1000",
        "price_unit": "g"
      }
    ]
  },
  {
    "source_url": "https://www.coles.com.au/product/coles-finest-oak-smoked-cheddar-approx.-100g-3892599",
    "name": "Coles Finest Oak Smoked Cheddar | approx 100g",
    "image_url": "https://www.coles.com.au/_next/image?url=https%3A%2F%2Fproductimages.coles.com.au%2Fproductimages%2F3%2F3892599.jpg&w=640&q=90",
    "source_id": "Coles - 3892599",
    "barcode": "9310645321486",
    "shop": "coles",
    "weight": "100g",
    "prices": [
      {
        "state": "NSW",
        "price": "5000",
        "price_per_unit": "500",
        "price_unit": "g"
      },
      {
        "state": "QLD",
        "price": "5000",
        "price_per_unit": "500",
        "price_unit": "g"
      },
      {
        "state": "WA",
        "price": null,
        "price_per_unit": null,
        "price_unit": "g"
      },
      {
        "state": "SA",
        "price": "5000",
        "price_per_unit": "500",
        "price_unit": "g"
      },
      {
        "state": "TAS",
        "price": "5000",
        "price_per_unit": "500",
        "price_unit": "g"
      },
      {
        "state": "ACT",
        "price": "5000",
        "price_per_unit": "500",
        "price_unit": "g"
      },
      {
        "state": "NT",
        "price": "5000",
        "price_per_unit": "500",
        "price_unit": "g"
      }
    ]
  },
  {
    "source_url": "https://www.coles.com.au/product/comte-block-aop-68-months-approx.-100g-4381904",
    "name": "Comte Block Aop 6/8 Months | approx 100g",
    "image_url": "https://www.coles.com.au/_next/image?url=https%3A%2F%2Fproductimages.coles.com.au%2Fproductimages%2F4%2F4381904.jpg&w=640&q=90",
    "source_id": "Coles - 4381904",
    "barcode": "9352222000094",
    "shop": "coles",
    "weight": "100g",
    "prices": [
      {
        "state": "NSW",
        "price": "7000",
        "price_per_unit": "700",
        "price_unit": "g"
      },
      {
        "state": "QLD",
        "price": "7000",
        "price_per_unit": "700",
        "price_unit": "g"
      },
      {
        "state": "ACT",
        "price": "7000",
        "price_per_unit": "700",
        "price_unit": "g"
      }
    ]
  },
  {
    "source_url": "https://www.coles.com.au/product/coles-finest-french-double-cream-brie-approx.-100g-3635891",
    "name": "Coles Finest French Double Cream Brie | approx 100g",
    "image_url": "https://www.coles.com.au/_next/image?url=https%3A%2F%2Fproductimages.coles.com.au%2Fproductimages%2F3%2F3635891.jpg&w=640&q=90",
    "source_id": "Coles - 3635891",
    "barcode": "9310645277325",
    "shop": "coles",
    "weight": "100g",
    "prices": [
      {
        "state": "NSW",
        "price": "7000",
        "price_per_unit": "700",
        "price_unit": "g"
      },
      {
        "state": "TAS",
        "price": "7000",
        "price_per_unit": "700",
        "price_unit": "g"
      },
      {
        "state": "ACT",
        "price": "7000",
        "price_per_unit": "700",
        "price_unit": "g"
      }
    ]
  },
  {
    "source_url": "https://www.coles.com.au/product/auricchio-pecorino-calcagno-pepper-approx-.150g-9053720",
    "name": "Auricchio Pecorino Calcagno Pepper | approx.150g",
    "image_url": "https://www.coles.com.au/_next/image?url=https%3A%2F%2Fproductimages.coles.com.au%2Fproductimages%2F9%2F9053720.jpg&w=640&q=90",
    "source_id": "Coles - 9053720",
    "barcode": null,
    "shop": "coles",
    "weight": ".150g",
    "prices": [
      {
        "state": "NSW",
        "price": "5000",
        "price_per_unit": "750",
        "price_unit": ".g"
      },
      {
        "state": "QLD",
        "price": "5000",
        "price_per_unit": "750",
        "price_unit": ".g"
      },
      {
        "state": "WA",
        "price": "5000",
        "price_per_unit": "750",
        "price_unit": ".g"
      },
      {
        "state": "TAS",
        "price": "5000",
        "price_per_unit": "750",
        "price_unit": ".g"
      },
      {
        "state": "ACT",
        "price": "5000",
        "price_per_unit": "750",
        "price_unit": ".g"
      },
      {
        "state": "NT",
        "price": "5000",
        "price_per_unit": "750",
        "price_unit": ".g"
      }
    ]
  },
  {
    "source_url": "https://www.coles.com.au/product/coles-finest-european-truffle-goats-cheese-approx.-100g-5362960",
    "name": "Coles Finest European Truffle Goats Cheese | approx 100g",
    "image_url": "https://www.coles.com.au/_next/image?url=https%3A%2F%2Fproductimages.coles.com.au%2Fproductimages%2F5%2F5362960.jpg&w=640&q=90",
    "source_id": "Coles - 5362960",
    "barcode": "9310645390598",
    "shop": "coles",
    "weight": "100g",
    "prices": [
      {
        "state": "NSW",
        "price": "4500",
        "price_per_unit": "450",
        "price_unit": "g"
      },
      {
        "state": "QLD",
        "price": "4500",
        "price_per_unit": "450",
        "price_unit": "g"
      }
    ]
  },
  {
    "source_url": "https://www.coles.com.au/product/meyer-cheese-waikato-vintage-approx.-100g-8436699",
    "name": "Meyer Cheese Waikato Vintage | approx 100g",
    "image_url": "https://www.coles.com.au/_next/image?url=https%3A%2F%2Fproductimages.coles.com.au%2Fproductimages%2F8%2F8436699.jpg&w=640&q=90",
    "source_id": "Coles - 8436699",
    "barcode": null,
    "shop": "coles",
    "weight": "100g",
    "prices": [
      {
        "state": "NSW",
        "price": "9000",
        "price_per_unit": "900",
        "price_unit": "g"
      },
      {
        "state": "TAS",
        "price": "9000",
        "price_per_unit": "900",
        "price_unit": "g"
      },
      {
        "state": "ACT",
        "price": "9000",
        "price_per_unit": "900",
        "price_unit": "g"
      }
    ]
  },
  {
    "source_url": "https://www.coles.com.au/product/jarlsberg-special-reserve-approx.-100g-8437625",
    "name": "Jarlsberg Special Reserve | approx 100g",
    "image_url": "https://www.coles.com.au/_next/image?url=https%3A%2F%2Fproductimages.coles.com.au%2Fproductimages%2F8%2F8437625.jpg&w=640&q=90",
    "source_id": "Coles - 8437625",
    "barcode": null,
    "shop": "coles",
    "weight": "100g",
    "prices": [
      {
        "state": "NSW",
        "price": "4500",
        "price_per_unit": "450",
        "price_unit": "g"
      },
      {
        "state": "TAS",
        "price": "4500",
        "price_per_unit": "450",
        "price_unit": "g"
      },
      {
        "state": "ACT",
        "price": "4500",
        "price_per_unit": "450",
        "price_unit": "g"
      }
    ]
  },
  {
    "source_url": "https://www.coles.com.au/product/coles-finest-spanish-aged-truffle-cheese-approx.-100g-3893445",
    "name": "Coles Finest Spanish Aged Truffle Cheese | approx 100g",
    "image_url": "https://www.coles.com.au/_next/image?url=https%3A%2F%2Fproductimages.coles.com.au%2Fproductimages%2F3%2F3893445.jpg&w=640&q=90",
    "source_id": "Coles - 3893445",
    "barcode": "9310645321523",
    "shop": "coles",
    "weight": "100g",
    "prices": [
      {
        "state": "NSW",
        "price": "7800",
        "price_per_unit": "780",
        "price_unit": "g"
      },
      {
        "state": "QLD",
        "price": "7800",
        "price_per_unit": "780",
        "price_unit": "g"
      },
      {
        "state": "SA",
        "price": "7800",
        "price_per_unit": "780",
        "price_unit": "g"
      },
      {
        "state": "TAS",
        "price": "7800",
        "price_per_unit": "780",
        "price_unit": "g"
      },
      {
        "state": "ACT",
        "price": "7800",
        "price_per_unit": "780",
        "price_unit": "g"
      },
      {
        "state": "NT",
        "price": "7800",
        "price_per_unit": "780",
        "price_unit": "g"
      }
    ]
  },
  {
    "source_url": "https://www.coles.com.au/product/la-casa-del-formaggio-traditional-ricotta-1.5kg-8066942",
    "name": "La Casa Del Formaggio Traditional Ricotta | 1.5kg",
    "image_url": "https://www.coles.com.au/_next/image?url=https%3A%2F%2Fproductimages.coles.com.au%2Fproductimages%2F8%2F8066942.jpg&w=640&q=90",
    "source_id": "Coles - 8066942",
    "barcode": null,
    "shop": "coles",
    "weight": "1.5kg",
    "prices": [
      {
        "state": "NSW",
        "price": "1100",
        "price_per_unit": "1650",
        "price_unit": ".kg"
      },
      {
        "state": "QLD",
        "price": "1100",
        "price_per_unit": "1650",
        "price_unit": ".kg"
      },
      {
        "state": "WA",
        "price": "1100",
        "price_per_unit": "1650",
        "price_unit": ".kg"
      },
      {
        "state": "SA",
        "price": "1100",
        "price_per_unit": "1650",
        "price_unit": ".kg"
      },
      {
        "state": "TAS",
        "price": "1100",
        "price_per_unit": "1650",
        "price_unit": ".kg"
      },
      {
        "state": "ACT",
        "price": "1100",
        "price_per_unit": "1650",
        "price_unit": ".kg"
      },
      {
        "state": "NT",
        "price": "1100",
        "price_per_unit": "1650",
        "price_unit": ".kg"
      }
    ]
  },
  {
    "source_url": "https://www.coles.com.au/product/la-casa-del-formaggio-reduced-fat-ricotta-1.5kg-8067107",
    "name": "La Casa Del Formaggio Reduced Fat Ricotta | 1.5kg",
    "image_url": "https://www.coles.com.au/_next/image?url=https%3A%2F%2Fproductimages.coles.com.au%2Fproductimages%2F8%2F8067107.jpg&w=640&q=90",
    "source_id": "Coles - 8067107",
    "barcode": null,
    "shop": "coles",
    "weight": "1.5kg",
    "prices": [
      {
        "state": "NSW",
        "price": "1100",
        "price_per_unit": "1650",
        "price_unit": ".kg"
      },
      {
        "state": "QLD",
        "price": "1100",
        "price_per_unit": "1650",
        "price_unit": ".kg"
      },
      {
        "state": "WA",
        "price": "1100",
        "price_per_unit": "1650",
        "price_unit": ".kg"
      },
      {
        "state": "SA",
        "price": "1100",
        "price_per_unit": "1650",
        "price_unit": ".kg"
      },
      {
        "state": "ACT",
        "price": "1100",
        "price_per_unit": "1650",
        "price_unit": ".kg"
      },
      {
        "state": "NT",
        "price": "1100",
        "price_per_unit": "1650",
        "price_unit": ".kg"
      }
    ]
  },
  {
    "source_url": "https://www.coles.com.au/product/continental-shepherds-pie-recipe-base-50g-5564728",
    "name": "Continental Shepherds Pie Recipe Base | 50g",
    "image_url": "https://www.coles.com.au/_next/image?url=https%3A%2F%2Fproductimages.coles.com.au%2Fproductimages%2F5%2F5564728.jpg&w=640&q=90",
    "source_id": "Coles - 5564728",
    "barcode": "9300667038295",
    "shop": "coles",
    "weight": "50g",
    "prices": [
      {
        "state": "NSW",
        "price": "360",
        "price_per_unit": "180",
        "price_unit": "g"
      },
      {
        "state": "SA",
        "price": "360",
        "price_per_unit": "180",
        "price_unit": "g"
      },
      {
        "state": "ACT",
        "price": "360",
        "price_per_unit": "180",
        "price_unit": "g"
      },
      {
        "state": "NT",
        "price": "378",
        "price_per_unit": "189",
        "price_unit": "g"
      }
    ]
  },
  {
    "source_url": "https://www.coles.com.au/product/pepsi-max-no-sugar-cola-soft-drink-cans-multipack-375ml-x-24-pack-24-pack-7366022",
    "name": "Pepsi Max No Sugar Cola Soft Drink Cans Multipack 375mL x 24 Pack | 24 pack",
    "image_url": "https://www.coles.com.au/_next/image?url=https%3A%2F%2Fproductimages.coles.com.au%2Fproductimages%2F7%2F7366022.jpg&w=640&q=90",
    "source_id": "Coles - 7366022",
    "barcode": "9313820016146",
    "shop": "coles",
    "weight": "24pack",
    "prices": [
      {
        "state": "NSW",
        "price": "222",
        "price_per_unit": "2000",
        "price_unit": "pack"
      },
      {
        "state": "WA",
        "price": "222",
        "price_per_unit": "2000",
        "price_unit": "pack"
      },
      {
        "state": "SA",
        "price": "222",
        "price_per_unit": "2000",
        "price_unit": "pack"
      },
      {
        "state": "TAS",
        "price": "206",
        "price_per_unit": "1850",
        "price_unit": "pack"
      },
      {
        "state": "ACT",
        "price": "222",
        "price_per_unit": "2000",
        "price_unit": "pack"
      }
    ]
  },
  {
    "source_url": "https://www.coles.com.au/product/smiths-potato-chips-crinkle-flavour-mix-variety-20-pack-380g-4826829",
    "name": "Smiths Potato Chips Crinkle Flavour Mix Variety 20 Pack | 380g",
    "image_url": "N/A",
    "source_id": "Coles - 4826829",
    "barcode": "9310015231988",
    "shop": "coles",
    "weight": "380g",
    "prices": [
      {
        "state": "NSW",
        "price": "234",
        "price_per_unit": "890",
        "price_unit": "g"
      },
      {
        "state": "WA",
        "price": "234",
        "price_per_unit": "890",
        "price_unit": "g"
      },
      {
        "state": "SA",
        "price": "234",
        "price_per_unit": "890",
        "price_unit": "g"
      },
      {
        "state": "TAS",
        "price": "234",
        "price_per_unit": "890",
        "price_unit": "g"
      },
      {
        "state": "ACT",
        "price": "234",
        "price_per_unit": "890",
        "price_unit": "g"
      }
    ]
  },
  {
    "source_url": "https://www.coles.com.au/product/parker's-baked-multipack-mini-pretzels-6-pack-150g-9283061",
    "name": "Parker's Baked Multipack Mini Pretzels 6 Pack | 150g",
    "image_url": "https://www.coles.com.au/_next/image?url=https%3A%2F%2Fproductimages.coles.com.au%2Fproductimages%2F9%2F9283061.jpg&w=640&q=90",
    "source_id": "Coles - 9283061",
    "barcode": "9310015236884",
    "shop": "coles",
    "weight": "150g",
    "prices": [
      {
        "state": "NSW",
        "price": "300",
        "price_per_unit": "450",
        "price_unit": "g"
      },
      {
        "state": "ACT",
        "price": "300",
        "price_per_unit": "450",
        "price_unit": "g"
      }
    ]
  },
  {
    "source_url": "https://www.coles.com.au/product/la-casa-del-formaggio-mozzarella-balls-450g-8981379",
    "name": "La Casa Del Formaggio Mozzarella Balls | 450g",
    "image_url": "https://www.coles.com.au/_next/image?url=https%3A%2F%2Fproductimages.coles.com.au%2Fproductimages%2F8%2F8981379.jpg&w=640&q=90",
    "source_id": "Coles - 8981379",
    "barcode": "9324924000016",
    "shop": "coles",
    "weight": "450g",
    "prices": [
      {
        "state": "QLD",
        "price": "1778",
        "price_per_unit": "800",
        "price_unit": "g"
      },
      {
        "state": "WA",
        "price": "1778",
        "price_per_unit": "800",
        "price_unit": "g"
      },
      {
        "state": "SA",
        "price": "1778",
        "price_per_unit": "800",
        "price_unit": "g"
      },
      {
        "state": "TAS",
        "price": "1778",
        "price_per_unit": "800",
        "price_unit": "g"
      },
      {
        "state": "NT",
        "price": "1867",
        "price_per_unit": "840",
        "price_unit": "g"
      }
    ]
  },
  {
    "source_url": "https://www.coles.com.au/product/d'argental-cremeux-approx.-100g-5363001",
    "name": "D'Argental Cremeux | approx 100g",
    "image_url": "https://www.coles.com.au/_next/image?url=https%3A%2F%2Fproductimages.coles.com.au%2Fproductimages%2F5%2F5363001.jpg&w=640&q=90",
    "source_id": "Coles - 5363001",
    "barcode": "3700443629901",
    "shop": "coles",
    "weight": "100g",
    "prices": [
      {
        "state": "QLD",
        "price": "7500",
        "price_per_unit": "750",
        "price_unit": "g"
      },
      {
        "state": "WA",
        "price": "7500",
        "price_per_unit": "750",
        "price_unit": "g"
      },
      {
        "state": "ACT",
        "price": "7500",
        "price_per_unit": "750",
        "price_unit": "g"
      },
      {
        "state": "NT",
        "price": "7500",
        "price_per_unit": "750",
        "price_unit": "g"
      }
    ]
  },
  {
    "source_url": "https://www.coles.com.au/product/brie-mon-pere-approx.-100g-5362916",
    "name": "Brie Mon Pere | approx 100g",
    "image_url": "https://www.coles.com.au/_next/image?url=https%3A%2F%2Fproductimages.coles.com.au%2Fproductimages%2F5%2F5362916.jpg&w=640&q=90",
    "source_id": "Coles - 5362916",
    "barcode": "3250550018124",
    "shop": "coles",
    "weight": "100g",
    "prices": [
      {
        "state": "QLD",
        "price": "4000",
        "price_per_unit": "400",
        "price_unit": "g"
      }
    ]
  },
  {
    "source_url": "https://www.coles.com.au/product/coles-finest-spanish-nutty-cheese-approx.-100g-8648449",
    "name": "Coles Finest Spanish Nutty Cheese | approx 100g",
    "image_url": "https://www.coles.com.au/_next/image?url=https%3A%2F%2Fproductimages.coles.com.au%2Fproductimages%2F8%2F8648449.jpg&w=640&q=90",
    "source_id": "Coles - 8648449",
    "barcode": null,
    "shop": "coles",
    "weight": "100g",
    "prices": [
      {
        "state": "QLD",
        "price": "5000",
        "price_per_unit": "500",
        "price_unit": "g"
      },
      {
        "state": "WA",
        "price": "5000",
        "price_per_unit": "500",
        "price_unit": "g"
      },
      {
        "state": "NT",
        "price": "5000",
        "price_per_unit": "500",
        "price_unit": "g"
      }
    ]
  },
  {
    "source_url": "https://www.coles.com.au/product/coles-british-truffle-cheddar-approx.-100g-5363012",
    "name": "Coles British Truffle Cheddar | approx 100g",
    "image_url": "https://www.coles.com.au/_next/image?url=https%3A%2F%2Fproductimages.coles.com.au%2Fproductimages%2F5%2F5363012.jpg&w=640&q=90",
    "source_id": "Coles - 5363012",
    "barcode": "9352222000292",
    "shop": "coles",
    "weight": "100g",
    "prices": [
      {
        "state": "QLD",
        "price": "4500",
        "price_per_unit": "450",
        "price_unit": "g"
      },
      {
        "state": "SA",
        "price": "4500",
        "price_per_unit": "450",
        "price_unit": "g"
      }
    ]
  },
  {
    "source_url": "https://www.coles.com.au/product/udder-delights-heysen-blue-100g-6520976",
    "name": "Udder Delights Heysen Blue | 100g",
    "image_url": "https://www.coles.com.au/_next/image?url=https%3A%2F%2Fproductimages.coles.com.au%2Fproductimages%2F6%2F6520976.jpg&w=640&q=90",
    "source_id": "Coles - 6520976",
    "barcode": "9339929001586",
    "shop": "coles",
    "weight": "100g",
    "prices": [
      {
        "state": "QLD",
        "price": "6750",
        "price_per_unit": "675",
        "price_unit": "g"
      },
      {
        "state": "NT",
        "price": "6750",
        "price_per_unit": "675",
        "price_unit": "g"
      }
    ]
  },
  {
    "source_url": "https://www.coles.com.au/product/auricchio-provolone-classico-cheese-approx.-250g-6097606",
    "name": "Auricchio Provolone Classico Cheese | approx 250g",
    "image_url": "https://www.coles.com.au/_next/image?url=https%3A%2F%2Fproductimages.coles.com.au%2Fproductimages%2F6%2F6097606.jpg&w=640&q=90",
    "source_id": "Coles - 6097606",
    "barcode": "9310645225395",
    "shop": "coles",
    "weight": "250g",
    "prices": [
      {
        "state": "QLD",
        "price": "4500",
        "price_per_unit": "1125",
        "price_unit": "g"
      },
      {
        "state": "WA",
        "price": "4500",
        "price_per_unit": "1125",
        "price_unit": "g"
      },
      {
        "state": "SA",
        "price": "4500",
        "price_per_unit": "1125",
        "price_unit": "g"
      },
      {
        "state": "ACT",
        "price": null,
        "price_per_unit": null,
        "price_unit": "g"
      }
    ]
  },
  {
    "source_url": "https://www.coles.com.au/product/mountain-dew-energised-soft-drink-multipack-cans-375ml-x-24-pack-24-pack-3613108",
    "name": "Mountain Dew Energised Soft Drink Multipack Cans 375mL x 24 Pack | 24 pack",
    "image_url": "https://www.coles.com.au/_next/image?url=https%3A%2F%2Fproductimages.coles.com.au%2Fproductimages%2F3%2F3613108.jpg&w=640&q=90",
    "source_id": "Coles - 3613108",
    "barcode": "9313820002439",
    "shop": "coles",
    "weight": "24pack",
    "prices": [
      {
        "state": "QLD",
        "price": "222",
        "price_per_unit": "2000",
        "price_unit": "pack"
      }
    ]
  },
  {
    "source_url": "https://www.coles.com.au/product/la-casa-del-formaggio-pecorino-grated-500g-8555472",
    "name": "La Casa Del Formaggio Pecorino Grated | 500g",
    "image_url": "https://www.coles.com.au/_next/image?url=https%3A%2F%2Fproductimages.coles.com.au%2Fproductimages%2F8%2F8555472.jpg&w=640&q=90",
    "source_id": "Coles - 8555472",
    "barcode": "9324924000320",
    "shop": "coles",
    "weight": "500g",
    "prices": [
      {
        "state": "SA",
        "price": "2320",
        "price_per_unit": "1160",
        "price_unit": "g"
      },
      {
        "state": "NT",
        "price": "2320",
        "price_per_unit": "1160",
        "price_unit": "g"
      }
    ]
  },
  {
    "source_url": "https://www.coles.com.au/product/sada-gouda-cheese-block-200g-3865213",
    "name": "Sada Gouda Cheese Block | 200g",
    "image_url": "https://www.coles.com.au/_next/image?url=https%3A%2F%2Fproductimages.coles.com.au%2Fproductimages%2F3%2F3865213.jpg&w=640&q=90",
    "source_id": "Coles - 3865213",
    "barcode": "9350884000957",
    "shop": "coles",
    "weight": "200g",
    "prices": [
      {
        "state": "SA",
        "price": "3250",
        "price_per_unit": "650",
        "price_unit": "g"
      },
      {
        "state": "NT",
        "price": "3510",
        "price_per_unit": "702",
        "price_unit": "g"
      }
    ]
  },
  {
    "source_url": "https://www.coles.com.au/product/udder-delights-mawson-blue-100g-4379924",
    "name": "Udder Delights Mawson Blue | 100g",
    "image_url": "https://www.coles.com.au/_next/image?url=https%3A%2F%2Fproductimages.coles.com.au%2Fproductimages%2F4%2F4379924.jpg&w=640&q=90",
    "source_id": "Coles - 4379924",
    "barcode": "9339929001593",
    "shop": "coles",
    "weight": "100g",
    "prices": [
      {
        "state": "SA",
        "price": "6400",
        "price_per_unit": "640",
        "price_unit": "g"
      },
      {
        "state": "NT",
        "price": "6400",
        "price_per_unit": "640",
        "price_unit": "g"
      }
    ]
  },
  {
    "source_url": "https://www.coles.com.au/product/mainland-on-the-go-tasty-cheese-and-crackers-50g-7851550",
    "name": "Mainland On The Go Tasty Cheese & Crackers | 50g",
    "image_url": "https://www.coles.com.au/_next/image?url=https%3A%2F%2Fproductimages.coles.com.au%2Fproductimages%2F7%2F7851550.jpg&w=640&q=90",
    "source_id": "Coles - 7851550",
    "barcode": null,
    "shop": "coles",
    "weight": "50g",
    "prices": [
      {
        "state": "SA",
        "price": "600",
        "price_per_unit": "300",
        "price_unit": "g"
      },
      {
        "state": "TAS",
        "price": "600",
        "price_per_unit": "300",
        "price_unit": "g"
      },
      {
        "state": "NT",
        "price": "648",
        "price_per_unit": "324",
        "price_unit": "g"
      }
    ]
  },
  {
    "source_url": "https://www.coles.com.au/product/giorgio's-artisan-cheese-buffalo-mozzarella-125g-8425637",
    "name": "Giorgio's Artisan Cheese Buffalo Mozzarella | 125g",
    "image_url": "https://www.coles.com.au/_next/image?url=https%3A%2F%2Fproductimages.coles.com.au%2Fproductimages%2F8%2F8425637.jpg&w=640&q=90",
    "source_id": "Coles - 8425637",
    "barcode": null,
    "shop": "coles",
    "weight": "125g",
    "prices": [
      {
        "state": "ACT",
        "price": "6080",
        "price_per_unit": "760",
        "price_unit": "g"
      }
    ]
  },
  {
    "source_url": "https://www.coles.com.au/product/giorgio's-artisan-cheese-burrata-90g-8705961",
    "name": "Giorgio's Artisan Cheese Burrata | 90g",
    "image_url": "https://www.coles.com.au/_next/image?url=https%3A%2F%2Fproductimages.coles.com.au%2Fproductimages%2F8%2F8705961.jpg&w=640&q=90",
    "source_id": "Coles - 8705961",
    "barcode": null,
    "shop": "coles",
    "weight": "90g",
    "prices": [
      {
        "state": "ACT",
        "price": "7112",
        "price_per_unit": "640",
        "price_unit": "g"
      }
    ]
  },
  {
    "source_url": "https://www.coles.com.au/product/giorgio's-artisan-cheese-baby-bocconcini-150g-8425397",
    "name": "Giorgio's Artisan Cheese Baby Bocconcini | 150g",
    "image_url": "https://www.coles.com.au/_next/image?url=https%3A%2F%2Fproductimages.coles.com.au%2Fproductimages%2F8%2F8425397.jpg&w=640&q=90",
    "source_id": "Coles - 8425397",
    "barcode": null,
    "shop": "coles",
    "weight": "150g",
    "prices": [
      {
        "state": "ACT",
        "price": "3467",
        "price_per_unit": "520",
        "price_unit": "g"
      }
    ]
  },
  {
    "source_url": "https://www.coles.com.au/product/giorgio's-artisan-cheese-bocconcini-150g-8705917",
    "name": "Giorgio's Artisan Cheese Bocconcini | 150g",
    "image_url": "https://www.coles.com.au/_next/image?url=https%3A%2F%2Fproductimages.coles.com.au%2Fproductimages%2F8%2F8705917.jpg&w=640&q=90",
    "source_id": "Coles - 8705917",
    "barcode": null,
    "shop": "coles",
    "weight": "150g",
    "prices": [
      {
        "state": "ACT",
        "price": "3467",
        "price_per_unit": "520",
        "price_unit": "g"
      }
    ]
  },
  {
    "source_url": "https://www.coles.com.au/product/giorgio's-artisan-cheese-gourmet-mozzarella-275gram-8705972",
    "name": "Giorgio's Artisan Cheese Gourmet Mozzarella | 275GRAM",
    "image_url": "https://www.coles.com.au/_next/image?url=https%3A%2F%2Fproductimages.coles.com.au%2Fproductimages%2F8%2F8705972.jpg&w=640&q=90",
    "source_id": "Coles - 8705972",
    "barcode": null,
    "shop": "coles",
    "weight": "275gram",
    "prices": [
      {
        "state": "ACT",
        "price": "2327",
        "price_per_unit": "640",
        "price_unit": "gram"
      }
    ]
  },
  {
    "source_url": "https://www.coles.com.au/product/giorgio's-artisan-cheese-fior-di-latte-125g-8427610",
    "name": "Giorgio's Artisan Cheese Fior Di Latte | 125g",
    "image_url": "https://www.coles.com.au/_next/image?url=https%3A%2F%2Fproductimages.coles.com.au%2Fproductimages%2F8%2F8427610.jpg&w=640&q=90",
    "source_id": "Coles - 8427610",
    "barcode": null,
    "shop": "coles",
    "weight": "125g",
    "prices": [
      {
        "state": "ACT",
        "price": "3840",
        "price_per_unit": "480",
        "price_unit": "g"
      }
    ]
  },
  {
    "source_url": "https://www.coles.com.au/product/continental-chow-mein-mince-recipe-base-serves-4-30g-9474999",
    "name": "Continental Chow Mein Mince Recipe Base Serves 4 | 30g",
    "image_url": "https://www.coles.com.au/_next/image?url=https%3A%2F%2Fproductimages.coles.com.au%2Fproductimages%2F9%2F9474999.jpg&w=640&q=90",
    "source_id": "Coles - 9474999",
    "barcode": "9300667042124",
    "shop": "coles",
    "weight": "30g",
    "prices": [
      {
        "state": "NT",
        "price": "630",
        "price_per_unit": "189",
        "price_unit": "g"
      },
      {
        "state": "QLD",
        "price": "600",
        "price_per_unit": "180",
        "price_unit": "g"
      },
      {
        "state": "ACT",
        "price": "600",
        "price_per_unit": "180",
        "price_unit": "g"
      }
    ]
  },
  {
    "source_url": "https://www.coles.com.au/product/continental-curried-sausages-recipe-base-serves-4-35g-9475845",
    "name": "Continental Curried Sausages Recipe Base Serves 4 | 35g",
    "image_url": "https://www.coles.com.au/_next/image?url=https%3A%2F%2Fproductimages.coles.com.au%2Fproductimages%2F9%2F9475845.jpg&w=640&q=90",
    "source_id": "Coles - 9475845",
    "barcode": "9300667028012",
    "shop": "coles",
    "weight": "35g",
    "prices": [
      {
        "state": "NT",
        "price": "540",
        "price_per_unit": "189",
        "price_unit": "g"
      },
      {
        "state": "QLD",
        "price": "514",
        "price_per_unit": "180",
        "price_unit": "g"
      },
      {
        "state": "ACT",
        "price": "514",
        "price_per_unit": "180",
        "price_unit": "g"
      }
    ]
  },
  {
    "source_url": "https://www.coles.com.au/product/continental-chilli-con-carne-recipe-base-serves-4-40g-9475958",
    "name": "Continental Chilli Con Carne Recipe Base Serves 4 | 40g",
    "image_url": "https://www.coles.com.au/_next/image?url=https%3A%2F%2Fproductimages.coles.com.au%2Fproductimages%2F9%2F9475958.jpg&w=640&q=90",
    "source_id": "Coles - 9475958",
    "barcode": "9300667028067",
    "shop": "coles",
    "weight": "40g",
    "prices": [
      {
        "state": "NT",
        "price": "473",
        "price_per_unit": "189",
        "price_unit": "g"
      },
      {
        "state": "QLD",
        "price": "450",
        "price_per_unit": "180",
        "price_unit": "g"
      },
      {
        "state": "WA",
        "price": "450",
        "price_per_unit": "180",
        "price_unit": "g"
      },
      {
        "state": "SA",
        "price": "450",
        "price_per_unit": "180",
        "price_unit": "g"
      },
      {
        "state": "TAS",
        "price": "450",
        "price_per_unit": "180",
        "price_unit": "g"
      },
      {
        "state": "ACT",
        "price": "450",
        "price_per_unit": "180",
        "price_unit": "g"
      }
    ]
  }
]