[
  {
    "source_url": "https://www.woolworths.com.au/shop/productdetails/1075148790/alfalfa-king-alfalfa-hay-454g",
    "name": "Alfalfa King Alfalfa Hay - 454g",
    "image_url": "https://cdn1.woolworths.media/content/wowproductimages/large/1075148790.jpg",
    "source_id": "Woolworths - 1075148790",
    "barcode": null,
    "shop": "Woolworths",
    "weight": "1EA",
    "prices": [
      {
        "state": "NSW",
        "price": "2799",
        "price_per_unit": "2799",
        "price_unit": "EA"
      },
      {
        "state": "VIC",
        "price": "2799",
        "price_per_unit": "2799",
        "price_unit": "EA"
      },
      {
        "state": "QLD",
        "price": "2799",
        "price_per_unit": "2799",
        "price_unit": "EA"
      },
      {
        "state": "WA",
        "price": "2799",
        "price_per_unit": "2799",
        "price_unit": "EA"
      },
      {
        "state": "SA",
        "price": "2799",
        "price_per_unit": "2799",
        "price_unit": "EA"
      },
      {
        "state": "TAS",
        "price": "2799",
        "price_per_unit": "2799",
        "price_unit": "EA"
      },
      {
        "state": "ACT",
        "price": "2799",
        "price_per_unit": "2799",
        "price_unit": "EA"
      },
      {
        "state": "NT",
        "price": "2799",
        "price_per_unit": "2799",
        "price_unit": "EA"
      }
    ]
  },
  {
    "source_url": "https://www.woolworths.com.au/shop/productdetails/1075148795/alfalfa-king-oat-wheat-barley-hay-454g",
    "name": "Alfalfa King Oat, Wheat & Barley Hay - 454g",
    "image_url": "https://cdn1.woolworths.media/content/wowproductimages/large/1075148795.jpg",
    "source_id": "Woolworths - 1075148795",
    "barcode": null,
    "shop": "Woolworths",
    "weight": "1EA",
    "prices": [
      {
        "state": "NSW",
        "price": "2799",
        "price_per_unit": "2799",
        "price_unit": "EA"
      },
      {
        "state": "VIC",
        "price": "2799",
        "price_per_unit": "2799",
        "price_unit": "EA"
      },
      {
        "state": "QLD",
        "price": "2799",
        "price_per_unit": "2799",
        "price_unit": "EA"
      },
      {
        "state": "WA",
        "price": "2799",
        "price_per_unit": "2799",
        "price_unit": "EA"
      },
      {
        "state": "SA",
        "price": "2799",
        "price_per_unit": "2799",
        "price_unit": "EA"
      },
      {
        "state": "TAS",
        "price": "2799",
        "price_per_unit": "2799",
        "price_unit": "EA"
      },
      {
        "state": "ACT",
        "price": "2799",
        "price_per_unit": "2799",
        "price_unit": "EA"
      },
      {
        "state": "NT",
        "price": "2799",
        "price_per_unit": "2799",
        "price_unit": "EA"
      }
    ]
  },
  {
    "source_url": "https://www.woolworths.com.au/shop/productdetails/391544/harmony-wild-bird-dried-mealworms",
    "name": "Harmony Wild Bird Dried Mealworms 120g",
    "image_url": "https://cdn1.woolworths.media/content/wowproductimages/large/391544.jpg",
    "source_id": "Woolworths - 391544",
    "barcode": "9334214057491",
    "shop": "Woolworths",
    "weight": "100G",
    "prices": [
      {
        "state": "NSW",
        "price": "1000",
        "price_per_unit": "833",
        "price_unit": "G"
      },
      {
        "state": "VIC",
        "price": "1000",
        "price_per_unit": "833",
        "price_unit": "G"
      },
      {
        "state": "WA",
        "price": "1000",
        "price_per_unit": "833",
        "price_unit": "G"
      },
      {
        "state": "SA",
        "price": "1000",
        "price_per_unit": "833",
        "price_unit": "G"
      },
      {
        "state": "TAS",
        "price": "1000",
        "price_per_unit": "833",
        "price_unit": "G"
      },
      {
        "state": "ACT",
        "price": "1000",
        "price_per_unit": "833",
        "price_unit": "G"
      },
      {
        "state": "NT",
        "price": "1000",
        "price_per_unit": "833",
        "price_unit": "G"
      }
    ]
  },
  {
    "source_url": "https://www.woolworths.com.au/shop/productdetails/1074296469/oxbow-all-natural-western-timothy-hay",
    "name": "Oxbow All-Natural Western Timothy Hay",
    "image_url": "https://cdn1.woolworths.media/content/wowproductimages/large/1074296469.jpg",
    "source_id": "Woolworths - 1074296469",
    "barcode": null,
    "shop": "Woolworths",
    "weight": null,
    "prices": [
      null,
      null,
      null,
      null,
      null,
      null
    ]
  },
  {
    "source_url": "https://www.woolworths.com.au/shop/productdetails/1074296466/oxbow-harvest-stacks-western-timothy-922g",
    "name": "Oxbow Harvest Stacks Western Timothy 922g",
    "image_url": "https://cdn1.woolworths.media/content/wowproductimages/large/1074296466.jpg",
    "source_id": "Woolworths - 1074296466",
    "barcode": null,
    "shop": "Woolworths",
    "weight": null,
    "prices": [
      null,
      null,
      null,
      null,
      null,
      null
    ]
  },
  {
    "source_url": "https://www.woolworths.com.au/shop/productdetails/1074296468/oxbow-harvest-stacks-western-timothy-carrot-922g",
    "name": "Oxbow Harvest Stacks Western Timothy Carrot 922G",
    "image_url": "https://cdn1.woolworths.media/content/wowproductimages/large/1074296468.jpg",
    "source_id": "Woolworths - 1074296468",
    "barcode": null,
    "shop": "Woolworths",
    "weight": null,
    "prices": [
      null,
      null,
      null,
      null,
      null,
      null
    ]
  },
  {
    "source_url": "https://www.woolworths.com.au/shop/productdetails/1074296461/oxbow-harvest-stacks-western-timothy-chamomile-922g",
    "name": "Oxbow Harvest Stacks Western Timothy Chamomile 922G",
    "image_url": "https://cdn1.woolworths.media/content/wowproductimages/large/1074296461.jpg",
    "source_id": "Woolworths - 1074296461",
    "barcode": null,
    "shop": "Woolworths",
    "weight": "1EA",
    "prices": [
      {
        "state": "NSW",
        "price": "4900",
        "price_per_unit": "4900",
        "price_unit": "EA"
      },
      {
        "state": "VIC",
        "price": "4900",
        "price_per_unit": "4900",
        "price_unit": "EA"
      },
      {
        "state": "WA",
        "price": "4900",
        "price_per_unit": "4900",
        "price_unit": "EA"
      },
      {
        "state": "SA",
        "price": "4900",
        "price_per_unit": "4900",
        "price_unit": "EA"
      },
      {
        "state": "TAS",
        "price": "4900",
        "price_per_unit": "4900",
        "price_unit": "EA"
      },
      {
        "state": "ACT",
        "price": "4900",
        "price_per_unit": "4900",
        "price_unit": "EA"
      },
      {
        "state": "NT",
        "price": "4900",
        "price_per_unit": "4900",
        "price_unit": "EA"
      }
    ]
  },
  {
    "source_url": "https://www.woolworths.com.au/shop/productdetails/394263/pet-munchies-small-animal-gourmet-treat",
    "name": "Pet Munchies Small Animal Gourmet Treat 300g",
    "image_url": "https://cdn1.woolworths.media/content/wowproductimages/large/394263.jpg",
    "source_id": "Woolworths - 394263",
    "barcode": "9313175023219",
    "shop": "Woolworths",
    "weight": "100G",
    "prices": [
      {
        "state": "NSW",
        "price": "400",
        "price_per_unit": "133",
        "price_unit": "G"
      },
      {
        "state": "VIC",
        "price": "400",
        "price_per_unit": "133",
        "price_unit": "G"
      },
      {
        "state": "WA",
        "price": "400",
        "price_per_unit": "133",
        "price_unit": "G"
      },
      {
        "state": "SA",
        "price": "400",
        "price_per_unit": "133",
        "price_unit": "G"
      },
      {
        "state": "ACT",
        "price": "400",
        "price_per_unit": "133",
        "price_unit": "G"
      },
      {
        "state": "NT",
        "price": "400",
        "price_per_unit": "133",
        "price_unit": "G"
      }
    ]
  },
  {
    "source_url": "https://www.woolworths.com.au/shop/productdetails/174486/peters-alfalfa-fruit-rabbit-guinea-pig-food",
    "name": "Peters Alfalfa & Fruit Rabbit & Guinea Pig Food 2kg",
    "image_url": "https://cdn1.woolworths.media/content/wowproductimages/large/174486.jpg",
    "source_id": "Woolworths - 174486",
    "barcode": "9316203000206",
    "shop": "Woolworths",
    "weight": "100G",
    "prices": [
      {
        "state": "NSW",
        "price": "750",
        "price_per_unit": "38",
        "price_unit": "G"
      },
      {
        "state": "VIC",
        "price": "750",
        "price_per_unit": "38",
        "price_unit": "G"
      },
      {
        "state": "WA",
        "price": "750",
        "price_per_unit": "38",
        "price_unit": "G"
      },
      {
        "state": "SA",
        "price": "750",
        "price_per_unit": "38",
        "price_unit": "G"
      },
      {
        "state": "ACT",
        "price": "750",
        "price_per_unit": "38",
        "price_unit": "G"
      },
      {
        "state": "NT",
        "price": "750",
        "price_per_unit": "38",
        "price_unit": "G"
      }
    ]
  },
  {
    "source_url": "https://www.woolworths.com.au/shop/productdetails/1074401230/peters-oaten-hay-2kg",
    "name": "Peters Oaten Hay - 2kg",
    "image_url": "https://cdn1.woolworths.media/content/wowproductimages/large/1074401230.jpg",
    "source_id": "Woolworths - 1074401230",
    "barcode": null,
    "shop": "Woolworths",
    "weight": null,
    "prices": [
      null,
      null,
      null,
      null,
      null
    ]
  },
  {
    "source_url": "https://www.woolworths.com.au/shop/productdetails/1074295696/peters-parsley-lucerne-bowl-carrot-130g",
    "name": "Peters Parsley Lucerne Bowl & Carrot 130g",
    "image_url": "https://cdn1.woolworths.media/content/wowproductimages/large/1074295696.jpg",
    "source_id": "Woolworths - 1074295696",
    "barcode": null,
    "shop": "Woolworths",
    "weight": "1EA",
    "prices": [
      {
        "state": "NSW",
        "price": "2990",
        "price_per_unit": "2990",
        "price_unit": "EA"
      },
      {
        "state": "VIC",
        "price": "2990",
        "price_per_unit": "2990",
        "price_unit": "EA"
      },
      {
        "state": "WA",
        "price": "2990",
        "price_per_unit": "2990",
        "price_unit": "EA"
      },
      {
        "state": "SA",
        "price": "2990",
        "price_per_unit": "2990",
        "price_unit": "EA"
      },
      {
        "state": "ACT",
        "price": "2990",
        "price_per_unit": "2990",
        "price_unit": "EA"
      },
      {
        "state": "NT",
        "price": "2990",
        "price_per_unit": "2990",
        "price_unit": "EA"
      }
    ]
  },
  {
    "source_url": "https://www.woolworths.com.au/shop/productdetails/1074711146/rooster-farms-the-himalayan-salt-collective-himalayan-pink-salt-lick-rock-for-animal-and-livestock-with-hanging-rope",
    "name": "Rooster Farms -The Himalayan Salt Collective Himalayan Pink Salt Lick Rock - For Animal and Livestock With Hanging Rope",
    "image_url": "https://cdn1.woolworths.media/content/wowproductimages/large/1074711146.jpg",
    "source_id": "Woolworths - 1074711146",
    "barcode": null,
    "shop": "Woolworths",
    "weight": "1EA",
    "prices": [
      {
        "state": "NSW",
        "price": "4699",
        "price_per_unit": "4699",
        "price_unit": "EA"
      },
      {
        "state": "VIC",
        "price": "4699",
        "price_per_unit": "4699",
        "price_unit": "EA"
      },
      {
        "state": "WA",
        "price": "4699",
        "price_per_unit": "4699",
        "price_unit": "EA"
      },
      {
        "state": "SA",
        "price": "4699",
        "price_per_unit": "4699",
        "price_unit": "EA"
      },
      {
        "state": "ACT",
        "price": "4699",
        "price_per_unit": "4699",
        "price_unit": "EA"
      },
      {
        "state": "NT",
        "price": "4699",
        "price_per_unit": "4699",
        "price_unit": "EA"
      }
    ]
  },
  {
    "source_url": "https://www.woolworths.com.au/shop/productdetails/1076415151/vivva-pet-hay-bag-feeder-hanging-eating-feeding-blue",
    "name": "Vivva Pet Hay Bag Feeder Hanging Eating Feeding Blue",
    "image_url": "https://cdn1.woolworths.media/content/wowproductimages/large/1076415151.jpg",
    "source_id": "Woolworths - 1076415151",
    "barcode": null,
    "shop": "Woolworths",
    "weight": "1EA",
    "prices": [
      {
        "state": "NSW",
        "price": "1450",
        "price_per_unit": "1450",
        "price_unit": "EA"
      },
      {
        "state": "VIC",
        "price": "1450",
        "price_per_unit": "1450",
        "price_unit": "EA"
      },
      {
        "state": "WA",
        "price": "1450",
        "price_per_unit": "1450",
        "price_unit": "EA"
      },
      {
        "state": "SA",
        "price": "1450",
        "price_per_unit": "1450",
        "price_unit": "EA"
      },
      {
        "state": "ACT",
        "price": "1450",
        "price_per_unit": "1450",
        "price_unit": "EA"
      },
      {
        "state": "NT",
        "price": "1450",
        "price_per_unit": "1450",
        "price_unit": "EA"
      }
    ]
  },
  {
    "source_url": "https://www.woolworths.com.au/shop/productdetails/183873/dux-guinea-pig-rabbit-meal",
    "name": "Dux Guinea Pig & Rabbit Meal 2kg",
    "image_url": "https://cdn1.woolworths.media/content/wowproductimages/large/183873.jpg",
    "source_id": "Woolworths - 183873",
    "barcode": "9311821000102",
    "shop": "Woolworths",
    "weight": "100G",
    "prices": [
      {
        "state": "VIC",
        "price": "750",
        "price_per_unit": "38",
        "price_unit": "G"
      },
      {
        "state": "QLD",
        "price": "750",
        "price_per_unit": "38",
        "price_unit": "G"
      },
      {
        "state": "WA",
        "price": "750",
        "price_per_unit": "38",
        "price_unit": "G"
      },
      {
        "state": "SA",
        "price": "750",
        "price_per_unit": "38",
        "price_unit": "G"
      },
      {
        "state": "TAS",
        "price": "750",
        "price_per_unit": "38",
        "price_unit": "G"
      },
      {
        "state": "ACT",
        "price": "750",
        "price_per_unit": "38",
        "price_unit": "G"
      },
      {
        "state": "NT",
        "price": "750",
        "price_per_unit": "38",
        "price_unit": "G"
      }
    ]
  },
  {
    "source_url": "https://www.woolworths.com.au/shop/productdetails/133629/fibre-cycle-back-2-nature-small-animal-bedding",
    "name": "Fibre Cycle Back 2 Nature Small Animal Bedding 10l",
    "image_url": "https://cdn1.woolworths.media/content/wowproductimages/large/133629.jpg",
    "source_id": "Woolworths - 133629",
    "barcode": "9315087401109",
    "shop": "Woolworths",
    "weight": "1L",
    "prices": [
      {
        "state": "VIC",
        "price": "1300",
        "price_per_unit": "130",
        "price_unit": "L"
      },
      {
        "state": "WA",
        "price": "1300",
        "price_per_unit": "130",
        "price_unit": "L"
      },
      {
        "state": "SA",
        "price": "1300",
        "price_per_unit": "130",
        "price_unit": "L"
      },
      {
        "state": "TAS",
        "price": "1300",
        "price_per_unit": "130",
        "price_unit": "L"
      },
      {
        "state": "ACT",
        "price": "1300",
        "price_per_unit": "130",
        "price_unit": "L"
      },
      {
        "state": "NT",
        "price": "1300",
        "price_per_unit": "130",
        "price_unit": "L"
      }
    ]
  },
  {
    "source_url": "https://www.woolworths.com.au/shop/productdetails/390449/peckish-dental-nibbles-blueberry-for-small-animals",
    "name": "Peckish Dental Nibbles Blueberry For Small Animals 150g",
    "image_url": "https://cdn1.woolworths.media/content/wowproductimages/large/390449.jpg",
    "source_id": "Woolworths - 390449",
    "barcode": "9322930016533",
    "shop": "Woolworths",
    "weight": "100G",
    "prices": [
      {
        "state": "VIC",
        "price": "600",
        "price_per_unit": "400",
        "price_unit": "G"
      },
      {
        "state": "WA",
        "price": "600",
        "price_per_unit": "400",
        "price_unit": "G"
      },
      {
        "state": "SA",
        "price": "600",
        "price_per_unit": "400",
        "price_unit": "G"
      },
      {
        "state": "ACT",
        "price": "600",
        "price_per_unit": "400",
        "price_unit": "G"
      },
      {
        "state": "NT",
        "price": "600",
        "price_per_unit": "400",
        "price_unit": "G"
      }
    ]
  },
  {
    "source_url": "https://www.woolworths.com.au/shop/productdetails/74624/peters-poultry-free-range-mix",
    "name": "Peters Poultry Free Range Mix 5kg",
    "image_url": "https://cdn1.woolworths.media/content/wowproductimages/large/074624.jpg",
    "source_id": "Woolworths - 74624",
    "barcode": "9316203000114",
    "shop": "Woolworths",
    "weight": "100G",
    "prices": [
      {
        "state": "VIC",
        "price": "1200",
        "price_per_unit": "24",
        "price_unit": "G"
      },
      {
        "state": "SA",
        "price": "1200",
        "price_per_unit": "24",
        "price_unit": "G"
      },
      {
        "state": "ACT",
        "price": "1200",
        "price_per_unit": "24",
        "price_unit": "G"
      },
      {
        "state": "NT",
        "price": "1200",
        "price_per_unit": "24",
        "price_unit": "G"
      }
    ]
  },
  {
    "source_url": "https://www.woolworths.com.au/shop/productdetails/351934/peters-rabbit-guinea-pig-foragers-feast",
    "name": "Peters Rabbit & Guinea Pig Foragers Feast 1kg",
    "image_url": "https://cdn1.woolworths.media/content/wowproductimages/large/351934.jpg",
    "source_id": "Woolworths - 351934",
    "barcode": "9316203000381",
    "shop": "Woolworths",
    "weight": "100G",
    "prices": [
      {
        "state": "VIC",
        "price": "815",
        "price_per_unit": "82",
        "price_unit": "G"
      },
      {
        "state": "WA",
        "price": "815",
        "price_per_unit": "82",
        "price_unit": "G"
      },
      {
        "state": "SA",
        "price": "815",
        "price_per_unit": "82",
        "price_unit": "G"
      },
      {
        "state": "ACT",
        "price": "815",
        "price_per_unit": "82",
        "price_unit": "G"
      },
      {
        "state": "NT",
        "price": "856",
        "price_per_unit": "86",
        "price_unit": "G"
      }
    ]
  },
  {
    "source_url": "https://www.woolworths.com.au/shop/productdetails/247207/peters-rabbit-guinea-pig-pasture-hay",
    "name": "Peters Rabbit & Guinea Pig Pasture Hay 1kg",
    "image_url": "https://cdn1.woolworths.media/content/wowproductimages/large/247207.jpg",
    "source_id": "Woolworths - 247207",
    "barcode": "9316203000367",
    "shop": "Woolworths",
    "weight": "100G",
    "prices": [
      {
        "state": "VIC",
        "price": "980",
        "price_per_unit": "98",
        "price_unit": "G"
      },
      {
        "state": "WA",
        "price": "980",
        "price_per_unit": "98",
        "price_unit": "G"
      },
      {
        "state": "SA",
        "price": "980",
        "price_per_unit": "98",
        "price_unit": "G"
      },
      {
        "state": "ACT",
        "price": "980",
        "price_per_unit": "98",
        "price_unit": "G"
      },
      {
        "state": "NT",
        "price": "980",
        "price_per_unit": "98",
        "price_unit": "G"
      }
    ]
  },
  {
    "source_url": "https://www.woolworths.com.au/shop/productdetails/134161/peckish-performance-layer-mix",
    "name": "Peckish Performance Layer Mix 5kg",
    "image_url": "https://cdn1.woolworths.media/content/wowproductimages/large/134161.jpg",
    "source_id": "Woolworths - 134161",
    "barcode": "9322930010531",
    "shop": "Woolworths",
    "weight": "100G",
    "prices": [
      {
        "state": "SA",
        "price": "1500",
        "price_per_unit": "30",
        "price_unit": "G"
      },
      {
        "state": "ACT",
        "price": "1500",
        "price_per_unit": "30",
        "price_unit": "G"
      },
      {
        "state": "NT",
        "price": "1500",
        "price_per_unit": "30",
        "price_unit": "G"
      }
    ]
  },
  {
    "source_url": "https://www.woolworths.com.au/shop/productdetails/394283/pet-munchies-rabbit-guinea-pig-blend",
    "name": "Pet Munchies Rabbit & Guinea Pig Blend 90g",
    "image_url": "https://cdn1.woolworths.media/content/wowproductimages/large/394283.jpg",
    "source_id": "Woolworths - 394283",
    "barcode": "9313175023165",
    "shop": "Woolworths",
    "weight": "100G",
    "prices": [
      {
        "state": "SA",
        "price": "320",
        "price_per_unit": "356",
        "price_unit": "G"
      },
      {
        "state": "ACT",
        "price": "320",
        "price_per_unit": "356",
        "price_unit": "G"
      },
      {
        "state": "NT",
        "price": "320",
        "price_per_unit": "356",
        "price_unit": "G"
      }
    ]
  },
  {
    "source_url": "https://www.woolworths.com.au/shop/productdetails/40423/peters-multigrain-mix-rabbit-guinea-pig-food",
    "name": "Peters Multigrain Mix Rabbit & Guinea Pig Food 2kg",
    "image_url": "https://cdn1.woolworths.media/content/wowproductimages/large/040423.jpg",
    "source_id": "Woolworths - 40423",
    "barcode": "9316203000015",
    "shop": "Woolworths",
    "weight": "100G",
    "prices": [
      {
        "state": "SA",
        "price": "750",
        "price_per_unit": "38",
        "price_unit": "G"
      },
      {
        "state": "ACT",
        "price": "750",
        "price_per_unit": "38",
        "price_unit": "G"
      },
      {
        "state": "NT",
        "price": "750",
        "price_per_unit": "38",
        "price_unit": "G"
      }
    ]
  },
  {
    "source_url": "https://www.woolworths.com.au/shop/productdetails/351933/peters-rabbit-guinea-pig-little-gems-treats",
    "name": "Peters Rabbit & Guinea Pig Little Gems Treats 120g",
    "image_url": "https://cdn1.woolworths.media/content/wowproductimages/large/351933.jpg",
    "source_id": "Woolworths - 351933",
    "barcode": "9316203000282",
    "shop": "Woolworths",
    "weight": "100G",
    "prices": [
      {
        "state": "SA",
        "price": "399",
        "price_per_unit": "333",
        "price_unit": "G"
      },
      {
        "state": "ACT",
        "price": "454",
        "price_per_unit": "378",
        "price_unit": "G"
      },
      {
        "state": "NT",
        "price": "539",
        "price_per_unit": "449",
        "price_unit": "G"
      }
    ]
  },
  {
    "source_url": "https://www.woolworths.com.au/shop/productdetails/174485/peters-rabbit-guinea-pig-lucerne-pellets",
    "name": "Peters Rabbit & Guinea Pig Lucerne Pellets 2kg",
    "image_url": "https://cdn1.woolworths.media/content/wowproductimages/large/174485.jpg",
    "source_id": "Woolworths - 174485",
    "barcode": "9316203000190",
    "shop": "Woolworths",
    "weight": "100G",
    "prices": [
      {
        "state": "SA",
        "price": "700",
        "price_per_unit": "35",
        "price_unit": "G"
      },
      {
        "state": "ACT",
        "price": "700",
        "price_per_unit": "35",
        "price_unit": "G"
      },
      {
        "state": "NT",
        "price": "700",
        "price_per_unit": "35",
        "price_unit": "G"
      }
    ]
  }
]