[
  {
    "source_url": "https://www.woolworths.com.au/shop/productdetails/1075320173/advance-adult-cat-chicken-3kg",
    "name": "Advance Adult Cat - Chicken - 3kg",
    "image_url": "https://cdn1.woolworths.media/content/wowproductimages/large/1075320173.jpg",
    "source_id": "Woolworths - 1075320173",
    "barcode": null,
    "shop": "Woolworths",
    "weight": "1EA",
    "prices": [
      {
        "state": "NSW",
        "price": "6699",
        "price_per_unit": "6699",
        "price_unit": "EA"
      },
      {
        "state": "VIC",
        "price": "6699",
        "price_per_unit": "6699",
        "price_unit": "EA"
      },
      {
        "state": "QLD",
        "price": "6699",
        "price_per_unit": "6699",
        "price_unit": "EA"
      },
      {
        "state": "WA",
        "price": "6699",
        "price_per_unit": "6699",
        "price_unit": "EA"
      },
      {
        "state": "SA",
        "price": "6699",
        "price_per_unit": "6699",
        "price_unit": "EA"
      },
      {
        "state": "TAS",
        "price": "6699",
        "price_per_unit": "6699",
        "price_unit": "EA"
      },
      {
        "state": "ACT",
        "price": "6699",
        "price_per_unit": "6699",
        "price_unit": "EA"
      },
      {
        "state": "NT",
        "price": "6699",
        "price_per_unit": "6699",
        "price_unit": "EA"
      }
    ]
  },
  {
    "source_url": "https://www.woolworths.com.au/shop/productdetails/1075320176/advance-adult-cat-ocean-fish-3kg",
    "name": "Advance Adult Cat - Ocean Fish - 3kg",
    "image_url": "https://cdn1.woolworths.media/content/wowproductimages/large/1075320176.jpg",
    "source_id": "Woolworths - 1075320176",
    "barcode": null,
    "shop": "Woolworths",
    "weight": "1EA",
    "prices": [
      {
        "state": "NSW",
        "price": "6699",
        "price_per_unit": "6699",
        "price_unit": "EA"
      },
      {
        "state": "VIC",
        "price": "6699",
        "price_per_unit": "6699",
        "price_unit": "EA"
      },
      {
        "state": "QLD",
        "price": "6699",
        "price_per_unit": "6699",
        "price_unit": "EA"
      },
      {
        "state": "WA",
        "price": "6699",
        "price_per_unit": "6699",
        "price_unit": "EA"
      },
      {
        "state": "SA",
        "price": "6699",
        "price_per_unit": "6699",
        "price_unit": "EA"
      },
      {
        "state": "TAS",
        "price": "6699",
        "price_per_unit": "6699",
        "price_unit": "EA"
      },
      {
        "state": "ACT",
        "price": "6699",
        "price_per_unit": "6699",
        "price_unit": "EA"
      },
      {
        "state": "NT",
        "price": "6699",
        "price_per_unit": "6699",
        "price_unit": "EA"
      }
    ]
  },
  {
    "source_url": "https://www.woolworths.com.au/shop/productdetails/1075146339/advance-adult-cat-chicken-and-liver-medley-wet-7-x-85g-",
    "name": "Advance Adult Cat Chicken and Liver Medley - Wet - (7 x 85g)",
    "image_url": "https://cdn1.woolworths.media/content/wowproductimages/large/1075146339.jpg",
    "source_id": "Woolworths - 1075146339",
    "barcode": null,
    "shop": "Woolworths",
    "weight": "1EA",
    "prices": [
      {
        "state": "NSW",
        "price": "2699",
        "price_per_unit": "2699",
        "price_unit": "EA"
      },
      {
        "state": "VIC",
        "price": "2699",
        "price_per_unit": "2699",
        "price_unit": "EA"
      },
      {
        "state": "QLD",
        "price": "2699",
        "price_per_unit": "2699",
        "price_unit": "EA"
      },
      {
        "state": "WA",
        "price": "2699",
        "price_per_unit": "2699",
        "price_unit": "EA"
      },
      {
        "state": "SA",
        "price": "2699",
        "price_per_unit": "2699",
        "price_unit": "EA"
      },
      {
        "state": "TAS",
        "price": "2699",
        "price_per_unit": "2699",
        "price_unit": "EA"
      },
      {
        "state": "ACT",
        "price": "2699",
        "price_per_unit": "2699",
        "price_unit": "EA"
      },
      {
        "state": "NT",
        "price": "2699",
        "price_per_unit": "2699",
        "price_unit": "EA"
      }
    ]
  },
  {
    "source_url": "https://www.woolworths.com.au/shop/productdetails/1075146247/advance-adult-cat-chicken-and-liver-medley-wet-85g",
    "name": "Advance Adult Cat Chicken and Liver Medley - Wet - 85g",
    "image_url": "https://cdn1.woolworths.media/content/wowproductimages/large/1075146247.jpg",
    "source_id": "Woolworths - 1075146247",
    "barcode": null,
    "shop": "Woolworths",
    "weight": "1EA",
    "prices": [
      {
        "state": "NSW",
        "price": "799",
        "price_per_unit": "799",
        "price_unit": "EA"
      },
      {
        "state": "VIC",
        "price": "799",
        "price_per_unit": "799",
        "price_unit": "EA"
      },
      {
        "state": "QLD",
        "price": "799",
        "price_per_unit": "799",
        "price_unit": "EA"
      },
      {
        "state": "WA",
        "price": "799",
        "price_per_unit": "799",
        "price_unit": "EA"
      },
      {
        "state": "SA",
        "price": "799",
        "price_per_unit": "799",
        "price_unit": "EA"
      },
      {
        "state": "TAS",
        "price": "799",
        "price_per_unit": "799",
        "price_unit": "EA"
      },
      {
        "state": "ACT",
        "price": "799",
        "price_per_unit": "799",
        "price_unit": "EA"
      },
      {
        "state": "NT",
        "price": "799",
        "price_per_unit": "799",
        "price_unit": "EA"
      }
    ]
  },
  {
    "source_url": "https://www.woolworths.com.au/shop/productdetails/1075146357/advance-adult-cat-chicken-and-salmon-medley-wet-7-x-85g-",
    "name": "Advance Adult Cat Chicken and Salmon Medley - Wet - (7 x 85g)",
    "image_url": "https://cdn1.woolworths.media/content/wowproductimages/large/1075146357.jpg",
    "source_id": "Woolworths - 1075146357",
    "barcode": null,
    "shop": "Woolworths",
    "weight": "1EA",
    "prices": [
      {
        "state": "NSW",
        "price": "2699",
        "price_per_unit": "2699",
        "price_unit": "EA"
      },
      {
        "state": "VIC",
        "price": "2699",
        "price_per_unit": "2699",
        "price_unit": "EA"
      },
      {
        "state": "QLD",
        "price": "2699",
        "price_per_unit": "2699",
        "price_unit": "EA"
      },
      {
        "state": "WA",
        "price": "2699",
        "price_per_unit": "2699",
        "price_unit": "EA"
      },
      {
        "state": "SA",
        "price": "2699",
        "price_per_unit": "2699",
        "price_unit": "EA"
      },
      {
        "state": "TAS",
        "price": "2699",
        "price_per_unit": "2699",
        "price_unit": "EA"
      },
      {
        "state": "ACT",
        "price": "2699",
        "price_per_unit": "2699",
        "price_unit": "EA"
      },
      {
        "state": "NT",
        "price": "2699",
        "price_per_unit": "2699",
        "price_unit": "EA"
      }
    ]
  },
  {
    "source_url": "https://www.woolworths.com.au/shop/productdetails/1075146264/advance-adult-cat-chicken-and-salmon-medley-wet-85g",
    "name": "Advance Adult Cat Chicken and Salmon Medley - Wet - 85g",
    "image_url": "https://cdn1.woolworths.media/content/wowproductimages/large/1075146264.jpg",
    "source_id": "Woolworths - 1075146264",
    "barcode": null,
    "shop": "Woolworths",
    "weight": "1EA",
    "prices": [
      {
        "state": "NSW",
        "price": "799",
        "price_per_unit": "799",
        "price_unit": "EA"
      },
      {
        "state": "VIC",
        "price": "799",
        "price_per_unit": "799",
        "price_unit": "EA"
      },
      {
        "state": "QLD",
        "price": "799",
        "price_per_unit": "799",
        "price_unit": "EA"
      },
      {
        "state": "WA",
        "price": "799",
        "price_per_unit": "799",
        "price_unit": "EA"
      },
      {
        "state": "SA",
        "price": "799",
        "price_per_unit": "799",
        "price_unit": "EA"
      },
      {
        "state": "TAS",
        "price": "799",
        "price_per_unit": "799",
        "price_unit": "EA"
      },
      {
        "state": "ACT",
        "price": "799",
        "price_per_unit": "799",
        "price_unit": "EA"
      },
      {
        "state": "NT",
        "price": "799",
        "price_per_unit": "799",
        "price_unit": "EA"
      }
    ]
  },
  {
    "source_url": "https://www.woolworths.com.au/shop/productdetails/1075148178/advance-adult-cat-tender-chicken-delight-wet-85g",
    "name": "Advance Adult Cat Tender Chicken Delight - Wet - 85g",
    "image_url": "https://cdn1.woolworths.media/content/wowproductimages/large/1075148178.jpg",
    "source_id": "Woolworths - 1075148178",
    "barcode": null,
    "shop": "Woolworths",
    "weight": "1EA",
    "prices": [
      {
        "state": "NSW",
        "price": "799",
        "price_per_unit": "799",
        "price_unit": "EA"
      },
      {
        "state": "VIC",
        "price": "799",
        "price_per_unit": "799",
        "price_unit": "EA"
      },
      {
        "state": "QLD",
        "price": "799",
        "price_per_unit": "799",
        "price_unit": "EA"
      },
      {
        "state": "WA",
        "price": "799",
        "price_per_unit": "799",
        "price_unit": "EA"
      },
      {
        "state": "SA",
        "price": "799",
        "price_per_unit": "799",
        "price_unit": "EA"
      },
      {
        "state": "TAS",
        "price": "799",
        "price_per_unit": "799",
        "price_unit": "EA"
      },
      {
        "state": "ACT",
        "price": "799",
        "price_per_unit": "799",
        "price_unit": "EA"
      },
      {
        "state": "NT",
        "price": "799",
        "price_per_unit": "799",
        "price_unit": "EA"
      }
    ]
  },
  {
    "source_url": "https://www.woolworths.com.au/shop/productdetails/1075146310/advance-adult-cat-tender-chicken-delight-wet-7-x-85g-",
    "name": "Advance Adult Cat Tender Chicken Delight- Wet - (7 x 85g)",
    "image_url": "https://cdn1.woolworths.media/content/wowproductimages/large/1075146310.jpg",
    "source_id": "Woolworths - 1075146310",
    "barcode": null,
    "shop": "Woolworths",
    "weight": "1EA",
    "prices": [
      {
        "state": "NSW",
        "price": "2699",
        "price_per_unit": "2699",
        "price_unit": "EA"
      },
      {
        "state": "VIC",
        "price": "2699",
        "price_per_unit": "2699",
        "price_unit": "EA"
      },
      {
        "state": "QLD",
        "price": "2699",
        "price_per_unit": "2699",
        "price_unit": "EA"
      },
      {
        "state": "WA",
        "price": "2699",
        "price_per_unit": "2699",
        "price_unit": "EA"
      },
      {
        "state": "SA",
        "price": "2699",
        "price_per_unit": "2699",
        "price_unit": "EA"
      },
      {
        "state": "TAS",
        "price": "2699",
        "price_per_unit": "2699",
        "price_unit": "EA"
      },
      {
        "state": "ACT",
        "price": "2699",
        "price_per_unit": "2699",
        "price_unit": "EA"
      },
      {
        "state": "NT",
        "price": "2699",
        "price_per_unit": "2699",
        "price_unit": "EA"
      }
    ]
  },
  {
    "source_url": "https://www.woolworths.com.au/shop/productdetails/1075146374/advance-adult-cat-with-delicate-tuna-wet-7-x-85g-",
    "name": "Advance Adult Cat with Delicate Tuna - Wet - (7 x 85g)",
    "image_url": "https://cdn1.woolworths.media/content/wowproductimages/large/1075146374.jpg",
    "source_id": "Woolworths - 1075146374",
    "barcode": null,
    "shop": "Woolworths",
    "weight": "1EA",
    "prices": [
      {
        "state": "NSW",
        "price": "2699",
        "price_per_unit": "2699",
        "price_unit": "EA"
      },
      {
        "state": "VIC",
        "price": "2699",
        "price_per_unit": "2699",
        "price_unit": "EA"
      },
      {
        "state": "QLD",
        "price": "2699",
        "price_per_unit": "2699",
        "price_unit": "EA"
      },
      {
        "state": "WA",
        "price": "2699",
        "price_per_unit": "2699",
        "price_unit": "EA"
      },
      {
        "state": "SA",
        "price": "2699",
        "price_per_unit": "2699",
        "price_unit": "EA"
      },
      {
        "state": "TAS",
        "price": "2699",
        "price_per_unit": "2699",
        "price_unit": "EA"
      },
      {
        "state": "ACT",
        "price": "2699",
        "price_per_unit": "2699",
        "price_unit": "EA"
      },
      {
        "state": "NT",
        "price": "2699",
        "price_per_unit": "2699",
        "price_unit": "EA"
      }
    ]
  },
  {
    "source_url": "https://www.woolworths.com.au/shop/productdetails/1075146276/advance-adult-cat-with-delicate-tuna-wet-85g",
    "name": "Advance Adult Cat with Delicate Tuna - Wet - 85g",
    "image_url": "https://cdn1.woolworths.media/content/wowproductimages/large/1075146276.jpg",
    "source_id": "Woolworths - 1075146276",
    "barcode": null,
    "shop": "Woolworths",
    "weight": "1EA",
    "prices": [
      {
        "state": "NSW",
        "price": "799",
        "price_per_unit": "799",
        "price_unit": "EA"
      },
      {
        "state": "VIC",
        "price": "799",
        "price_per_unit": "799",
        "price_unit": "EA"
      },
      {
        "state": "QLD",
        "price": "799",
        "price_per_unit": "799",
        "price_unit": "EA"
      },
      {
        "state": "WA",
        "price": "799",
        "price_per_unit": "799",
        "price_unit": "EA"
      },
      {
        "state": "SA",
        "price": "799",
        "price_per_unit": "799",
        "price_unit": "EA"
      },
      {
        "state": "TAS",
        "price": "799",
        "price_per_unit": "799",
        "price_unit": "EA"
      },
      {
        "state": "ACT",
        "price": "799",
        "price_per_unit": "799",
        "price_unit": "EA"
      },
      {
        "state": "NT",
        "price": "799",
        "price_per_unit": "799",
        "price_unit": "EA"
      }
    ]
  },
  {
    "source_url": "https://www.woolworths.com.au/shop/productdetails/1075146231/advance-adult-cat-with-succulent-turkey-wet-85g",
    "name": "Advance Adult Cat with Succulent Turkey - Wet - 85g",
    "image_url": "https://cdn1.woolworths.media/content/wowproductimages/large/1075146231.jpg",
    "source_id": "Woolworths - 1075146231",
    "barcode": null,
    "shop": "Woolworths",
    "weight": "1EA",
    "prices": [
      {
        "state": "NSW",
        "price": "799",
        "price_per_unit": "799",
        "price_unit": "EA"
      },
      {
        "state": "VIC",
        "price": "799",
        "price_per_unit": "799",
        "price_unit": "EA"
      },
      {
        "state": "QLD",
        "price": "799",
        "price_per_unit": "799",
        "price_unit": "EA"
      },
      {
        "state": "WA",
        "price": "799",
        "price_per_unit": "799",
        "price_unit": "EA"
      },
      {
        "state": "SA",
        "price": "799",
        "price_per_unit": "799",
        "price_unit": "EA"
      },
      {
        "state": "TAS",
        "price": "799",
        "price_per_unit": "799",
        "price_unit": "EA"
      },
      {
        "state": "ACT",
        "price": "799",
        "price_per_unit": "799",
        "price_unit": "EA"
      },
      {
        "state": "NT",
        "price": "799",
        "price_per_unit": "799",
        "price_unit": "EA"
      }
    ]
  },
  {
    "source_url": "https://www.woolworths.com.au/shop/productdetails/1075146324/advance-adult-cat-with-succulent-turkey-wet-7-x-85g-",
    "name": "Advance Adult Cat with Succulent Turkey- Wet - (7 x 85g)",
    "image_url": "https://cdn1.woolworths.media/content/wowproductimages/large/1075146324.jpg",
    "source_id": "Woolworths - 1075146324",
    "barcode": null,
    "shop": "Woolworths",
    "weight": "1EA",
    "prices": [
      {
        "state": "NSW",
        "price": "2699",
        "price_per_unit": "2699",
        "price_unit": "EA"
      },
      {
        "state": "VIC",
        "price": "2699",
        "price_per_unit": "2699",
        "price_unit": "EA"
      },
      {
        "state": "QLD",
        "price": "2699",
        "price_per_unit": "2699",
        "price_unit": "EA"
      },
      {
        "state": "WA",
        "price": "2699",
        "price_per_unit": "2699",
        "price_unit": "EA"
      },
      {
        "state": "SA",
        "price": "2699",
        "price_per_unit": "2699",
        "price_unit": "EA"
      },
      {
        "state": "TAS",
        "price": "2699",
        "price_per_unit": "2699",
        "price_unit": "EA"
      },
      {
        "state": "ACT",
        "price": "2699",
        "price_per_unit": "2699",
        "price_unit": "EA"
      },
      {
        "state": "NT",
        "price": "2699",
        "price_per_unit": "2699",
        "price_unit": "EA"
      }
    ]
  },
  {
    "source_url": "https://www.woolworths.com.au/shop/productdetails/1075147384/advance-cat-multi-pouch-pack-in-jelly-12-x-85g-",
    "name": "Advance Cat Multi Pouch Pack in Jelly (12 x 85g)",
    "image_url": "https://cdn1.woolworths.media/content/wowproductimages/large/1075147384.jpg",
    "source_id": "Woolworths - 1075147384",
    "barcode": null,
    "shop": "Woolworths",
    "weight": "1EA",
    "prices": [
      {
        "state": "NSW",
        "price": "3899",
        "price_per_unit": "3899",
        "price_unit": "EA"
      },
      {
        "state": "VIC",
        "price": "3899",
        "price_per_unit": "3899",
        "price_unit": "EA"
      },
      {
        "state": "QLD",
        "price": "3899",
        "price_per_unit": "3899",
        "price_unit": "EA"
      },
      {
        "state": "WA",
        "price": "3899",
        "price_per_unit": "3899",
        "price_unit": "EA"
      },
      {
        "state": "SA",
        "price": "3899",
        "price_per_unit": "3899",
        "price_unit": "EA"
      },
      {
        "state": "TAS",
        "price": "3899",
        "price_per_unit": "3899",
        "price_unit": "EA"
      },
      {
        "state": "ACT",
        "price": "3899",
        "price_per_unit": "3899",
        "price_unit": "EA"
      },
      {
        "state": "NT",
        "price": "3899",
        "price_per_unit": "3899",
        "price_unit": "EA"
      }
    ]
  },
  {
    "source_url": "https://www.woolworths.com.au/shop/productdetails/1075147277/advance-dental-adult-cat-chicken-2kg",
    "name": "Advance Dental Adult Cat - Chicken - 2kg",
    "image_url": "https://cdn1.woolworths.media/content/wowproductimages/large/1075147277.jpg",
    "source_id": "Woolworths - 1075147277",
    "barcode": null,
    "shop": "Woolworths",
    "weight": "1EA",
    "prices": [
      {
        "state": "NSW",
        "price": "5699",
        "price_per_unit": "5699",
        "price_unit": "EA"
      },
      {
        "state": "VIC",
        "price": "5699",
        "price_per_unit": "5699",
        "price_unit": "EA"
      },
      {
        "state": "QLD",
        "price": "5699",
        "price_per_unit": "5699",
        "price_unit": "EA"
      },
      {
        "state": "WA",
        "price": "5699",
        "price_per_unit": "5699",
        "price_unit": "EA"
      },
      {
        "state": "SA",
        "price": "5699",
        "price_per_unit": "5699",
        "price_unit": "EA"
      },
      {
        "state": "TAS",
        "price": "5699",
        "price_per_unit": "5699",
        "price_unit": "EA"
      },
      {
        "state": "ACT",
        "price": "5699",
        "price_per_unit": "5699",
        "price_unit": "EA"
      },
      {
        "state": "NT",
        "price": "5699",
        "price_per_unit": "5699",
        "price_unit": "EA"
      }
    ]
  },
  {
    "source_url": "https://www.woolworths.com.au/shop/productdetails/1075147263/advance-healthy-ageing-adult-cat-dry-food-chicken-3kg",
    "name": "Advance Healthy Ageing Adult Cat Dry Food - Chicken - 3kg",
    "image_url": "https://cdn1.woolworths.media/content/wowproductimages/large/1075147263.jpg",
    "source_id": "Woolworths - 1075147263",
    "barcode": null,
    "shop": "Woolworths",
    "weight": "1EA",
    "prices": [
      {
        "state": "NSW",
        "price": "6699",
        "price_per_unit": "6699",
        "price_unit": "EA"
      },
      {
        "state": "VIC",
        "price": "6699",
        "price_per_unit": "6699",
        "price_unit": "EA"
      },
      {
        "state": "QLD",
        "price": "6699",
        "price_per_unit": "6699",
        "price_unit": "EA"
      },
      {
        "state": "WA",
        "price": "6699",
        "price_per_unit": "6699",
        "price_unit": "EA"
      },
      {
        "state": "SA",
        "price": "6699",
        "price_per_unit": "6699",
        "price_unit": "EA"
      },
      {
        "state": "TAS",
        "price": "6699",
        "price_per_unit": "6699",
        "price_unit": "EA"
      },
      {
        "state": "ACT",
        "price": "6699",
        "price_per_unit": "6699",
        "price_unit": "EA"
      },
      {
        "state": "NT",
        "price": "6699",
        "price_per_unit": "6699",
        "price_unit": "EA"
      }
    ]
  },
  {
    "source_url": "https://www.woolworths.com.au/shop/productdetails/1075320178/advance-kitten-chicken-3kg",
    "name": "Advance Kitten - Chicken - 3kg",
    "image_url": "https://cdn1.woolworths.media/content/wowproductimages/large/1075320178.jpg",
    "source_id": "Woolworths - 1075320178",
    "barcode": null,
    "shop": "Woolworths",
    "weight": "1EA",
    "prices": [
      {
        "state": "NSW",
        "price": "6699",
        "price_per_unit": "6699",
        "price_unit": "EA"
      },
      {
        "state": "VIC",
        "price": "6699",
        "price_per_unit": "6699",
        "price_unit": "EA"
      },
      {
        "state": "QLD",
        "price": "6699",
        "price_per_unit": "6699",
        "price_unit": "EA"
      },
      {
        "state": "WA",
        "price": "6699",
        "price_per_unit": "6699",
        "price_unit": "EA"
      },
      {
        "state": "SA",
        "price": "6699",
        "price_per_unit": "6699",
        "price_unit": "EA"
      },
      {
        "state": "TAS",
        "price": "6699",
        "price_per_unit": "6699",
        "price_unit": "EA"
      },
      {
        "state": "ACT",
        "price": "6699",
        "price_per_unit": "6699",
        "price_unit": "EA"
      },
      {
        "state": "NT",
        "price": "6699",
        "price_per_unit": "6699",
        "price_unit": "EA"
      }
    ]
  },
  {
    "source_url": "https://www.woolworths.com.au/shop/productdetails/1075147307/advance-kitten-chicken-in-jelly-pouch-12-x-85g-",
    "name": "Advance Kitten Chicken in Jelly Pouch (12 x 85g)",
    "image_url": "https://cdn1.woolworths.media/content/wowproductimages/large/1075147307.jpg",
    "source_id": "Woolworths - 1075147307",
    "barcode": null,
    "shop": "Woolworths",
    "weight": "1EA",
    "prices": [
      {
        "state": "NSW",
        "price": "3899",
        "price_per_unit": "3899",
        "price_unit": "EA"
      },
      {
        "state": "VIC",
        "price": "3899",
        "price_per_unit": "3899",
        "price_unit": "EA"
      },
      {
        "state": "QLD",
        "price": "3899",
        "price_per_unit": "3899",
        "price_unit": "EA"
      },
      {
        "state": "WA",
        "price": "3899",
        "price_per_unit": "3899",
        "price_unit": "EA"
      },
      {
        "state": "SA",
        "price": "3899",
        "price_per_unit": "3899",
        "price_unit": "EA"
      },
      {
        "state": "TAS",
        "price": "3899",
        "price_per_unit": "3899",
        "price_unit": "EA"
      },
      {
        "state": "ACT",
        "price": "3899",
        "price_per_unit": "3899",
        "price_unit": "EA"
      },
      {
        "state": "NT",
        "price": "3899",
        "price_per_unit": "3899",
        "price_unit": "EA"
      }
    ]
  },
  {
    "source_url": "https://www.woolworths.com.au/shop/productdetails/1075148169/advance-kitten-tender-chicken-delight-wet-85g",
    "name": "Advance Kitten Tender Chicken Delight - Wet - 85g",
    "image_url": "https://cdn1.woolworths.media/content/wowproductimages/large/1075148169.jpg",
    "source_id": "Woolworths - 1075148169",
    "barcode": null,
    "shop": "Woolworths",
    "weight": "1EA",
    "prices": [
      {
        "state": "NSW",
        "price": "799",
        "price_per_unit": "799",
        "price_unit": "EA"
      },
      {
        "state": "VIC",
        "price": "799",
        "price_per_unit": "799",
        "price_unit": "EA"
      },
      {
        "state": "QLD",
        "price": "799",
        "price_per_unit": "799",
        "price_unit": "EA"
      },
      {
        "state": "WA",
        "price": "799",
        "price_per_unit": "799",
        "price_unit": "EA"
      },
      {
        "state": "SA",
        "price": "799",
        "price_per_unit": "799",
        "price_unit": "EA"
      },
      {
        "state": "TAS",
        "price": "799",
        "price_per_unit": "799",
        "price_unit": "EA"
      },
      {
        "state": "ACT",
        "price": "799",
        "price_per_unit": "799",
        "price_unit": "EA"
      },
      {
        "state": "NT",
        "price": "799",
        "price_per_unit": "799",
        "price_unit": "EA"
      }
    ]
  },
  {
    "source_url": "https://www.woolworths.com.au/shop/productdetails/1074401220/advance-multi-cat-adult-chicken-salmon-dry-cat-food-6kg",
    "name": "Advance Multi Cat Adult Chicken & Salmon Dry Cat Food 6kg",
    "image_url": "https://cdn1.woolworths.media/content/wowproductimages/large/1074401220.jpg",
    "source_id": "Woolworths - 1074401220",
    "barcode": null,
    "shop": "Woolworths",
    "weight": null,
    "prices": [
      null,
      null,
      null,
      null,
      null,
      null,
      null
    ]
  },
  {
    "source_url": "https://www.woolworths.com.au/shop/productdetails/1074296862/black-hawk-chicken-original-adult-dry-cat-food-4kg",
    "name": "Black Hawk Chicken Original Adult Dry Cat Food 4kg",
    "image_url": "https://cdn1.woolworths.media/content/wowproductimages/large/1074296862.jpg",
    "source_id": "Woolworths - 1074296862",
    "barcode": null,
    "shop": "Woolworths",
    "weight": null,
    "prices": [
      null,
      null,
      null,
      null,
      null,
      null,
      null
    ]
  },
  {
    "source_url": "https://www.woolworths.com.au/shop/productdetails/1074296638/black-hawk-healthy-benefits-hairball-chicken-adult-dry-cat-food-2kg",
    "name": "Black Hawk Healthy Benefits Hairball Chicken Adult Dry Cat Food 2kg",
    "image_url": "https://cdn1.woolworths.media/content/wowproductimages/large/1074296638.jpg",
    "source_id": "Woolworths - 1074296638",
    "barcode": null,
    "shop": "Woolworths",
    "weight": null,
    "prices": [
      null,
      null,
      null,
      null,
      null,
      null,
      null
    ]
  },
  {
    "source_url": "https://www.woolworths.com.au/shop/productdetails/1074401235/black-hawk-healthy-benefits-hairball-chicken-dry-cat-food-4kg",
    "name": "Black Hawk Healthy Benefits Hairball Chicken Dry Cat Food 4kg",
    "image_url": "https://cdn1.woolworths.media/content/wowproductimages/large/1074401235.jpg",
    "source_id": "Woolworths - 1074401235",
    "barcode": null,
    "shop": "Woolworths",
    "weight": null,
    "prices": [
      null,
      null,
      null,
      null,
      null,
      null,
      null
    ]
  },
  {
    "source_url": "https://www.woolworths.com.au/shop/productdetails/1074401224/black-hawk-healthy-benefits-indoor-chicken-dry-cat-food-2kg",
    "name": "Black Hawk Healthy Benefits Indoor Chicken Dry Cat Food 2kg",
    "image_url": "https://cdn1.woolworths.media/content/wowproductimages/large/1074401224.jpg",
    "source_id": "Woolworths - 1074401224",
    "barcode": null,
    "shop": "Woolworths",
    "weight": null,
    "prices": [
      null,
      null,
      null,
      null,
      null,
      null,
      null
    ]
  },
  {
    "source_url": "https://www.woolworths.com.au/shop/productdetails/1074401223/black-hawk-healthy-benefits-indoor-chicken-dry-cat-food-4kg",
    "name": "Black Hawk Healthy Benefits Indoor Chicken Dry Cat Food 4kg",
    "image_url": "https://cdn1.woolworths.media/content/wowproductimages/large/1074401223.jpg",
    "source_id": "Woolworths - 1074401223",
    "barcode": null,
    "shop": "Woolworths",
    "weight": null,
    "prices": [
      null,
      null,
      null,
      null,
      null,
      null,
      null
    ]
  },
  {
    "source_url": "https://www.woolworths.com.au/shop/productdetails/1074401222/black-hawk-healthy-benefits-weight-chicken-adult-cat-food-2kg",
    "name": "Black Hawk Healthy Benefits Weight Chicken Adult Cat Food 2kg",
    "image_url": "https://cdn1.woolworths.media/content/wowproductimages/large/1074401222.jpg",
    "source_id": "Woolworths - 1074401222",
    "barcode": null,
    "shop": "Woolworths",
    "weight": null,
    "prices": [
      null,
      null,
      null,
      null,
      null,
      null,
      null
    ]
  },
  {
    "source_url": "https://www.woolworths.com.au/shop/productdetails/1074401221/black-hawk-healthy-benefits-weight-chicken-adult-cat-food-4kg",
    "name": "Black Hawk Healthy Benefits Weight Chicken Adult Cat Food 4kg",
    "image_url": "https://cdn1.woolworths.media/content/wowproductimages/large/1074401221.jpg",
    "source_id": "Woolworths - 1074401221",
    "barcode": null,
    "shop": "Woolworths",
    "weight": null,
    "prices": [
      null,
      null,
      null,
      null,
      null,
      null,
      null
    ]
  },
  {
    "source_url": "https://www.woolworths.com.au/shop/productdetails/1074296632/black-hawk-healthy-benefits-weight-chicken-adult-dry-cat-food-2kg",
    "name": "Black Hawk Healthy Benefits Weight Chicken Adult Dry Cat Food 2kg",
    "image_url": "https://cdn1.woolworths.media/content/wowproductimages/large/1074296632.jpg",
    "source_id": "Woolworths - 1074296632",
    "barcode": null,
    "shop": "Woolworths",
    "weight": null,
    "prices": [
      null,
      null,
      null,
      null,
      null,
      null,
      null
    ]
  },
  {
    "source_url": "https://www.woolworths.com.au/shop/productdetails/1074296631/black-hawk-healthy-benefits-weight-chicken-adult-dry-cat-food-4kg",
    "name": "Black Hawk Healthy Benefits Weight Chicken Adult Dry Cat Food 4kg",
    "image_url": "https://cdn1.woolworths.media/content/wowproductimages/large/1074296631.jpg",
    "source_id": "Woolworths - 1074296631",
    "barcode": null,
    "shop": "Woolworths",
    "weight": null,
    "prices": [
      null,
      null,
      null,
      null,
      null,
      null,
      null
    ]
  },
  {
    "source_url": "https://www.woolworths.com.au/shop/productdetails/1074296857/black-hawk-original-cat-food-adult-chicken-kangaroo-2kg",
    "name": "Black Hawk Original Cat Food Adult Chicken & Kangaroo 2kg",
    "image_url": "https://cdn1.woolworths.media/content/wowproductimages/large/1074296857.jpg",
    "source_id": "Woolworths - 1074296857",
    "barcode": null,
    "shop": "Woolworths",
    "weight": null,
    "prices": [
      null,
      null,
      null,
      null,
      null,
      null,
      null
    ]
  },
  {
    "source_url": "https://www.woolworths.com.au/shop/productdetails/1074405499/black-hawk-original-chicken-dry-cat-food-2kg",
    "name": "Black Hawk Original Chicken Dry Cat Food 2kg",
    "image_url": "https://cdn1.woolworths.media/content/wowproductimages/large/1074405499.jpg",
    "source_id": "Woolworths - 1074405499",
    "barcode": null,
    "shop": "Woolworths",
    "weight": null,
    "prices": [
      null,
      null,
      null,
      null,
      null,
      null,
      null
    ]
  },
  {
    "source_url": "https://www.woolworths.com.au/shop/productdetails/1074401212/black-hawk-original-chicken-dry-kitten-food-2kg",
    "name": "Black Hawk Original Chicken Dry Kitten Food 2kg",
    "image_url": "https://cdn1.woolworths.media/content/wowproductimages/large/1074401212.jpg",
    "source_id": "Woolworths - 1074401212",
    "barcode": null,
    "shop": "Woolworths",
    "weight": null,
    "prices": [
      null,
      null,
      null,
      null,
      null,
      null,
      null
    ]
  },
  {
    "source_url": "https://www.woolworths.com.au/shop/productdetails/1074405498/black-hawk-original-chicken-kangaroo-dry-cat-food-2kg",
    "name": "Black Hawk Original Chicken Kangaroo Dry Cat Food 2kg",
    "image_url": "https://cdn1.woolworths.media/content/wowproductimages/large/1074405498.jpg",
    "source_id": "Woolworths - 1074405498",
    "barcode": null,
    "shop": "Woolworths",
    "weight": null,
    "prices": [
      null,
      null,
      null,
      null,
      null,
      null,
      null
    ]
  },
  {
    "source_url": "https://www.woolworths.com.au/shop/productdetails/1074405497/black-hawk-original-chicken-kangaroo-dry-cat-food-4kg",
    "name": "Black Hawk Original Chicken Kangaroo Dry Cat Food 4kg",
    "image_url": "https://cdn1.woolworths.media/content/wowproductimages/large/1074405497.jpg",
    "source_id": "Woolworths - 1074405497",
    "barcode": null,
    "shop": "Woolworths",
    "weight": null,
    "prices": [
      null,
      null,
      null,
      null,
      null,
      null,
      null
    ]
  },
  {
    "source_url": "https://www.woolworths.com.au/shop/productdetails/1074296630/black-hawk-original-chicken-kitten-dry-cat-food-2kg",
    "name": "Black Hawk Original Chicken Kitten Dry Cat Food 2kg",
    "image_url": "https://cdn1.woolworths.media/content/wowproductimages/large/1074296630.jpg",
    "source_id": "Woolworths - 1074296630",
    "barcode": null,
    "shop": "Woolworths",
    "weight": null,
    "prices": [
      null,
      null,
      null,
      null,
      null,
      null,
      null
    ]
  },
  {
    "source_url": "https://www.woolworths.com.au/shop/productdetails/1074296629/black-hawk-original-chicken-kitten-dry-cat-food-4kg",
    "name": "Black Hawk Original Chicken Kitten Dry Cat Food 4kg",
    "image_url": "https://cdn1.woolworths.media/content/wowproductimages/large/1074296629.jpg",
    "source_id": "Woolworths - 1074296629",
    "barcode": null,
    "shop": "Woolworths",
    "weight": null,
    "prices": [
      null,
      null,
      null,
      null,
      null,
      null,
      null
    ]
  },
  {
    "source_url": "https://www.woolworths.com.au/shop/productdetails/1074384920/black-hawk-original-ocean-fish-adult-dry-cat-food-2kg",
    "name": "Black Hawk Original Ocean Fish Adult Dry Cat Food 2kg",
    "image_url": "https://cdn1.woolworths.media/content/wowproductimages/large/1074384920.jpg",
    "source_id": "Woolworths - 1074384920",
    "barcode": null,
    "shop": "Woolworths",
    "weight": null,
    "prices": [
      null,
      null,
      null,
      null,
      null,
      null,
      null
    ]
  },
  {
    "source_url": "https://www.woolworths.com.au/shop/productdetails/1074384919/black-hawk-original-ocean-fish-adult-dry-cat-food-4kg",
    "name": "Black Hawk Original Ocean Fish Adult Dry Cat Food 4kg",
    "image_url": "https://cdn1.woolworths.media/content/wowproductimages/large/1074384919.jpg",
    "source_id": "Woolworths - 1074384919",
    "barcode": null,
    "shop": "Woolworths",
    "weight": null,
    "prices": [
      null,
      null,
      null,
      null,
      null,
      null,
      null
    ]
  },
  {
    "source_url": "https://www.woolworths.com.au/shop/productdetails/1074360697/black-hawk-original-ocean-fish-dry-cat-food-2kg",
    "name": "Black Hawk Original Ocean Fish Dry Cat Food 2kg",
    "image_url": "https://cdn1.woolworths.media/content/wowproductimages/large/1074360697.jpg",
    "source_id": "Woolworths - 1074360697",
    "barcode": null,
    "shop": "Woolworths",
    "weight": null,
    "prices": [
      null,
      null,
      null,
      null,
      null,
      null,
      null
    ]
  },
  {
    "source_url": "https://www.woolworths.com.au/shop/productdetails/1074359780/black-hawk-original-ocean-fish-dry-cat-food-4kg",
    "name": "Black Hawk Original Ocean Fish Dry Cat Food 4kg",
    "image_url": "https://cdn1.woolworths.media/content/wowproductimages/large/1074359780.jpg",
    "source_id": "Woolworths - 1074359780",
    "barcode": null,
    "shop": "Woolworths",
    "weight": null,
    "prices": [
      null,
      null,
      null,
      null,
      null,
      null,
      null
    ]
  },
  {
    "source_url": "https://www.woolworths.com.au/shop/productdetails/1074405509/cat-pro-plus-tuna-salmon-dry-cat-food-10kg",
    "name": "Cat Pro Plus Tuna & Salmon Dry Cat Food 10kg",
    "image_url": "https://cdn1.woolworths.media/content/wowproductimages/large/1074405509.jpg",
    "source_id": "Woolworths - 1074405509",
    "barcode": null,
    "shop": "Woolworths",
    "weight": "100G",
    "prices": [
      {
        "state": "NSW",
        "price": "8990",
        "price_per_unit": "90",
        "price_unit": "G"
      },
      {
        "state": "VIC",
        "price": "8990",
        "price_per_unit": "90",
        "price_unit": "G"
      },
      {
        "state": "QLD",
        "price": "8990",
        "price_per_unit": "90",
        "price_unit": "G"
      },
      {
        "state": "WA",
        "price": "8990",
        "price_per_unit": "90",
        "price_unit": "G"
      },
      {
        "state": "SA",
        "price": "8990",
        "price_per_unit": "90",
        "price_unit": "G"
      },
      {
        "state": "TAS",
        "price": "8990",
        "price_per_unit": "90",
        "price_unit": "G"
      },
      {
        "state": "ACT",
        "price": "8990",
        "price_per_unit": "90",
        "price_unit": "G"
      },
      {
        "state": "NT",
        "price": "8990",
        "price_per_unit": "90",
        "price_unit": "G"
      }
    ]
  },
  {
    "source_url": "https://www.woolworths.com.au/shop/productdetails/1074409653/catpro-adult-chicken-beef-10kg",
    "name": "Catpro Adult Chicken & Beef 10kg",
    "image_url": "https://cdn1.woolworths.media/content/wowproductimages/large/1074409653.jpg",
    "source_id": "Woolworths - 1074409653",
    "barcode": null,
    "shop": "Woolworths",
    "weight": "100G",
    "prices": [
      {
        "state": "NSW",
        "price": "8990",
        "price_per_unit": "90",
        "price_unit": "G"
      },
      {
        "state": "VIC",
        "price": "8990",
        "price_per_unit": "90",
        "price_unit": "G"
      },
      {
        "state": "QLD",
        "price": "8990",
        "price_per_unit": "90",
        "price_unit": "G"
      },
      {
        "state": "WA",
        "price": "8990",
        "price_per_unit": "90",
        "price_unit": "G"
      },
      {
        "state": "SA",
        "price": "8990",
        "price_per_unit": "90",
        "price_unit": "G"
      },
      {
        "state": "TAS",
        "price": "8990",
        "price_per_unit": "90",
        "price_unit": "G"
      },
      {
        "state": "ACT",
        "price": "8990",
        "price_per_unit": "90",
        "price_unit": "G"
      },
      {
        "state": "NT",
        "price": "8990",
        "price_per_unit": "90",
        "price_unit": "G"
      }
    ]
  },
  {
    "source_url": "https://www.woolworths.com.au/shop/productdetails/1075551465/catpro-plus-dry-cat-food-chicken-beef-10kg",
    "name": "Catpro Plus Dry Cat Food Chicken & Beef 10kg",
    "image_url": "https://cdn1.woolworths.media/content/wowproductimages/large/1075551465.jpg",
    "source_id": "Woolworths - 1075551465",
    "barcode": null,
    "shop": "Woolworths",
    "weight": "100G",
    "prices": [
      {
        "state": "NSW",
        "price": "3225",
        "price_per_unit": "32",
        "price_unit": "G"
      },
      {
        "state": "VIC",
        "price": "3225",
        "price_per_unit": "32",
        "price_unit": "G"
      },
      {
        "state": "QLD",
        "price": "3225",
        "price_per_unit": "32",
        "price_unit": "G"
      },
      {
        "state": "WA",
        "price": "3225",
        "price_per_unit": "32",
        "price_unit": "G"
      },
      {
        "state": "SA",
        "price": "3225",
        "price_per_unit": "32",
        "price_unit": "G"
      },
      {
        "state": "TAS",
        "price": "3225",
        "price_per_unit": "32",
        "price_unit": "G"
      },
      {
        "state": "ACT",
        "price": "3225",
        "price_per_unit": "32",
        "price_unit": "G"
      },
      {
        "state": "NT",
        "price": "3225",
        "price_per_unit": "32",
        "price_unit": "G"
      }
    ]
  },
  {
    "source_url": "https://www.woolworths.com.au/shop/productdetails/1075551464/catpro-plus-dry-cat-food-salmon-tuna-10kg",
    "name": "Catpro Plus Dry Cat Food Salmon & Tuna 10kg",
    "image_url": "https://cdn1.woolworths.media/content/wowproductimages/large/1075551464.jpg",
    "source_id": "Woolworths - 1075551464",
    "barcode": null,
    "shop": "Woolworths",
    "weight": "100G",
    "prices": [
      {
        "state": "NSW",
        "price": "3225",
        "price_per_unit": "32",
        "price_unit": "G"
      },
      {
        "state": "VIC",
        "price": "3225",
        "price_per_unit": "32",
        "price_unit": "G"
      },
      {
        "state": "QLD",
        "price": "3225",
        "price_per_unit": "32",
        "price_unit": "G"
      },
      {
        "state": "WA",
        "price": "3225",
        "price_per_unit": "32",
        "price_unit": "G"
      },
      {
        "state": "SA",
        "price": "3225",
        "price_per_unit": "32",
        "price_unit": "G"
      },
      {
        "state": "TAS",
        "price": "3225",
        "price_per_unit": "32",
        "price_unit": "G"
      },
      {
        "state": "ACT",
        "price": "3225",
        "price_per_unit": "32",
        "price_unit": "G"
      },
      {
        "state": "NT",
        "price": "3225",
        "price_per_unit": "32",
        "price_unit": "G"
      }
    ]
  },
  {
    "source_url": "https://www.woolworths.com.au/shop/productdetails/1074276431/evolution-australian-holistic-digestion-and-hairball-control-3kg",
    "name": "Evolution Australian Holistic Digestion and Hairball Control 3kg",
    "image_url": "https://cdn1.woolworths.media/content/wowproductimages/large/1074276431.jpg",
    "source_id": "Woolworths - 1074276431",
    "barcode": null,
    "shop": "Woolworths",
    "weight": "100G",
    "prices": [
      {
        "state": "NSW",
        "price": "4088",
        "price_per_unit": "136",
        "price_unit": "G"
      },
      {
        "state": "VIC",
        "price": "4088",
        "price_per_unit": "136",
        "price_unit": "G"
      },
      {
        "state": "QLD",
        "price": "4088",
        "price_per_unit": "136",
        "price_unit": "G"
      },
      {
        "state": "WA",
        "price": "4088",
        "price_per_unit": "136",
        "price_unit": "G"
      },
      {
        "state": "SA",
        "price": "4088",
        "price_per_unit": "136",
        "price_unit": "G"
      },
      {
        "state": "TAS",
        "price": "4088",
        "price_per_unit": "136",
        "price_unit": "G"
      },
      {
        "state": "ACT",
        "price": "4088",
        "price_per_unit": "136",
        "price_unit": "G"
      },
      {
        "state": "NT",
        "price": "4088",
        "price_per_unit": "136",
        "price_unit": "G"
      }
    ]
  },
  {
    "source_url": "https://www.woolworths.com.au/shop/productdetails/251928/fancy-feast-adult-beef-salmon-cheese-flavour-dry-cat-food",
    "name": "Fancy Feast Adult Beef, Salmon & Cheese Flavour Dry Cat Food 450g",
    "image_url": "https://cdn1.woolworths.media/content/wowproductimages/large/251928.jpg",
    "source_id": "Woolworths - 251928",
    "barcode": "9300605025523",
    "shop": "Woolworths",
    "weight": "100G",
    "prices": [
      {
        "state": "NSW",
        "price": "480",
        "price_per_unit": "107",
        "price_unit": "G"
      },
      {
        "state": "VIC",
        "price": "480",
        "price_per_unit": "107",
        "price_unit": "G"
      },
      {
        "state": "WA",
        "price": "480",
        "price_per_unit": "107",
        "price_unit": "G"
      },
      {
        "state": "SA",
        "price": "480",
        "price_per_unit": "107",
        "price_unit": "G"
      },
      {
        "state": "TAS",
        "price": "480",
        "price_per_unit": "107",
        "price_unit": "G"
      },
      {
        "state": "ACT",
        "price": "480",
        "price_per_unit": "107",
        "price_unit": "G"
      },
      {
        "state": "NT",
        "price": "480",
        "price_per_unit": "107",
        "price_unit": "G"
      }
    ]
  },
  {
    "source_url": "https://www.woolworths.com.au/shop/productdetails/348962/fancy-feast-adult-chicken-turkey-vege-flavour-dry-cat-food",
    "name": "Fancy Feast Adult Chicken, Turkey & Vege Flavour Dry Cat Food 450g",
    "image_url": "https://cdn1.woolworths.media/content/wowproductimages/large/348962.jpg",
    "source_id": "Woolworths - 348962",
    "barcode": "9300605056497",
    "shop": "Woolworths",
    "weight": "100G",
    "prices": [
      {
        "state": "NSW",
        "price": "480",
        "price_per_unit": "107",
        "price_unit": "G"
      },
      {
        "state": "VIC",
        "price": "480",
        "price_per_unit": "107",
        "price_unit": "G"
      },
      {
        "state": "QLD",
        "price": "480",
        "price_per_unit": "107",
        "price_unit": "G"
      },
      {
        "state": "WA",
        "price": "480",
        "price_per_unit": "107",
        "price_unit": "G"
      },
      {
        "state": "SA",
        "price": "480",
        "price_per_unit": "107",
        "price_unit": "G"
      },
      {
        "state": "TAS",
        "price": "480",
        "price_per_unit": "107",
        "price_unit": "G"
      },
      {
        "state": "ACT",
        "price": "480",
        "price_per_unit": "107",
        "price_unit": "G"
      },
      {
        "state": "NT",
        "price": "480",
        "price_per_unit": "107",
        "price_unit": "G"
      }
    ]
  },
  {
    "source_url": "https://www.woolworths.com.au/shop/productdetails/694878/fancy-feast-adult-tuna-prawn-mackerel-crab-flavour-dry-cat-food",
    "name": "Fancy Feast Adult Tuna, Prawn, Mackerel & Crab Flavour Dry Cat Food 1.4kg",
    "image_url": "https://cdn1.woolworths.media/content/wowproductimages/large/694878.jpg",
    "source_id": "Woolworths - 694878",
    "barcode": "9300605122680",
    "shop": "Woolworths",
    "weight": "100G",
    "prices": [
      {
        "state": "NSW",
        "price": "2100",
        "price_per_unit": "150",
        "price_unit": "G"
      },
      {
        "state": "VIC",
        "price": "2100",
        "price_per_unit": "150",
        "price_unit": "G"
      },
      {
        "state": "WA",
        "price": "2100",
        "price_per_unit": "150",
        "price_unit": "G"
      },
      {
        "state": "SA",
        "price": "2100",
        "price_per_unit": "150",
        "price_unit": "G"
      },
      {
        "state": "TAS",
        "price": "2100",
        "price_per_unit": "150",
        "price_unit": "G"
      },
      {
        "state": "ACT",
        "price": "2100",
        "price_per_unit": "150",
        "price_unit": "G"
      },
      {
        "state": "NT",
        "price": "2100",
        "price_per_unit": "150",
        "price_unit": "G"
      }
    ]
  },
  {
    "source_url": "https://www.woolworths.com.au/shop/productdetails/251942/fancy-feast-adult-tuna-prawn-mackerel-crab-flavour-dry-cat-food",
    "name": "Fancy Feast Adult Tuna, Prawn, Mackerel & Crab Flavour Dry Cat Food 450g",
    "image_url": "https://cdn1.woolworths.media/content/wowproductimages/large/251942.jpg",
    "source_id": "Woolworths - 251942",
    "barcode": "9300605025530",
    "shop": "Woolworths",
    "weight": "100G",
    "prices": [
      {
        "state": "NSW",
        "price": "480",
        "price_per_unit": "107",
        "price_unit": "G"
      },
      {
        "state": "VIC",
        "price": "480",
        "price_per_unit": "107",
        "price_unit": "G"
      },
      {
        "state": "WA",
        "price": "480",
        "price_per_unit": "107",
        "price_unit": "G"
      },
      {
        "state": "SA",
        "price": "480",
        "price_per_unit": "107",
        "price_unit": "G"
      },
      {
        "state": "TAS",
        "price": "480",
        "price_per_unit": "107",
        "price_unit": "G"
      },
      {
        "state": "ACT",
        "price": "480",
        "price_per_unit": "107",
        "price_unit": "G"
      },
      {
        "state": "NT",
        "price": "480",
        "price_per_unit": "107",
        "price_unit": "G"
      }
    ]
  },
  {
    "source_url": "https://www.woolworths.com.au/shop/productdetails/239510/fancy-feast-cat-food-salmon-ocean-fish",
    "name": "Fancy Feast Cat Food Salmon Ocean Fish 450g",
    "image_url": "https://cdn1.woolworths.media/content/wowproductimages/large/239510.jpg",
    "source_id": "Woolworths - 239510",
    "barcode": "9300605146709",
    "shop": "Woolworths",
    "weight": "100G",
    "prices": [
      {
        "state": "NSW",
        "price": "480",
        "price_per_unit": "107",
        "price_unit": "G"
      },
      {
        "state": "VIC",
        "price": "480",
        "price_per_unit": "107",
        "price_unit": "G"
      },
      {
        "state": "WA",
        "price": "480",
        "price_per_unit": "107",
        "price_unit": "G"
      },
      {
        "state": "SA",
        "price": "480",
        "price_per_unit": "107",
        "price_unit": "G"
      },
      null,
      {
        "state": "ACT",
        "price": "480",
        "price_per_unit": "107",
        "price_unit": "G"
      },
      {
        "state": "NT",
        "price": "480",
        "price_per_unit": "107",
        "price_unit": "G"
      }
    ]
  },
  {
    "source_url": "https://www.woolworths.com.au/shop/productdetails/847696/friskies-adult-indoor-delights-dry-cat-food",
    "name": "Friskies Adult Indoor Delights Dry Cat Food 1kg",
    "image_url": "https://cdn1.woolworths.media/content/wowproductimages/large/847696.jpg",
    "source_id": "Woolworths - 847696",
    "barcode": "9300605109919",
    "shop": "Woolworths",
    "weight": "100G",
    "prices": [
      {
        "state": "NSW",
        "price": "590",
        "price_per_unit": "59",
        "price_unit": "G"
      },
      {
        "state": "VIC",
        "price": "590",
        "price_per_unit": "59",
        "price_unit": "G"
      },
      {
        "state": "WA",
        "price": "590",
        "price_per_unit": "59",
        "price_unit": "G"
      },
      {
        "state": "SA",
        "price": "590",
        "price_per_unit": "59",
        "price_unit": "G"
      },
      {
        "state": "TAS",
        "price": "590",
        "price_per_unit": "59",
        "price_unit": "G"
      },
      {
        "state": "ACT",
        "price": "590",
        "price_per_unit": "59",
        "price_unit": "G"
      },
      {
        "state": "NT",
        "price": "590",
        "price_per_unit": "59",
        "price_unit": "G"
      }
    ]
  },
  {
    "source_url": "https://www.woolworths.com.au/shop/productdetails/118647/friskies-adult-indoor-delights-dry-cat-food",
    "name": "Friskies Adult Indoor Delights Dry Cat Food 2.5kg",
    "image_url": "https://cdn1.woolworths.media/content/wowproductimages/large/118647.jpg",
    "source_id": "Woolworths - 118647",
    "barcode": "9300605132443",
    "shop": "Woolworths",
    "weight": "100G",
    "prices": [
      {
        "state": "NSW",
        "price": "1550",
        "price_per_unit": "62",
        "price_unit": "G"
      },
      {
        "state": "VIC",
        "price": "1550",
        "price_per_unit": "62",
        "price_unit": "G"
      },
      {
        "state": "WA",
        "price": "1550",
        "price_per_unit": "62",
        "price_unit": "G"
      },
      {
        "state": "SA",
        "price": "1550",
        "price_per_unit": "62",
        "price_unit": "G"
      },
      {
        "state": "TAS",
        "price": "1550",
        "price_per_unit": "62",
        "price_unit": "G"
      },
      {
        "state": "ACT",
        "price": "1550",
        "price_per_unit": "62",
        "price_unit": "G"
      },
      {
        "state": "NT",
        "price": "1550",
        "price_per_unit": "62",
        "price_unit": "G"
      }
    ]
  },
  {
    "source_url": "https://www.woolworths.com.au/shop/productdetails/925735/fussy-cat-chicken-freeze-dried-lamb-kibble-dry-cat-food",
    "name": "Fussy Cat Chicken & Freeze Dried Lamb Kibble Dry Cat Food 750g",
    "image_url": "https://cdn1.woolworths.media/content/wowproductimages/large/925735.jpg",
    "source_id": "Woolworths - 925735",
    "barcode": "9319185007942",
    "shop": "Woolworths",
    "weight": "100G",
    "prices": [
      {
        "state": "NSW",
        "price": "1400",
        "price_per_unit": "187",
        "price_unit": "G"
      },
      {
        "state": "VIC",
        "price": "1400",
        "price_per_unit": "187",
        "price_unit": "G"
      },
      {
        "state": "WA",
        "price": "1400",
        "price_per_unit": "187",
        "price_unit": "G"
      },
      {
        "state": "SA",
        "price": "1400",
        "price_per_unit": "187",
        "price_unit": "G"
      },
      {
        "state": "TAS",
        "price": "1400",
        "price_per_unit": "187",
        "price_unit": "G"
      },
      {
        "state": "ACT",
        "price": "1400",
        "price_per_unit": "187",
        "price_unit": "G"
      },
      {
        "state": "NT",
        "price": "1400",
        "price_per_unit": "187",
        "price_unit": "G"
      }
    ]
  },
  {
    "source_url": "https://www.woolworths.com.au/shop/productdetails/692986/fussy-cat-grain-free-adult-dry-cat-food-beef-kangaroo-sweet-potato",
    "name": "Fussy Cat Grain Free Adult Dry Cat Food Beef Kangaroo & Sweet Potato 2.5kg",
    "image_url": "https://cdn1.woolworths.media/content/wowproductimages/large/692986.jpg",
    "source_id": "Woolworths - 692986",
    "barcode": "9319185743307",
    "shop": "Woolworths",
    "weight": "100G",
    "prices": [
      {
        "state": "NSW",
        "price": "2650",
        "price_per_unit": "106",
        "price_unit": "G"
      },
      null,
      {
        "state": "WA",
        "price": "2650",
        "price_per_unit": "106",
        "price_unit": "G"
      },
      {
        "state": "SA",
        "price": "2650",
        "price_per_unit": "106",
        "price_unit": "G"
      },
      {
        "state": "TAS",
        "price": "2650",
        "price_per_unit": "106",
        "price_unit": "G"
      },
      {
        "state": "ACT",
        "price": "2650",
        "price_per_unit": "106",
        "price_unit": "G"
      },
      {
        "state": "NT",
        "price": "2650",
        "price_per_unit": "106",
        "price_unit": "G"
      }
    ]
  },
  {
    "source_url": "https://www.woolworths.com.au/shop/productdetails/478381/fussy-cat-grain-free-adult-dry-cat-food-chicken-turkey-cranberries",
    "name": "Fussy Cat Grain Free Adult Dry Cat Food Chicken & Turkey & Cranberries 2.5kg",
    "image_url": "https://cdn1.woolworths.media/content/wowproductimages/large/478381.jpg",
    "source_id": "Woolworths - 478381",
    "barcode": "9319185254995",
    "shop": "Woolworths",
    "weight": "100G",
    "prices": [
      {
        "state": "NSW",
        "price": "2650",
        "price_per_unit": "106",
        "price_unit": "G"
      },
      null,
      {
        "state": "WA",
        "price": "2650",
        "price_per_unit": "106",
        "price_unit": "G"
      },
      {
        "state": "SA",
        "price": "2650",
        "price_per_unit": "106",
        "price_unit": "G"
      },
      {
        "state": "TAS",
        "price": "2650",
        "price_per_unit": "106",
        "price_unit": "G"
      },
      {
        "state": "ACT",
        "price": "2650",
        "price_per_unit": "106",
        "price_unit": "G"
      },
      null
    ]
  },
  {
    "source_url": "https://www.woolworths.com.au/shop/productdetails/478375/fussy-cat-grain-free-adult-dry-cat-food-salmon-whitefish-olive-oil",
    "name": "Fussy Cat Grain Free Adult Dry Cat Food Salmon Whitefish & Olive Oil 2.5kg",
    "image_url": "https://cdn1.woolworths.media/content/wowproductimages/large/478375.jpg",
    "source_id": "Woolworths - 478375",
    "barcode": "9319185255008",
    "shop": "Woolworths",
    "weight": "100G",
    "prices": [
      {
        "state": "NSW",
        "price": "2650",
        "price_per_unit": "106",
        "price_unit": "G"
      },
      {
        "state": "VIC",
        "price": "2650",
        "price_per_unit": "106",
        "price_unit": "G"
      },
      {
        "state": "WA",
        "price": "2650",
        "price_per_unit": "106",
        "price_unit": "G"
      },
      {
        "state": "SA",
        "price": "2650",
        "price_per_unit": "106",
        "price_unit": "G"
      },
      {
        "state": "TAS",
        "price": "2650",
        "price_per_unit": "106",
        "price_unit": "G"
      },
      {
        "state": "ACT",
        "price": "2650",
        "price_per_unit": "106",
        "price_unit": "G"
      },
      {
        "state": "NT",
        "price": "2650",
        "price_per_unit": "106",
        "price_unit": "G"
      }
    ]
  },
  {
    "source_url": "https://www.woolworths.com.au/shop/productdetails/141830/fussy-cat-grain-free-crunchers-adult-cat-treats-with-fish",
    "name": "Fussy Cat Grain Free Crunchers Adult Cat Treats With Fish 100g",
    "image_url": "https://cdn1.woolworths.media/content/wowproductimages/large/141830.jpg",
    "source_id": "Woolworths - 141830",
    "barcode": "9319185004088",
    "shop": "Woolworths",
    "weight": "100G",
    "prices": [
      {
        "state": "NSW",
        "price": "380",
        "price_per_unit": "380",
        "price_unit": "G"
      },
      {
        "state": "VIC",
        "price": "380",
        "price_per_unit": "380",
        "price_unit": "G"
      },
      {
        "state": "WA",
        "price": "380",
        "price_per_unit": "380",
        "price_unit": "G"
      },
      {
        "state": "SA",
        "price": "380",
        "price_per_unit": "380",
        "price_unit": "G"
      },
      {
        "state": "TAS",
        "price": "380",
        "price_per_unit": "380",
        "price_unit": "G"
      },
      {
        "state": "ACT",
        "price": "380",
        "price_per_unit": "380",
        "price_unit": "G"
      },
      {
        "state": "NT",
        "price": "380",
        "price_per_unit": "380",
        "price_unit": "G"
      }
    ]
  },
  {
    "source_url": "https://www.woolworths.com.au/shop/productdetails/927497/fussy-cat-salmon-freeze-dried-lamb-kibble-dry-cat-food",
    "name": "Fussy Cat Salmon & Freeze Dried Lamb Kibble Dry Cat Food 750g",
    "image_url": "https://cdn1.woolworths.media/content/wowproductimages/large/927497.jpg",
    "source_id": "Woolworths - 927497",
    "barcode": "9319185007959",
    "shop": "Woolworths",
    "weight": "100G",
    "prices": [
      {
        "state": "NSW",
        "price": "1400",
        "price_per_unit": "187",
        "price_unit": "G"
      },
      {
        "state": "VIC",
        "price": "1400",
        "price_per_unit": "187",
        "price_unit": "G"
      },
      {
        "state": "WA",
        "price": "1400",
        "price_per_unit": "187",
        "price_unit": "G"
      },
      {
        "state": "SA",
        "price": "1400",
        "price_per_unit": "187",
        "price_unit": "G"
      },
      {
        "state": "TAS",
        "price": "1400",
        "price_per_unit": "187",
        "price_unit": "G"
      },
      {
        "state": "ACT",
        "price": "1400",
        "price_per_unit": "187",
        "price_unit": "G"
      },
      {
        "state": "NT",
        "price": "1400",
        "price_per_unit": "187",
        "price_unit": "G"
      }
    ]
  },
  {
    "source_url": "https://www.woolworths.com.au/shop/productdetails/1074295983/greenies-catnip-cat-treat-tub-277g",
    "name": "Greenies Catnip Cat Treat Tub 277g",
    "image_url": "https://cdn1.woolworths.media/content/wowproductimages/large/1074295983.jpg",
    "source_id": "Woolworths - 1074295983",
    "barcode": null,
    "shop": "Woolworths",
    "weight": null,
    "prices": [
      null,
      null,
      null,
      null,
      null,
      null
    ]
  },
  {
    "source_url": "https://www.woolworths.com.au/shop/productdetails/1075089232/hypro-premium-dry-cat-food-adult-ocean-fish-grain-free-2-5kg",
    "name": "Hypro Premium Dry Cat Food Adult Ocean Fish Grain Free 2.5kg",
    "image_url": "https://cdn1.woolworths.media/content/wowproductimages/large/1075089232.jpg",
    "source_id": "Woolworths - 1075089232",
    "barcode": null,
    "shop": "Woolworths",
    "weight": null,
    "prices": [
      null,
      null,
      null,
      null,
      null,
      null
    ]
  },
  {
    "source_url": "https://www.woolworths.com.au/shop/productdetails/1074295856/hypro-premium-dry-cat-food-adult-ocean-fish-grain-free-9kg",
    "name": "Hypro Premium Dry Cat Food Adult Ocean Fish Grain Free 9kg",
    "image_url": "https://cdn1.woolworths.media/content/wowproductimages/large/1074295856.jpg",
    "source_id": "Woolworths - 1074295856",
    "barcode": null,
    "shop": "Woolworths",
    "weight": null,
    "prices": [
      null,
      null,
      null,
      null,
      null,
      null
    ]
  },
  {
    "source_url": "https://www.woolworths.com.au/shop/productdetails/1075148926/ivory-coat-chicken-in-gravy-for-adult-cats-wet-pouch-85g",
    "name": "Ivory Coat Chicken in Gravy for Adult Cats Wet Pouch - 85g",
    "image_url": "https://cdn1.woolworths.media/content/wowproductimages/large/1075148926.jpg",
    "source_id": "Woolworths - 1075148926",
    "barcode": null,
    "shop": "Woolworths",
    "weight": "1EA",
    "prices": [
      {
        "state": "NSW",
        "price": "799",
        "price_per_unit": "799",
        "price_unit": "EA"
      },
      {
        "state": "VIC",
        "price": "799",
        "price_per_unit": "799",
        "price_unit": "EA"
      },
      {
        "state": "WA",
        "price": "799",
        "price_per_unit": "799",
        "price_unit": "EA"
      },
      {
        "state": "SA",
        "price": "799",
        "price_per_unit": "799",
        "price_unit": "EA"
      },
      {
        "state": "TAS",
        "price": "799",
        "price_per_unit": "799",
        "price_unit": "EA"
      },
      {
        "state": "ACT",
        "price": "799",
        "price_per_unit": "799",
        "price_unit": "EA"
      },
      {
        "state": "NT",
        "price": "799",
        "price_per_unit": "799",
        "price_unit": "EA"
      }
    ]
  },
  {
    "source_url": "https://www.woolworths.com.au/shop/productdetails/1075148918/ivory-coat-chicken-in-gravy-for-kittens-wet-pouch-85g",
    "name": "Ivory Coat Chicken in Gravy for Kittens Wet Pouch - 85g",
    "image_url": "https://cdn1.woolworths.media/content/wowproductimages/large/1075148918.jpg",
    "source_id": "Woolworths - 1075148918",
    "barcode": null,
    "shop": "Woolworths",
    "weight": "1EA",
    "prices": [
      {
        "state": "NSW",
        "price": "799",
        "price_per_unit": "799",
        "price_unit": "EA"
      },
      {
        "state": "VIC",
        "price": "799",
        "price_per_unit": "799",
        "price_unit": "EA"
      },
      {
        "state": "WA",
        "price": "799",
        "price_per_unit": "799",
        "price_unit": "EA"
      },
      {
        "state": "SA",
        "price": "799",
        "price_per_unit": "799",
        "price_unit": "EA"
      },
      {
        "state": "TAS",
        "price": "799",
        "price_per_unit": "799",
        "price_unit": "EA"
      },
      {
        "state": "ACT",
        "price": "799",
        "price_per_unit": "799",
        "price_unit": "EA"
      },
      {
        "state": "NT",
        "price": "799",
        "price_per_unit": "799",
        "price_unit": "EA"
      }
    ]
  },
  {
    "source_url": "https://www.woolworths.com.au/shop/productdetails/1075148937/ivory-coat-chicken-in-gravy-for-kittens-wet-pouches-12-x-85g-",
    "name": "Ivory Coat Chicken in Gravy for Kittens Wet Pouches - (12 x 85g)",
    "image_url": "https://cdn1.woolworths.media/content/wowproductimages/large/1075148937.jpg",
    "source_id": "Woolworths - 1075148937",
    "barcode": null,
    "shop": "Woolworths",
    "weight": "1EA",
    "prices": [
      {
        "state": "NSW",
        "price": "3999",
        "price_per_unit": "3999",
        "price_unit": "EA"
      },
      {
        "state": "VIC",
        "price": "3999",
        "price_per_unit": "3999",
        "price_unit": "EA"
      },
      {
        "state": "WA",
        "price": "3999",
        "price_per_unit": "3999",
        "price_unit": "EA"
      },
      {
        "state": "SA",
        "price": "3999",
        "price_per_unit": "3999",
        "price_unit": "EA"
      },
      {
        "state": "TAS",
        "price": "3999",
        "price_per_unit": "3999",
        "price_unit": "EA"
      },
      {
        "state": "ACT",
        "price": "3999",
        "price_per_unit": "3999",
        "price_unit": "EA"
      },
      {
        "state": "NT",
        "price": "3999",
        "price_per_unit": "3999",
        "price_unit": "EA"
      }
    ]
  },
  {
    "source_url": "https://www.woolworths.com.au/shop/productdetails/1074296623/kiwi-kitchens-fish-dinner-freeze-dried-cat-food-285g",
    "name": "KIWI KITCHENS Fish Dinner Freeze Dried Cat Food 285g",
    "image_url": "https://cdn1.woolworths.media/content/wowproductimages/large/1074296623.jpg",
    "source_id": "Woolworths - 1074296623",
    "barcode": null,
    "shop": "Woolworths",
    "weight": null,
    "prices": [
      null,
      null,
      null,
      null,
      null,
      null
    ]
  },
  {
    "source_url": "https://www.woolworths.com.au/shop/productdetails/1074296617/kiwi-kitchens-freeze-dried-cat-food-fish-dinner-610g",
    "name": "Kiwi Kitchens Freeze Dried Cat Food Fish Dinner 610g",
    "image_url": "https://cdn1.woolworths.media/content/wowproductimages/large/1074296617.jpg",
    "source_id": "Woolworths - 1074296617",
    "barcode": null,
    "shop": "Woolworths",
    "weight": null,
    "prices": [
      null,
      null,
      null,
      null,
      null,
      null
    ]
  },
  {
    "source_url": "https://www.woolworths.com.au/shop/productdetails/1074296616/kiwi-kitchens-venison-dinner-freeze-dried-cat-food-110g",
    "name": "KIWI KITCHENS Venison Dinner Freeze Dried Cat Food 110g",
    "image_url": "https://cdn1.woolworths.media/content/wowproductimages/large/1074296616.jpg",
    "source_id": "Woolworths - 1074296616",
    "barcode": null,
    "shop": "Woolworths",
    "weight": null,
    "prices": [
      null,
      null,
      null,
      null,
      null,
      null
    ]
  },
  {
    "source_url": "https://www.woolworths.com.au/shop/productdetails/1074296608/kiwi-kitchens-venison-dinner-freeze-dried-cat-food-285g",
    "name": "KIWI KITCHENS Venison Dinner Freeze Dried Cat Food 285g",
    "image_url": "https://cdn1.woolworths.media/content/wowproductimages/large/1074296608.jpg",
    "source_id": "Woolworths - 1074296608",
    "barcode": null,
    "shop": "Woolworths",
    "weight": null,
    "prices": [
      null,
      null,
      null,
      null,
      null,
      null
    ]
  },
  {
    "source_url": "https://www.woolworths.com.au/shop/productdetails/1074296607/kiwi-kitchens-venison-dinner-freeze-dried-cat-food-610g",
    "name": "KIWI KITCHENS Venison Dinner Freeze Dried Cat Food 610g",
    "image_url": "https://cdn1.woolworths.media/content/wowproductimages/large/1074296607.jpg",
    "source_id": "Woolworths - 1074296607",
    "barcode": null,
    "shop": "Woolworths",
    "weight": null,
    "prices": [
      null,
      null,
      null,
      null,
      null,
      null
    ]
  },
  {
    "source_url": "https://www.woolworths.com.au/shop/productdetails/1074296642/lifewise-cat-chicken-with-rice-dry-food-2-5kg",
    "name": "LifeWise Cat Chicken With Rice Dry Food 2.5kg",
    "image_url": "https://cdn1.woolworths.media/content/wowproductimages/large/1074296642.jpg",
    "source_id": "Woolworths - 1074296642",
    "barcode": null,
    "shop": "Woolworths",
    "weight": null,
    "prices": [
      null,
      null,
      null,
      null,
      null,
      null
    ]
  },
  {
    "source_url": "https://www.woolworths.com.au/shop/productdetails/1074359640/meals-for-meows-cat-single-protein-food-2-5kg-light-blue",
    "name": "Meals for Meows Cat Single Protein Food 2.5kg Light Blue",
    "image_url": "https://cdn1.woolworths.media/content/wowproductimages/large/1074359640.jpg",
    "source_id": "Woolworths - 1074359640",
    "barcode": null,
    "shop": "Woolworths",
    "weight": "100G",
    "prices": [
      {
        "state": "NSW",
        "price": "5900",
        "price_per_unit": "236",
        "price_unit": "G"
      },
      {
        "state": "VIC",
        "price": "5900",
        "price_per_unit": "236",
        "price_unit": "G"
      },
      {
        "state": "WA",
        "price": "5900",
        "price_per_unit": "236",
        "price_unit": "G"
      },
      {
        "state": "SA",
        "price": "5900",
        "price_per_unit": "236",
        "price_unit": "G"
      },
      {
        "state": "TAS",
        "price": "5900",
        "price_per_unit": "236",
        "price_unit": "G"
      },
      {
        "state": "ACT",
        "price": "5900",
        "price_per_unit": "236",
        "price_unit": "G"
      },
      {
        "state": "NT",
        "price": "5900",
        "price_per_unit": "236",
        "price_unit": "G"
      }
    ]
  },
  {
    "source_url": "https://www.woolworths.com.au/shop/productdetails/1074359642/meals-for-meows-gluten-free-kangaroo-turkey-dry-cat-food-2-5kg",
    "name": "Meals for Meows Gluten Free Kangaroo & Turkey Dry Cat Food - 2.5kg",
    "image_url": "https://cdn1.woolworths.media/content/wowproductimages/large/1074359642.jpg",
    "source_id": "Woolworths - 1074359642",
    "barcode": null,
    "shop": "Woolworths",
    "weight": "100G",
    "prices": [
      {
        "state": "NSW",
        "price": "6990",
        "price_per_unit": "280",
        "price_unit": "G"
      },
      {
        "state": "VIC",
        "price": "6990",
        "price_per_unit": "280",
        "price_unit": "G"
      },
      {
        "state": "WA",
        "price": "6990",
        "price_per_unit": "280",
        "price_unit": "G"
      },
      {
        "state": "SA",
        "price": "6990",
        "price_per_unit": "280",
        "price_unit": "G"
      },
      {
        "state": "TAS",
        "price": "6990",
        "price_per_unit": "280",
        "price_unit": "G"
      },
      {
        "state": "ACT",
        "price": "6990",
        "price_per_unit": "280",
        "price_unit": "G"
      },
      {
        "state": "NT",
        "price": "6990",
        "price_per_unit": "280",
        "price_unit": "G"
      }
    ]
  },
  {
    "source_url": "https://www.woolworths.com.au/shop/productdetails/1074359637/meals-for-meows-grain-free-mackerel-and-salmon-dry-cat-food-2-5kg",
    "name": "Meals For Meows Grain Free Mackerel And Salmon Dry Cat Food 2.5kg",
    "image_url": "https://cdn1.woolworths.media/content/wowproductimages/large/1074359637.jpg",
    "source_id": "Woolworths - 1074359637",
    "barcode": null,
    "shop": "Woolworths",
    "weight": "100G",
    "prices": [
      {
        "state": "NSW",
        "price": "4990",
        "price_per_unit": "200",
        "price_unit": "G"
      },
      {
        "state": "VIC",
        "price": "4990",
        "price_per_unit": "200",
        "price_unit": "G"
      },
      {
        "state": "WA",
        "price": "4990",
        "price_per_unit": "200",
        "price_unit": "G"
      },
      {
        "state": "SA",
        "price": "4990",
        "price_per_unit": "200",
        "price_unit": "G"
      },
      {
        "state": "TAS",
        "price": "4990",
        "price_per_unit": "200",
        "price_unit": "G"
      },
      {
        "state": "ACT",
        "price": "4990",
        "price_per_unit": "200",
        "price_unit": "G"
      },
      {
        "state": "NT",
        "price": "4990",
        "price_per_unit": "200",
        "price_unit": "G"
      }
    ]
  },
  {
    "source_url": "https://www.woolworths.com.au/shop/productdetails/1074296939/meals-for-meows-grain-free-mackerel-and-salmon-dry-cat-food-9kg",
    "name": "Meals For Meows Grain Free Mackerel And Salmon Dry Cat Food 9kg",
    "image_url": "https://cdn1.woolworths.media/content/wowproductimages/large/1074296939.jpg",
    "source_id": "Woolworths - 1074296939",
    "barcode": null,
    "shop": "Woolworths",
    "weight": "100G",
    "prices": [
      {
        "state": "NSW",
        "price": "12990",
        "price_per_unit": "144",
        "price_unit": "G"
      },
      {
        "state": "VIC",
        "price": "12990",
        "price_per_unit": "144",
        "price_unit": "G"
      },
      {
        "state": "WA",
        "price": "12990",
        "price_per_unit": "144",
        "price_unit": "G"
      },
      {
        "state": "SA",
        "price": "12990",
        "price_per_unit": "144",
        "price_unit": "G"
      },
      {
        "state": "TAS",
        "price": "12990",
        "price_per_unit": "144",
        "price_unit": "G"
      },
      {
        "state": "ACT",
        "price": "12990",
        "price_per_unit": "144",
        "price_unit": "G"
      },
      {
        "state": "NT",
        "price": "12990",
        "price_per_unit": "144",
        "price_unit": "G"
      }
    ]
  },
  {
    "source_url": "https://www.woolworths.com.au/shop/productdetails/1074296950/meals-for-meows-kangaroo-and-turkey-dry-cat-food-9kg",
    "name": "Meals For Meows Kangaroo And Turkey Dry Cat Food 9kg",
    "image_url": "https://cdn1.woolworths.media/content/wowproductimages/large/1074296950.jpg",
    "source_id": "Woolworths - 1074296950",
    "barcode": null,
    "shop": "Woolworths",
    "weight": "100G",
    "prices": [
      {
        "state": "NSW",
        "price": "12990",
        "price_per_unit": "144",
        "price_unit": "G"
      },
      {
        "state": "VIC",
        "price": "12990",
        "price_per_unit": "144",
        "price_unit": "G"
      },
      {
        "state": "WA",
        "price": "12990",
        "price_per_unit": "144",
        "price_unit": "G"
      },
      {
        "state": "SA",
        "price": "12990",
        "price_per_unit": "144",
        "price_unit": "G"
      },
      {
        "state": "TAS",
        "price": "12990",
        "price_per_unit": "144",
        "price_unit": "G"
      },
      {
        "state": "ACT",
        "price": "12990",
        "price_per_unit": "144",
        "price_unit": "G"
      },
      {
        "state": "NT",
        "price": "12990",
        "price_per_unit": "144",
        "price_unit": "G"
      }
    ]
  },
  {
    "source_url": "https://www.woolworths.com.au/shop/productdetails/1073816766/moggybix-chicken-flavour-8kg",
    "name": "MoggyBix Chicken Flavour 8kg",
    "image_url": "https://cdn1.woolworths.media/content/wowproductimages/large/1073816766.jpg",
    "source_id": "Woolworths - 1073816766",
    "barcode": null,
    "shop": "Woolworths",
    "weight": "100G",
    "prices": [
      {
        "state": "NSW",
        "price": "3200",
        "price_per_unit": "40",
        "price_unit": "G"
      },
      {
        "state": "VIC",
        "price": "3200",
        "price_per_unit": "40",
        "price_unit": "G"
      },
      {
        "state": "WA",
        "price": "3200",
        "price_per_unit": "40",
        "price_unit": "G"
      },
      {
        "state": "SA",
        "price": "3200",
        "price_per_unit": "40",
        "price_unit": "G"
      },
      {
        "state": "TAS",
        "price": "3200",
        "price_per_unit": "40",
        "price_unit": "G"
      },
      {
        "state": "ACT",
        "price": "3200",
        "price_per_unit": "40",
        "price_unit": "G"
      },
      {
        "state": "NT",
        "price": "3200",
        "price_per_unit": "40",
        "price_unit": "G"
      }
    ]
  },
  {
    "source_url": "https://www.woolworths.com.au/shop/productdetails/1073816756/moggybix-salmon-ocean-fish-8kg",
    "name": "MoggyBix Salmon & Ocean Fish 8kg",
    "image_url": "https://cdn1.woolworths.media/content/wowproductimages/large/1073816756.jpg",
    "source_id": "Woolworths - 1073816756",
    "barcode": null,
    "shop": "Woolworths",
    "weight": "100G",
    "prices": [
      {
        "state": "NSW",
        "price": "3200",
        "price_per_unit": "40",
        "price_unit": "G"
      },
      {
        "state": "VIC",
        "price": "3200",
        "price_per_unit": "40",
        "price_unit": "G"
      },
      {
        "state": "WA",
        "price": "3200",
        "price_per_unit": "40",
        "price_unit": "G"
      },
      {
        "state": "SA",
        "price": "3200",
        "price_per_unit": "40",
        "price_unit": "G"
      },
      {
        "state": "TAS",
        "price": "3200",
        "price_per_unit": "40",
        "price_unit": "G"
      },
      {
        "state": "ACT",
        "price": "3200",
        "price_per_unit": "40",
        "price_unit": "G"
      },
      {
        "state": "NT",
        "price": "3200",
        "price_per_unit": "40",
        "price_unit": "G"
      }
    ]
  },
  {
    "source_url": "https://www.woolworths.com.au/shop/productdetails/694888/optimum-adult-1-furball-dry-cat-food-with-chicken",
    "name": "Optimum Adult +1 Furball Dry Cat Food with Chicken 2kg",
    "image_url": "https://cdn1.woolworths.media/content/wowproductimages/large/694888.jpg",
    "source_id": "Woolworths - 694888",
    "barcode": "9334214044781",
    "shop": "Woolworths",
    "weight": "100G",
    "prices": [
      {
        "state": "NSW",
        "price": "2000",
        "price_per_unit": "100",
        "price_unit": "G"
      },
      {
        "state": "VIC",
        "price": "2000",
        "price_per_unit": "100",
        "price_unit": "G"
      },
      {
        "state": "WA",
        "price": "2000",
        "price_per_unit": "100",
        "price_unit": "G"
      },
      {
        "state": "SA",
        "price": "2000",
        "price_per_unit": "100",
        "price_unit": "G"
      },
      {
        "state": "TAS",
        "price": "2000",
        "price_per_unit": "100",
        "price_unit": "G"
      },
      {
        "state": "ACT",
        "price": "2000",
        "price_per_unit": "100",
        "price_unit": "G"
      },
      {
        "state": "NT",
        "price": "2000",
        "price_per_unit": "100",
        "price_unit": "G"
      }
    ]
  },
  {
    "source_url": "https://www.woolworths.com.au/shop/productdetails/119322/optimum-adult-dry-cat-food-with-ocean-fish",
    "name": "Optimum Adult Dry Cat Food with Ocean Fish 2kg",
    "image_url": "https://cdn1.woolworths.media/content/wowproductimages/large/119322.jpg",
    "source_id": "Woolworths - 119322",
    "barcode": "9334214054339",
    "shop": "Woolworths",
    "weight": "100G",
    "prices": [
      {
        "state": "NSW",
        "price": "2000",
        "price_per_unit": "100",
        "price_unit": "G"
      },
      {
        "state": "VIC",
        "price": "2000",
        "price_per_unit": "100",
        "price_unit": "G"
      },
      {
        "state": "WA",
        "price": "2000",
        "price_per_unit": "100",
        "price_unit": "G"
      },
      {
        "state": "SA",
        "price": "2000",
        "price_per_unit": "100",
        "price_unit": "G"
      },
      {
        "state": "TAS",
        "price": "2000",
        "price_per_unit": "100",
        "price_unit": "G"
      },
      {
        "state": "ACT",
        "price": "2000",
        "price_per_unit": "100",
        "price_unit": "G"
      },
      {
        "state": "NT",
        "price": "2000",
        "price_per_unit": "100",
        "price_unit": "G"
      }
    ]
  },
  {
    "source_url": "https://www.woolworths.com.au/shop/productdetails/1074401210/optimum-furball-chicken-dry-cat-food-6kg",
    "name": "Optimum Furball Chicken Dry Cat Food 6kg",
    "image_url": "https://cdn1.woolworths.media/content/wowproductimages/large/1074401210.jpg",
    "source_id": "Woolworths - 1074401210",
    "barcode": null,
    "shop": "Woolworths",
    "weight": null,
    "prices": [
      null,
      null,
      null,
      null,
      null,
      null
    ]
  },
  {
    "source_url": "https://www.woolworths.com.au/shop/productdetails/1074046602/pet-food-australia-chicken-ocean-fish-dry-cat-dry-food-3kg",
    "name": "Pet Food Australia Chicken & Ocean Fish Dry Cat Dry Food 3kg",
    "image_url": "https://cdn1.woolworths.media/content/wowproductimages/large/1074046602.jpg",
    "source_id": "Woolworths - 1074046602",
    "barcode": null,
    "shop": "Woolworths",
    "weight": "100G",
    "prices": [
      {
        "state": "NSW",
        "price": "5995",
        "price_per_unit": "200",
        "price_unit": "G"
      },
      {
        "state": "VIC",
        "price": "5995",
        "price_per_unit": "200",
        "price_unit": "G"
      },
      {
        "state": "WA",
        "price": "5995",
        "price_per_unit": "200",
        "price_unit": "G"
      },
      {
        "state": "SA",
        "price": "5995",
        "price_per_unit": "200",
        "price_unit": "G"
      },
      {
        "state": "ACT",
        "price": "5995",
        "price_per_unit": "200",
        "price_unit": "G"
      },
      {
        "state": "NT",
        "price": "5995",
        "price_per_unit": "200",
        "price_unit": "G"
      }
    ]
  },
  {
    "source_url": "https://www.woolworths.com.au/shop/productdetails/1074295846/pro-plan-7-senior-cat-food-3kg",
    "name": "Pro Plan 7+ Senior Cat Food 3kg",
    "image_url": "https://cdn1.woolworths.media/content/wowproductimages/large/1074295846.jpg",
    "source_id": "Woolworths - 1074295846",
    "barcode": null,
    "shop": "Woolworths",
    "weight": null,
    "prices": [
      null,
      null,
      null,
      null,
      null
    ]
  },
  {
    "source_url": "https://www.woolworths.com.au/shop/productdetails/1074295773/pro-plan-chicken-kitten-wet-cat-food-pouches-12-x-85g",
    "name": "Pro Plan Chicken Kitten Wet Cat Food Pouches 12 x 85g",
    "image_url": "https://cdn1.woolworths.media/content/wowproductimages/large/1074295773.jpg",
    "source_id": "Woolworths - 1074295773",
    "barcode": null,
    "shop": "Woolworths",
    "weight": null,
    "prices": [
      null,
      null,
      null,
      null,
      null
    ]
  },
  {
    "source_url": "https://www.woolworths.com.au/shop/productdetails/1074401234/purina-friskies-7-flavours-adult-dry-cat-food-10kg",
    "name": "Purina Friskies 7 Flavours Adult Dry Cat Food 10kg",
    "image_url": "https://cdn1.woolworths.media/content/wowproductimages/large/1074401234.jpg",
    "source_id": "Woolworths - 1074401234",
    "barcode": null,
    "shop": "Woolworths",
    "weight": null,
    "prices": [
      null,
      null,
      null,
      null,
      null
    ]
  },
  {
    "source_url": "https://www.woolworths.com.au/shop/productdetails/1074401233/purina-friskies-meaty-grills-adult-dry-cat-food-10kg",
    "name": "Purina Friskies Meaty Grills Adult Dry Cat Food 10kg",
    "image_url": "https://cdn1.woolworths.media/content/wowproductimages/large/1074401233.jpg",
    "source_id": "Woolworths - 1074401233",
    "barcode": null,
    "shop": "Woolworths",
    "weight": null,
    "prices": [
      null,
      null,
      null,
      null,
      null
    ]
  },
  {
    "source_url": "https://www.woolworths.com.au/shop/productdetails/1074401232/purina-friskies-seafood-sensations-adult-dry-cat-food-10kg",
    "name": "Purina Friskies Seafood Sensations Adult Dry Cat Food 10kg",
    "image_url": "https://cdn1.woolworths.media/content/wowproductimages/large/1074401232.jpg",
    "source_id": "Woolworths - 1074401232",
    "barcode": null,
    "shop": "Woolworths",
    "weight": null,
    "prices": [
      null,
      null,
      null,
      null,
      null
    ]
  },
  {
    "source_url": "https://www.woolworths.com.au/shop/productdetails/204715/purina-one-cat-food-indoor-advantage-immune-defence-1-years",
    "name": "Purina One Cat Food Indoor Advantage Immune Defence 1+ Years 2.8kg",
    "image_url": "https://cdn1.woolworths.media/content/wowproductimages/large/204715.jpg",
    "source_id": "Woolworths - 204715",
    "barcode": "9300605141407",
    "shop": "Woolworths",
    "weight": "100G",
    "prices": [
      {
        "state": "NSW",
        "price": "3200",
        "price_per_unit": "114",
        "price_unit": "G"
      },
      {
        "state": "VIC",
        "price": "3200",
        "price_per_unit": "114",
        "price_unit": "G"
      },
      null,
      {
        "state": "SA",
        "price": "3200",
        "price_per_unit": "114",
        "price_unit": "G"
      },
      {
        "state": "ACT",
        "price": "3200",
        "price_per_unit": "114",
        "price_unit": "G"
      },
      {
        "state": "NT",
        "price": "3200",
        "price_per_unit": "114",
        "price_unit": "G"
      }
    ]
  },
  {
    "source_url": "https://www.woolworths.com.au/shop/productdetails/199604/purina-one-healthy-weight-with-chicken-1-years-dry-cat-food",
    "name": "Purina One Healthy Weight With Chicken 1+ Years Dry Cat Food 1.4kg",
    "image_url": "https://cdn1.woolworths.media/content/wowproductimages/large/199604.jpg",
    "source_id": "Woolworths - 199604",
    "barcode": "9300605141445",
    "shop": "Woolworths",
    "weight": "100G",
    "prices": [
      {
        "state": "NSW",
        "price": "1600",
        "price_per_unit": "114",
        "price_unit": "G"
      },
      {
        "state": "VIC",
        "price": "1600",
        "price_per_unit": "114",
        "price_unit": "G"
      },
      {
        "state": "WA",
        "price": "1600",
        "price_per_unit": "114",
        "price_unit": "G"
      },
      {
        "state": "SA",
        "price": "1600",
        "price_per_unit": "114",
        "price_unit": "G"
      },
      {
        "state": "ACT",
        "price": "1600",
        "price_per_unit": "114",
        "price_unit": "G"
      },
      {
        "state": "NT",
        "price": "1600",
        "price_per_unit": "114",
        "price_unit": "G"
      }
    ]
  },
  {
    "source_url": "https://www.woolworths.com.au/shop/productdetails/198570/purina-one-urinary-care-with-chicken-1-years-dry-cat-food",
    "name": "Purina One Urinary Care With Chicken 1+ Years Dry Cat Food 1.4kg",
    "image_url": "https://cdn1.woolworths.media/content/wowproductimages/large/198570.jpg",
    "source_id": "Woolworths - 198570",
    "barcode": "9300605141698",
    "shop": "Woolworths",
    "weight": "100G",
    "prices": [
      {
        "state": "NSW",
        "price": "1600",
        "price_per_unit": "114",
        "price_unit": "G"
      },
      {
        "state": "VIC",
        "price": "1600",
        "price_per_unit": "114",
        "price_unit": "G"
      },
      {
        "state": "WA",
        "price": "1600",
        "price_per_unit": "114",
        "price_unit": "G"
      },
      {
        "state": "SA",
        "price": "1600",
        "price_per_unit": "114",
        "price_unit": "G"
      },
      {
        "state": "ACT",
        "price": "1600",
        "price_per_unit": "114",
        "price_unit": "G"
      },
      {
        "state": "NT",
        "price": "1600",
        "price_per_unit": "114",
        "price_unit": "G"
      }
    ]
  },
  {
    "source_url": "https://www.woolworths.com.au/shop/productdetails/205033/purina-one-urinary-care-with-chicken-1-years-dry-cat-food",
    "name": "Purina One Urinary Care With Chicken 1+ Years Dry Cat Food 2.8kg",
    "image_url": "https://cdn1.woolworths.media/content/wowproductimages/large/205033.jpg",
    "source_id": "Woolworths - 205033",
    "barcode": "9300605141681",
    "shop": "Woolworths",
    "weight": "100G",
    "prices": [
      {
        "state": "NSW",
        "price": "3200",
        "price_per_unit": "114",
        "price_unit": "G"
      },
      null,
      {
        "state": "WA",
        "price": "3200",
        "price_per_unit": "114",
        "price_unit": "G"
      },
      null,
      {
        "state": "ACT",
        "price": "3200",
        "price_per_unit": "114",
        "price_unit": "G"
      },
      {
        "state": "NT",
        "price": "3200",
        "price_per_unit": "114",
        "price_unit": "G"
      }
    ]
  },
  {
    "source_url": "https://www.woolworths.com.au/shop/productdetails/481065/smitten-cat-food-beef-lamb-vegetables",
    "name": "Smitten Cat Food Beef Lamb & Vegetables 1kg",
    "image_url": "https://cdn1.woolworths.media/content/wowproductimages/large/481065.jpg",
    "source_id": "Woolworths - 481065",
    "barcode": "9300633553852",
    "shop": "Woolworths",
    "weight": "100G",
    "prices": [
      {
        "state": "NSW",
        "price": "525",
        "price_per_unit": "53",
        "price_unit": "G"
      },
      {
        "state": "VIC",
        "price": "525",
        "price_per_unit": "53",
        "price_unit": "G"
      },
      {
        "state": "WA",
        "price": "525",
        "price_per_unit": "53",
        "price_unit": "G"
      },
      {
        "state": "SA",
        "price": "525",
        "price_per_unit": "53",
        "price_unit": "G"
      },
      {
        "state": "ACT",
        "price": "525",
        "price_per_unit": "53",
        "price_unit": "G"
      },
      {
        "state": "NT",
        "price": "525",
        "price_per_unit": "53",
        "price_unit": "G"
      }
    ]
  },
  {
    "source_url": "https://www.woolworths.com.au/shop/productdetails/481088/smitten-kitten-food-chicken-tuna",
    "name": "Smitten Kitten Food Chicken & Tuna 1kg",
    "image_url": "https://cdn1.woolworths.media/content/wowproductimages/large/481088.jpg",
    "source_id": "Woolworths - 481088",
    "barcode": "9300633553821",
    "shop": "Woolworths",
    "weight": "100G",
    "prices": [
      {
        "state": "NSW",
        "price": "525",
        "price_per_unit": "53",
        "price_unit": "G"
      },
      {
        "state": "VIC",
        "price": "525",
        "price_per_unit": "53",
        "price_unit": "G"
      },
      {
        "state": "WA",
        "price": "525",
        "price_per_unit": "53",
        "price_unit": "G"
      },
      {
        "state": "SA",
        "price": "525",
        "price_per_unit": "53",
        "price_unit": "G"
      },
      {
        "state": "ACT",
        "price": "525",
        "price_per_unit": "53",
        "price_unit": "G"
      },
      {
        "state": "NT",
        "price": "525",
        "price_per_unit": "53",
        "price_unit": "G"
      }
    ]
  },
  {
    "source_url": "https://www.woolworths.com.au/shop/productdetails/1074296557/temptations-cat-treats-chicken-flavour-super-mega-pack-350g",
    "name": "Temptations Cat Treats Chicken Flavour SUPER MEGA PACK 350g",
    "image_url": "https://cdn1.woolworths.media/content/wowproductimages/large/1074296557.jpg",
    "source_id": "Woolworths - 1074296557",
    "barcode": null,
    "shop": "Woolworths",
    "weight": null,
    "prices": [
      null,
      null,
      null,
      null,
      null
    ]
  },
  {
    "source_url": "https://www.woolworths.com.au/shop/productdetails/1074296561/temptations-cat-treats-hearty-beef-flavour-super-mega-pack",
    "name": "Temptations Cat Treats Hearty Beef Flavour SUPER MEGA PACK",
    "image_url": "https://cdn1.woolworths.media/content/wowproductimages/large/1074296561.jpg",
    "source_id": "Woolworths - 1074296561",
    "barcode": null,
    "shop": "Woolworths",
    "weight": null,
    "prices": [
      null,
      null,
      null,
      null,
      null
    ]
  },
  {
    "source_url": "https://www.woolworths.com.au/shop/productdetails/1074296542/trilogy-barramundi-adult-cat-food-1-8kg",
    "name": "Trilogy Barramundi Adult Cat Food 1.8kg",
    "image_url": "https://cdn1.woolworths.media/content/wowproductimages/large/1074296542.jpg",
    "source_id": "Woolworths - 1074296542",
    "barcode": null,
    "shop": "Woolworths",
    "weight": null,
    "prices": [
      null,
      null,
      null,
      null,
      null
    ]
  },
  {
    "source_url": "https://www.woolworths.com.au/shop/productdetails/1074296273/trilogy-kangaroo-adult-cat-food-1-8kg",
    "name": "Trilogy Kangaroo Adult Cat Food 1.8kg",
    "image_url": "https://cdn1.woolworths.media/content/wowproductimages/large/1074296273.jpg",
    "source_id": "Woolworths - 1074296273",
    "barcode": null,
    "shop": "Woolworths",
    "weight": null,
    "prices": [
      null,
      null,
      null,
      null,
      null
    ]
  },
  {
    "source_url": "https://www.woolworths.com.au/shop/productdetails/1074296272/trilogy-salmon-adult-cat-food-1-8kg",
    "name": "Trilogy Salmon Adult Cat Food 1.8kg",
    "image_url": "https://cdn1.woolworths.media/content/wowproductimages/large/1074296272.jpg",
    "source_id": "Woolworths - 1074296272",
    "barcode": null,
    "shop": "Woolworths",
    "weight": null,
    "prices": [
      null,
      null,
      null,
      null,
      null
    ]
  },
  {
    "source_url": "https://www.woolworths.com.au/shop/productdetails/1074295814/whiskas-adult-1-plus-year-beef-lamb-dry-cat-food-12kg",
    "name": "Whiskas Adult 1 Plus Year Beef & Lamb Dry Cat Food 12kg",
    "image_url": "https://cdn1.woolworths.media/content/wowproductimages/large/1074295814.jpg",
    "source_id": "Woolworths - 1074295814",
    "barcode": null,
    "shop": "Woolworths",
    "weight": null,
    "prices": [
      null,
      null,
      null,
      null,
      null
    ]
  },
  {
    "source_url": "https://www.woolworths.com.au/shop/productdetails/1074372095/whiskas-adult-1-plus-year-tuna-dry-cat-food-12kg",
    "name": "Whiskas Adult 1 Plus Year Tuna Dry Cat Food 12kg",
    "image_url": "https://cdn1.woolworths.media/content/wowproductimages/large/1074372095.jpg",
    "source_id": "Woolworths - 1074372095",
    "barcode": null,
    "shop": "Woolworths",
    "weight": null,
    "prices": [
      null,
      null,
      null,
      null,
      null
    ]
  },
  {
    "source_url": "https://www.woolworths.com.au/shop/productdetails/141132/whiskas-adult-1-years-dry-cat-food-beef-lamb-flavours",
    "name": "Whiskas Adult 1+ Years Dry Cat Food Beef & Lamb Flavours 1.8kg",
    "image_url": "https://cdn1.woolworths.media/content/wowproductimages/large/141132.jpg",
    "source_id": "Woolworths - 141132",
    "barcode": "9334214054742",
    "shop": "Woolworths",
    "weight": "100G",
    "prices": [
      {
        "state": "NSW",
        "price": "1100",
        "price_per_unit": "61",
        "price_unit": "G"
      },
      {
        "state": "VIC",
        "price": "1100",
        "price_per_unit": "61",
        "price_unit": "G"
      },
      {
        "state": "WA",
        "price": "1100",
        "price_per_unit": "61",
        "price_unit": "G"
      },
      {
        "state": "SA",
        "price": "1100",
        "price_per_unit": "61",
        "price_unit": "G"
      },
      {
        "state": "ACT",
        "price": "1100",
        "price_per_unit": "61",
        "price_unit": "G"
      },
      {
        "state": "NT",
        "price": "1100",
        "price_per_unit": "61",
        "price_unit": "G"
      }
    ]
  },
  {
    "source_url": "https://www.woolworths.com.au/shop/productdetails/118657/whiskas-adult-1-years-dry-cat-food-chicken-rabbit-flavours",
    "name": "Whiskas Adult 1+ Years Dry Cat Food Chicken & Rabbit Flavours 800g",
    "image_url": "https://cdn1.woolworths.media/content/wowproductimages/large/118657.jpg",
    "source_id": "Woolworths - 118657",
    "barcode": "9334214054827",
    "shop": "Woolworths",
    "weight": "100G",
    "prices": [
      {
        "state": "NSW",
        "price": "700",
        "price_per_unit": "88",
        "price_unit": "G"
      },
      {
        "state": "VIC",
        "price": "700",
        "price_per_unit": "88",
        "price_unit": "G"
      },
      {
        "state": "WA",
        "price": "700",
        "price_per_unit": "88",
        "price_unit": "G"
      },
      {
        "state": "SA",
        "price": "700",
        "price_per_unit": "88",
        "price_unit": "G"
      },
      {
        "state": "ACT",
        "price": "700",
        "price_per_unit": "88",
        "price_unit": "G"
      },
      {
        "state": "NT",
        "price": "700",
        "price_per_unit": "88",
        "price_unit": "G"
      }
    ]
  },
  {
    "source_url": "https://www.woolworths.com.au/shop/productdetails/119332/whiskas-adult-1-years-dry-cat-food-chicken-turkey-flavour",
    "name": "Whiskas Adult 1+ Years Dry Cat Food Chicken & Turkey Flavour 1.8kg",
    "image_url": "https://cdn1.woolworths.media/content/wowproductimages/large/119332.jpg",
    "source_id": "Woolworths - 119332",
    "barcode": "9334214054728",
    "shop": "Woolworths",
    "weight": "100G",
    "prices": [
      {
        "state": "NSW",
        "price": "1100",
        "price_per_unit": "61",
        "price_unit": "G"
      },
      {
        "state": "VIC",
        "price": "1100",
        "price_per_unit": "61",
        "price_unit": "G"
      },
      {
        "state": "WA",
        "price": "1100",
        "price_per_unit": "61",
        "price_unit": "G"
      },
      {
        "state": "SA",
        "price": "1100",
        "price_per_unit": "61",
        "price_unit": "G"
      },
      {
        "state": "ACT",
        "price": "1100",
        "price_per_unit": "61",
        "price_unit": "G"
      },
      {
        "state": "NT",
        "price": "1100",
        "price_per_unit": "61",
        "price_unit": "G"
      }
    ]
  },
  {
    "source_url": "https://www.woolworths.com.au/shop/productdetails/118726/whiskas-adult-1-years-dry-cat-food-sardine-prawn-flavour",
    "name": "Whiskas Adult 1+ Years Dry Cat Food Sardine & Prawn Flavour 1.8kg",
    "image_url": "https://cdn1.woolworths.media/content/wowproductimages/large/118726.jpg",
    "source_id": "Woolworths - 118726",
    "barcode": "9334214054704",
    "shop": "Woolworths",
    "weight": "100G",
    "prices": [
      {
        "state": "NSW",
        "price": "1100",
        "price_per_unit": "61",
        "price_unit": "G"
      },
      {
        "state": "VIC",
        "price": "1100",
        "price_per_unit": "61",
        "price_unit": "G"
      },
      {
        "state": "WA",
        "price": "1100",
        "price_per_unit": "61",
        "price_unit": "G"
      },
      {
        "state": "SA",
        "price": "1100",
        "price_per_unit": "61",
        "price_unit": "G"
      },
      {
        "state": "ACT",
        "price": "1100",
        "price_per_unit": "61",
        "price_unit": "G"
      },
      {
        "state": "NT",
        "price": "1100",
        "price_per_unit": "61",
        "price_unit": "G"
      }
    ]
  },
  {
    "source_url": "https://www.woolworths.com.au/shop/productdetails/1074296518/whiskas-adult-beef-lamb-dry-cat-food-12kg",
    "name": "Whiskas Adult Beef & Lamb Dry Cat Food 12kg",
    "image_url": "https://cdn1.woolworths.media/content/wowproductimages/large/1074296518.jpg",
    "source_id": "Woolworths - 1074296518",
    "barcode": null,
    "shop": "Woolworths",
    "weight": "1EA",
    "prices": [
      {
        "state": "NSW",
        "price": "11500",
        "price_per_unit": "11500",
        "price_unit": "EA"
      },
      {
        "state": "VIC",
        "price": "11500",
        "price_per_unit": "11500",
        "price_unit": "EA"
      },
      {
        "state": "WA",
        "price": "11500",
        "price_per_unit": "11500",
        "price_unit": "EA"
      },
      {
        "state": "SA",
        "price": "11500",
        "price_per_unit": "11500",
        "price_unit": "EA"
      },
      {
        "state": "ACT",
        "price": "11500",
        "price_per_unit": "11500",
        "price_unit": "EA"
      },
      {
        "state": "NT",
        "price": "11500",
        "price_per_unit": "11500",
        "price_unit": "EA"
      }
    ]
  },
  {
    "source_url": "https://www.woolworths.com.au/shop/productdetails/140867/whiskas-kitten-2-12-months-dry-cat-food-chicken-tuna-flavours",
    "name": "Whiskas Kitten 2-12 Months Dry Cat Food Chicken & Tuna Flavours 800g",
    "image_url": "https://cdn1.woolworths.media/content/wowproductimages/large/140867.jpg",
    "source_id": "Woolworths - 140867",
    "barcode": "9334214054780",
    "shop": "Woolworths",
    "weight": "100G",
    "prices": [
      {
        "state": "NSW",
        "price": "700",
        "price_per_unit": "88",
        "price_unit": "G"
      },
      {
        "state": "VIC",
        "price": "700",
        "price_per_unit": "88",
        "price_unit": "G"
      },
      {
        "state": "WA",
        "price": "700",
        "price_per_unit": "88",
        "price_unit": "G"
      },
      {
        "state": "SA",
        "price": "700",
        "price_per_unit": "88",
        "price_unit": "G"
      },
      {
        "state": "ACT",
        "price": "700",
        "price_per_unit": "88",
        "price_unit": "G"
      },
      {
        "state": "NT",
        "price": "700",
        "price_per_unit": "88",
        "price_unit": "G"
      }
    ]
  },
  {
    "source_url": "https://www.woolworths.com.au/shop/productdetails/141055/whiskas-senior-7-years-dry-cat-food-tuna-sardine-flavours",
    "name": "Whiskas Senior 7+ Years Dry Cat Food Tuna & Sardine Flavours 1.8kg",
    "image_url": "https://cdn1.woolworths.media/content/wowproductimages/large/141055.jpg",
    "source_id": "Woolworths - 141055",
    "barcode": "9334214057736",
    "shop": "Woolworths",
    "weight": "100G",
    "prices": [
      {
        "state": "NSW",
        "price": "1100",
        "price_per_unit": "61",
        "price_unit": "G"
      },
      {
        "state": "VIC",
        "price": "1100",
        "price_per_unit": "61",
        "price_unit": "G"
      },
      {
        "state": "WA",
        "price": "1100",
        "price_per_unit": "61",
        "price_unit": "G"
      },
      {
        "state": "SA",
        "price": "1100",
        "price_per_unit": "61",
        "price_unit": "G"
      },
      {
        "state": "ACT",
        "price": "1100",
        "price_per_unit": "61",
        "price_unit": "G"
      },
      {
        "state": "NT",
        "price": "1100",
        "price_per_unit": "61",
        "price_unit": "G"
      }
    ]
  },
  {
    "source_url": "https://www.woolworths.com.au/shop/productdetails/1075148475/ziwi-peak-air-dried-cat-food-beef-1kg",
    "name": "Ziwi Peak Air Dried Cat Food - Beef - 1kg",
    "image_url": "https://cdn1.woolworths.media/content/wowproductimages/large/1075148475.jpg",
    "source_id": "Woolworths - 1075148475",
    "barcode": null,
    "shop": "Woolworths",
    "weight": "1EA",
    "prices": [
      {
        "state": "NSW",
        "price": "10199",
        "price_per_unit": "10199",
        "price_unit": "EA"
      },
      {
        "state": "WA",
        "price": "10199",
        "price_per_unit": "10199",
        "price_unit": "EA"
      },
      {
        "state": "SA",
        "price": "10199",
        "price_per_unit": "10199",
        "price_unit": "EA"
      },
      {
        "state": "ACT",
        "price": "10199",
        "price_per_unit": "10199",
        "price_unit": "EA"
      },
      {
        "state": "NT",
        "price": "10199",
        "price_per_unit": "10199",
        "price_unit": "EA"
      }
    ]
  },
  {
    "source_url": "https://www.woolworths.com.au/shop/productdetails/1075147734/ziwi-peak-air-dried-cat-food-beef-400g",
    "name": "Ziwi Peak Air Dried Cat Food - Beef - 400g",
    "image_url": "https://cdn1.woolworths.media/content/wowproductimages/large/1075147734.jpg",
    "source_id": "Woolworths - 1075147734",
    "barcode": null,
    "shop": "Woolworths",
    "weight": "1EA",
    "prices": [
      {
        "state": "NSW",
        "price": "4999",
        "price_per_unit": "4999",
        "price_unit": "EA"
      },
      {
        "state": "WA",
        "price": "4999",
        "price_per_unit": "4999",
        "price_unit": "EA"
      },
      {
        "state": "SA",
        "price": "4999",
        "price_per_unit": "4999",
        "price_unit": "EA"
      },
      {
        "state": "ACT",
        "price": "4999",
        "price_per_unit": "4999",
        "price_unit": "EA"
      },
      {
        "state": "NT",
        "price": "4999",
        "price_per_unit": "4999",
        "price_unit": "EA"
      }
    ]
  },
  {
    "source_url": "https://www.woolworths.com.au/shop/productdetails/1075148487/ziwi-peak-air-dried-cat-food-chicken-1kg",
    "name": "Ziwi Peak Air Dried Cat Food - Chicken - 1kg",
    "image_url": "https://cdn1.woolworths.media/content/wowproductimages/large/1075148487.jpg",
    "source_id": "Woolworths - 1075148487",
    "barcode": null,
    "shop": "Woolworths",
    "weight": "1EA",
    "prices": [
      {
        "state": "NSW",
        "price": "10199",
        "price_per_unit": "10199",
        "price_unit": "EA"
      },
      {
        "state": "WA",
        "price": "10199",
        "price_per_unit": "10199",
        "price_unit": "EA"
      },
      {
        "state": "SA",
        "price": "10199",
        "price_per_unit": "10199",
        "price_unit": "EA"
      },
      {
        "state": "ACT",
        "price": "10199",
        "price_per_unit": "10199",
        "price_unit": "EA"
      },
      {
        "state": "NT",
        "price": "10199",
        "price_per_unit": "10199",
        "price_unit": "EA"
      }
    ]
  },
  {
    "source_url": "https://www.woolworths.com.au/shop/productdetails/1075147748/ziwi-peak-air-dried-cat-food-free-range-chicken-400g",
    "name": "Ziwi Peak Air Dried Cat Food - Free Range Chicken - 400g",
    "image_url": "https://cdn1.woolworths.media/content/wowproductimages/large/1075147748.jpg",
    "source_id": "Woolworths - 1075147748",
    "barcode": null,
    "shop": "Woolworths",
    "weight": "1EA",
    "prices": [
      {
        "state": "NSW",
        "price": "4999",
        "price_per_unit": "4999",
        "price_unit": "EA"
      },
      {
        "state": "WA",
        "price": "4999",
        "price_per_unit": "4999",
        "price_unit": "EA"
      },
      {
        "state": "SA",
        "price": "4999",
        "price_per_unit": "4999",
        "price_unit": "EA"
      },
      {
        "state": "ACT",
        "price": "4999",
        "price_per_unit": "4999",
        "price_unit": "EA"
      },
      {
        "state": "NT",
        "price": "4999",
        "price_per_unit": "4999",
        "price_unit": "EA"
      }
    ]
  },
  {
    "source_url": "https://www.woolworths.com.au/shop/productdetails/1075148496/ziwi-peak-air-dried-cat-food-lamb-1kg",
    "name": "Ziwi Peak Air Dried Cat Food - Lamb - 1kg",
    "image_url": "https://cdn1.woolworths.media/content/wowproductimages/large/1075148496.jpg",
    "source_id": "Woolworths - 1075148496",
    "barcode": null,
    "shop": "Woolworths",
    "weight": "1EA",
    "prices": [
      {
        "state": "NSW",
        "price": "10199",
        "price_per_unit": "10199",
        "price_unit": "EA"
      },
      {
        "state": "WA",
        "price": "10199",
        "price_per_unit": "10199",
        "price_unit": "EA"
      },
      {
        "state": "SA",
        "price": "10199",
        "price_per_unit": "10199",
        "price_unit": "EA"
      },
      {
        "state": "ACT",
        "price": "10199",
        "price_per_unit": "10199",
        "price_unit": "EA"
      },
      {
        "state": "NT",
        "price": "10199",
        "price_per_unit": "10199",
        "price_unit": "EA"
      }
    ]
  },
  {
    "source_url": "https://www.woolworths.com.au/shop/productdetails/1075147768/ziwi-peak-air-dried-cat-food-lamb-400g",
    "name": "Ziwi Peak Air Dried Cat Food - Lamb - 400g",
    "image_url": "https://cdn1.woolworths.media/content/wowproductimages/large/1075147768.jpg",
    "source_id": "Woolworths - 1075147768",
    "barcode": null,
    "shop": "Woolworths",
    "weight": "1EA",
    "prices": [
      {
        "state": "NSW",
        "price": "4999",
        "price_per_unit": "4999",
        "price_unit": "EA"
      },
      {
        "state": "WA",
        "price": "4999",
        "price_per_unit": "4999",
        "price_unit": "EA"
      },
      {
        "state": "SA",
        "price": "4999",
        "price_per_unit": "4999",
        "price_unit": "EA"
      },
      {
        "state": "ACT",
        "price": "4999",
        "price_per_unit": "4999",
        "price_unit": "EA"
      },
      {
        "state": "NT",
        "price": "4999",
        "price_per_unit": "4999",
        "price_unit": "EA"
      }
    ]
  },
  {
    "source_url": "https://www.woolworths.com.au/shop/productdetails/1075148504/ziwi-peak-air-dried-cat-food-mackerel-lamb-1kg",
    "name": "Ziwi Peak Air Dried Cat Food - Mackerel & Lamb - 1kg",
    "image_url": "https://cdn1.woolworths.media/content/wowproductimages/large/1075148504.jpg",
    "source_id": "Woolworths - 1075148504",
    "barcode": null,
    "shop": "Woolworths",
    "weight": "1EA",
    "prices": [
      {
        "state": "NSW",
        "price": "10699",
        "price_per_unit": "10699",
        "price_unit": "EA"
      },
      {
        "state": "WA",
        "price": "10699",
        "price_per_unit": "10699",
        "price_unit": "EA"
      },
      {
        "state": "SA",
        "price": "10699",
        "price_per_unit": "10699",
        "price_unit": "EA"
      },
      {
        "state": "ACT",
        "price": "10699",
        "price_per_unit": "10699",
        "price_unit": "EA"
      },
      {
        "state": "NT",
        "price": "10699",
        "price_per_unit": "10699",
        "price_unit": "EA"
      }
    ]
  },
  {
    "source_url": "https://www.woolworths.com.au/shop/productdetails/1075147784/ziwi-peak-air-dried-cat-food-mackerel-lamb-400g",
    "name": "Ziwi Peak Air Dried Cat Food - Mackerel & Lamb - 400g",
    "image_url": "https://cdn1.woolworths.media/content/wowproductimages/large/1075147784.jpg",
    "source_id": "Woolworths - 1075147784",
    "barcode": null,
    "shop": "Woolworths",
    "weight": "1EA",
    "prices": [
      {
        "state": "NSW",
        "price": "5499",
        "price_per_unit": "5499",
        "price_unit": "EA"
      },
      {
        "state": "WA",
        "price": "5499",
        "price_per_unit": "5499",
        "price_unit": "EA"
      },
      {
        "state": "ACT",
        "price": "5499",
        "price_per_unit": "5499",
        "price_unit": "EA"
      },
      {
        "state": "NT",
        "price": "5499",
        "price_per_unit": "5499",
        "price_unit": "EA"
      }
    ]
  },
  {
    "source_url": "https://www.woolworths.com.au/shop/productdetails/1075147803/ziwi-peak-air-dried-cat-food-venison-400g",
    "name": "Ziwi Peak Air Dried Cat Food - Venison - 400g",
    "image_url": "https://cdn1.woolworths.media/content/wowproductimages/large/1075147803.jpg",
    "source_id": "Woolworths - 1075147803",
    "barcode": null,
    "shop": "Woolworths",
    "weight": "1EA",
    "prices": [
      {
        "state": "NSW",
        "price": "5999",
        "price_per_unit": "5999",
        "price_unit": "EA"
      },
      {
        "state": "WA",
        "price": "5999",
        "price_per_unit": "5999",
        "price_unit": "EA"
      },
      {
        "state": "NT",
        "price": "5999",
        "price_per_unit": "5999",
        "price_unit": "EA"
      }
    ]
  },
  {
    "source_url": "https://www.woolworths.com.au/shop/productdetails/694915/fancy-feast-adult-beef-salmon-cheese-flavour-dry-cat-food",
    "name": "Fancy Feast Adult Beef, Salmon & Cheese Flavour Dry Cat Food 1.4kg",
    "image_url": "https://cdn1.woolworths.media/content/wowproductimages/large/694915.jpg",
    "source_id": "Woolworths - 694915",
    "barcode": "9300605122666",
    "shop": "Woolworths",
    "weight": "100G",
    "prices": [
      {
        "state": "VIC",
        "price": "2100",
        "price_per_unit": "150",
        "price_unit": "G"
      },
      {
        "state": "QLD",
        "price": "2100",
        "price_per_unit": "150",
        "price_unit": "G"
      },
      {
        "state": "WA",
        "price": "2100",
        "price_per_unit": "150",
        "price_unit": "G"
      },
      {
        "state": "SA",
        "price": "2100",
        "price_per_unit": "150",
        "price_unit": "G"
      },
      null,
      {
        "state": "ACT",
        "price": "2100",
        "price_per_unit": "150",
        "price_unit": "G"
      },
      {
        "state": "NT",
        "price": "2100",
        "price_per_unit": "150",
        "price_unit": "G"
      }
    ]
  },
  {
    "source_url": "https://www.woolworths.com.au/shop/productdetails/624760/friskies-adult-7-dry-cat-food-adult",
    "name": "Friskies Adult 7 Dry Cat Food Adult 1kg",
    "image_url": "https://cdn1.woolworths.media/content/wowproductimages/large/624760.jpg",
    "source_id": "Woolworths - 624760",
    "barcode": "9300605115569",
    "shop": "Woolworths",
    "weight": "100G",
    "prices": [
      {
        "state": "VIC",
        "price": "590",
        "price_per_unit": "59",
        "price_unit": "G"
      },
      {
        "state": "WA",
        "price": "590",
        "price_per_unit": "59",
        "price_unit": "G"
      },
      {
        "state": "SA",
        "price": "590",
        "price_per_unit": "59",
        "price_unit": "G"
      },
      {
        "state": "TAS",
        "price": "590",
        "price_per_unit": "59",
        "price_unit": "G"
      },
      {
        "state": "ACT",
        "price": "590",
        "price_per_unit": "59",
        "price_unit": "G"
      },
      {
        "state": "NT",
        "price": "590",
        "price_per_unit": "59",
        "price_unit": "G"
      }
    ]
  },
  {
    "source_url": "https://www.woolworths.com.au/shop/productdetails/807518/friskies-adult-7-dry-cat-food-adult-cat-food",
    "name": "Friskies Adult 7 Dry Cat Food Adult Cat Food 2.5kg",
    "image_url": "https://cdn1.woolworths.media/content/wowproductimages/large/807518.jpg",
    "source_id": "Woolworths - 807518",
    "barcode": "9300605122970",
    "shop": "Woolworths",
    "weight": "100G",
    "prices": [
      {
        "state": "VIC",
        "price": "1550",
        "price_per_unit": "62",
        "price_unit": "G"
      },
      {
        "state": "WA",
        "price": "1550",
        "price_per_unit": "62",
        "price_unit": "G"
      },
      {
        "state": "SA",
        "price": "1550",
        "price_per_unit": "62",
        "price_unit": "G"
      },
      {
        "state": "TAS",
        "price": "1550",
        "price_per_unit": "62",
        "price_unit": "G"
      },
      {
        "state": "ACT",
        "price": "1550",
        "price_per_unit": "62",
        "price_unit": "G"
      },
      {
        "state": "NT",
        "price": "1550",
        "price_per_unit": "62",
        "price_unit": "G"
      }
    ]
  },
  {
    "source_url": "https://www.woolworths.com.au/shop/productdetails/847697/friskies-adult-meaty-grills-dry-cat-food",
    "name": "Friskies Adult Meaty Grills Dry Cat Food 1kg",
    "image_url": "https://cdn1.woolworths.media/content/wowproductimages/large/847697.jpg",
    "source_id": "Woolworths - 847697",
    "barcode": "9300605109964",
    "shop": "Woolworths",
    "weight": "100G",
    "prices": [
      {
        "state": "VIC",
        "price": "590",
        "price_per_unit": "59",
        "price_unit": "G"
      },
      {
        "state": "WA",
        "price": "590",
        "price_per_unit": "59",
        "price_unit": "G"
      },
      {
        "state": "SA",
        "price": "590",
        "price_per_unit": "59",
        "price_unit": "G"
      },
      {
        "state": "TAS",
        "price": "590",
        "price_per_unit": "59",
        "price_unit": "G"
      },
      {
        "state": "ACT",
        "price": "590",
        "price_per_unit": "59",
        "price_unit": "G"
      },
      {
        "state": "NT",
        "price": "590",
        "price_per_unit": "59",
        "price_unit": "G"
      }
    ]
  },
  {
    "source_url": "https://www.woolworths.com.au/shop/productdetails/867016/friskies-adult-meaty-grills-dry-cat-food",
    "name": "Friskies Adult Meaty Grills Dry Cat Food 2.5kg",
    "image_url": "https://cdn1.woolworths.media/content/wowproductimages/large/867016.jpg",
    "source_id": "Woolworths - 867016",
    "barcode": "9300605102309",
    "shop": "Woolworths",
    "weight": "100G",
    "prices": [
      {
        "state": "VIC",
        "price": "1550",
        "price_per_unit": "62",
        "price_unit": "G"
      },
      {
        "state": "WA",
        "price": "1550",
        "price_per_unit": "62",
        "price_unit": "G"
      },
      {
        "state": "SA",
        "price": "1550",
        "price_per_unit": "62",
        "price_unit": "G"
      },
      {
        "state": "TAS",
        "price": "1550",
        "price_per_unit": "62",
        "price_unit": "G"
      },
      {
        "state": "ACT",
        "price": "1550",
        "price_per_unit": "62",
        "price_unit": "G"
      },
      {
        "state": "NT",
        "price": "1550",
        "price_per_unit": "62",
        "price_unit": "G"
      }
    ]
  },
  {
    "source_url": "https://www.woolworths.com.au/shop/productdetails/847710/friskies-adult-seafood-sensations-dry-cat-food",
    "name": "Friskies Adult Seafood Sensations Dry Cat Food 1kg",
    "image_url": "https://cdn1.woolworths.media/content/wowproductimages/large/847710.jpg",
    "source_id": "Woolworths - 847710",
    "barcode": "9300605109988",
    "shop": "Woolworths",
    "weight": "100G",
    "prices": [
      {
        "state": "VIC",
        "price": "590",
        "price_per_unit": "59",
        "price_unit": "G"
      },
      {
        "state": "WA",
        "price": "590",
        "price_per_unit": "59",
        "price_unit": "G"
      },
      {
        "state": "SA",
        "price": "590",
        "price_per_unit": "59",
        "price_unit": "G"
      },
      {
        "state": "TAS",
        "price": "590",
        "price_per_unit": "59",
        "price_unit": "G"
      },
      {
        "state": "ACT",
        "price": "590",
        "price_per_unit": "59",
        "price_unit": "G"
      },
      {
        "state": "NT",
        "price": "590",
        "price_per_unit": "59",
        "price_unit": "G"
      }
    ]
  },
  {
    "source_url": "https://www.woolworths.com.au/shop/productdetails/847745/friskies-adult-seafood-sensations-dry-cat-food",
    "name": "Friskies Adult Seafood Sensations Dry Cat Food 2.5kg",
    "image_url": "https://cdn1.woolworths.media/content/wowproductimages/large/847745.jpg",
    "source_id": "Woolworths - 847745",
    "barcode": "9300605102293",
    "shop": "Woolworths",
    "weight": "100G",
    "prices": [
      {
        "state": "VIC",
        "price": "1550",
        "price_per_unit": "62",
        "price_unit": "G"
      },
      {
        "state": "WA",
        "price": "1550",
        "price_per_unit": "62",
        "price_unit": "G"
      },
      {
        "state": "SA",
        "price": "1550",
        "price_per_unit": "62",
        "price_unit": "G"
      },
      {
        "state": "TAS",
        "price": "1550",
        "price_per_unit": "62",
        "price_unit": "G"
      },
      {
        "state": "ACT",
        "price": "1550",
        "price_per_unit": "62",
        "price_unit": "G"
      },
      {
        "state": "NT",
        "price": "1550",
        "price_per_unit": "62",
        "price_unit": "G"
      }
    ]
  },
  {
    "source_url": "https://www.woolworths.com.au/shop/productdetails/847787/friskies-kitten-kitten-discoveries-dry-cat-food",
    "name": "Friskies Kitten Kitten Discoveries Dry Cat Food 1kg",
    "image_url": "https://cdn1.woolworths.media/content/wowproductimages/large/847787.jpg",
    "source_id": "Woolworths - 847787",
    "barcode": "9300605109926",
    "shop": "Woolworths",
    "weight": "100G",
    "prices": [
      {
        "state": "VIC",
        "price": "590",
        "price_per_unit": "59",
        "price_unit": "G"
      },
      {
        "state": "WA",
        "price": "590",
        "price_per_unit": "59",
        "price_unit": "G"
      },
      {
        "state": "SA",
        "price": "590",
        "price_per_unit": "59",
        "price_unit": "G"
      },
      {
        "state": "TAS",
        "price": "590",
        "price_per_unit": "59",
        "price_unit": "G"
      },
      {
        "state": "ACT",
        "price": "590",
        "price_per_unit": "59",
        "price_unit": "G"
      },
      {
        "state": "NT",
        "price": "590",
        "price_per_unit": "59",
        "price_unit": "G"
      }
    ]
  },
  {
    "source_url": "https://www.woolworths.com.au/shop/productdetails/726144/fussy-cat-grain-free-adult-dry-cat-food-beef-kangaroo-sweet-potato",
    "name": "Fussy Cat Grain Free Adult Dry Cat Food Beef & Kangaroo & Sweet Potato 500g",
    "image_url": "https://cdn1.woolworths.media/content/wowproductimages/large/726144.jpg",
    "source_id": "Woolworths - 726144",
    "barcode": "9319185057541",
    "shop": "Woolworths",
    "weight": "100G",
    "prices": [
      {
        "state": "VIC",
        "price": "650",
        "price_per_unit": "130",
        "price_unit": "G"
      },
      {
        "state": "WA",
        "price": "650",
        "price_per_unit": "130",
        "price_unit": "G"
      },
      {
        "state": "SA",
        "price": "650",
        "price_per_unit": "130",
        "price_unit": "G"
      },
      {
        "state": "TAS",
        "price": "650",
        "price_per_unit": "130",
        "price_unit": "G"
      },
      {
        "state": "ACT",
        "price": "650",
        "price_per_unit": "130",
        "price_unit": "G"
      },
      {
        "state": "NT",
        "price": "650",
        "price_per_unit": "130",
        "price_unit": "G"
      }
    ]
  },
  {
    "source_url": "https://www.woolworths.com.au/shop/productdetails/137920/fussy-cat-grain-free-adult-dry-cat-food-chicken-oceanfish-indoor-cat",
    "name": "Fussy Cat Grain Free Adult Dry Cat Food Chicken & Oceanfish Indoor Cat 500g",
    "image_url": "https://cdn1.woolworths.media/content/wowproductimages/large/137920.jpg",
    "source_id": "Woolworths - 137920",
    "barcode": "9319185004064",
    "shop": "Woolworths",
    "weight": "100G",
    "prices": [
      {
        "state": "VIC",
        "price": "650",
        "price_per_unit": "130",
        "price_unit": "G"
      },
      {
        "state": "WA",
        "price": "650",
        "price_per_unit": "130",
        "price_unit": "G"
      },
      {
        "state": "SA",
        "price": "650",
        "price_per_unit": "130",
        "price_unit": "G"
      },
      {
        "state": "TAS",
        "price": "650",
        "price_per_unit": "130",
        "price_unit": "G"
      },
      {
        "state": "ACT",
        "price": "650",
        "price_per_unit": "130",
        "price_unit": "G"
      },
      {
        "state": "NT",
        "price": "650",
        "price_per_unit": "130",
        "price_unit": "G"
      }
    ]
  },
  {
    "source_url": "https://www.woolworths.com.au/shop/productdetails/382206/fussy-cat-grain-free-adult-dry-cat-food-chicken-turkey-with-cranberry",
    "name": "Fussy Cat Grain Free Adult Dry Cat Food Chicken &Turkey With Cranberry 500g",
    "image_url": "https://cdn1.woolworths.media/content/wowproductimages/large/382206.jpg",
    "source_id": "Woolworths - 382206",
    "barcode": "9319185057749",
    "shop": "Woolworths",
    "weight": "100G",
    "prices": [
      {
        "state": "VIC",
        "price": "650",
        "price_per_unit": "130",
        "price_unit": "G"
      },
      {
        "state": "WA",
        "price": "650",
        "price_per_unit": "130",
        "price_unit": "G"
      },
      {
        "state": "SA",
        "price": "650",
        "price_per_unit": "130",
        "price_unit": "G"
      },
      {
        "state": "TAS",
        "price": "650",
        "price_per_unit": "130",
        "price_unit": "G"
      },
      {
        "state": "ACT",
        "price": "650",
        "price_per_unit": "130",
        "price_unit": "G"
      },
      {
        "state": "NT",
        "price": "650",
        "price_per_unit": "130",
        "price_unit": "G"
      }
    ]
  },
  {
    "source_url": "https://www.woolworths.com.au/shop/productdetails/382205/fussy-cat-grain-free-adult-dry-cat-food-salmon-whitefish-olive-oil",
    "name": "Fussy Cat Grain Free Adult Dry Cat Food Salmon Whitefish & Olive Oil 500g",
    "image_url": "https://cdn1.woolworths.media/content/wowproductimages/large/382205.jpg",
    "source_id": "Woolworths - 382205",
    "barcode": "9319185057961",
    "shop": "Woolworths",
    "weight": "100G",
    "prices": [
      {
        "state": "VIC",
        "price": "650",
        "price_per_unit": "130",
        "price_unit": "G"
      },
      {
        "state": "WA",
        "price": "650",
        "price_per_unit": "130",
        "price_unit": "G"
      },
      {
        "state": "SA",
        "price": "650",
        "price_per_unit": "130",
        "price_unit": "G"
      },
      {
        "state": "TAS",
        "price": "650",
        "price_per_unit": "130",
        "price_unit": "G"
      },
      {
        "state": "ACT",
        "price": "650",
        "price_per_unit": "130",
        "price_unit": "G"
      },
      {
        "state": "NT",
        "price": "650",
        "price_per_unit": "130",
        "price_unit": "G"
      }
    ]
  },
  {
    "source_url": "https://www.woolworths.com.au/shop/productdetails/66085/fussy-cat-grain-free-kitten-dry-cat-food-chicken-with-vegetables",
    "name": "Fussy Cat Grain Free Kitten Dry Cat Food Chicken With Vegetables 450g",
    "image_url": "https://cdn1.woolworths.media/content/wowproductimages/large/066085.jpg",
    "source_id": "Woolworths - 66085",
    "barcode": "9319185002923",
    "shop": "Woolworths",
    "weight": "100G",
    "prices": [
      {
        "state": "VIC",
        "price": "650",
        "price_per_unit": "144",
        "price_unit": "G"
      },
      {
        "state": "WA",
        "price": "650",
        "price_per_unit": "144",
        "price_unit": "G"
      },
      {
        "state": "SA",
        "price": "650",
        "price_per_unit": "144",
        "price_unit": "G"
      },
      {
        "state": "TAS",
        "price": "650",
        "price_per_unit": "144",
        "price_unit": "G"
      },
      {
        "state": "ACT",
        "price": "650",
        "price_per_unit": "144",
        "price_unit": "G"
      },
      {
        "state": "NT",
        "price": "650",
        "price_per_unit": "144",
        "price_unit": "G"
      }
    ]
  },
  {
    "source_url": "https://www.woolworths.com.au/shop/productdetails/694885/optimum-adult-1-furball-dry-cat-food-with-chicken",
    "name": "Optimum Adult +1 Furball Dry Cat Food with Chicken 800g",
    "image_url": "https://cdn1.woolworths.media/content/wowproductimages/large/694885.jpg",
    "source_id": "Woolworths - 694885",
    "barcode": "9334214044804",
    "shop": "Woolworths",
    "weight": "100G",
    "prices": [
      {
        "state": "VIC",
        "price": "1250",
        "price_per_unit": "156",
        "price_unit": "G"
      },
      {
        "state": "WA",
        "price": "1250",
        "price_per_unit": "156",
        "price_unit": "G"
      },
      {
        "state": "SA",
        "price": "1250",
        "price_per_unit": "156",
        "price_unit": "G"
      },
      {
        "state": "TAS",
        "price": "1250",
        "price_per_unit": "156",
        "price_unit": "G"
      },
      {
        "state": "ACT",
        "price": "1250",
        "price_per_unit": "156",
        "price_unit": "G"
      },
      {
        "state": "NT",
        "price": "1250",
        "price_per_unit": "156",
        "price_unit": "G"
      }
    ]
  },
  {
    "source_url": "https://www.woolworths.com.au/shop/productdetails/239743/optimum-cat-food-oral-care-dry",
    "name": "Optimum Cat Food Oral Care Dry 2kg",
    "image_url": "https://cdn1.woolworths.media/content/wowproductimages/large/239743.jpg",
    "source_id": "Woolworths - 239743",
    "barcode": "9334214060767",
    "shop": "Woolworths",
    "weight": "100G",
    "prices": [
      {
        "state": "VIC",
        "price": "2000",
        "price_per_unit": "100",
        "price_unit": "G"
      },
      {
        "state": "WA",
        "price": "2000",
        "price_per_unit": "100",
        "price_unit": "G"
      },
      {
        "state": "SA",
        "price": "2000",
        "price_per_unit": "100",
        "price_unit": "G"
      },
      {
        "state": "TAS",
        "price": "2000",
        "price_per_unit": "100",
        "price_unit": "G"
      },
      {
        "state": "ACT",
        "price": "2000",
        "price_per_unit": "100",
        "price_unit": "G"
      },
      {
        "state": "NT",
        "price": "2000",
        "price_per_unit": "100",
        "price_unit": "G"
      }
    ]
  },
  {
    "source_url": "https://www.woolworths.com.au/shop/productdetails/694873/optimum-kitten-2-12-months-dry-cat-food-with-chicken",
    "name": "Optimum Kitten 2-12 months Dry Cat Food with Chicken 800g",
    "image_url": "https://cdn1.woolworths.media/content/wowproductimages/large/694873.jpg",
    "source_id": "Woolworths - 694873",
    "barcode": "9334214044842",
    "shop": "Woolworths",
    "weight": "100G",
    "prices": [
      {
        "state": "VIC",
        "price": "1250",
        "price_per_unit": "156",
        "price_unit": "G"
      },
      {
        "state": "WA",
        "price": "1250",
        "price_per_unit": "156",
        "price_unit": "G"
      },
      {
        "state": "SA",
        "price": "1250",
        "price_per_unit": "156",
        "price_unit": "G"
      },
      {
        "state": "TAS",
        "price": "1250",
        "price_per_unit": "156",
        "price_unit": "G"
      },
      {
        "state": "ACT",
        "price": "1250",
        "price_per_unit": "156",
        "price_unit": "G"
      },
      {
        "state": "NT",
        "price": "1250",
        "price_per_unit": "156",
        "price_unit": "G"
      }
    ]
  },
  {
    "source_url": "https://www.woolworths.com.au/shop/productdetails/199047/purina-one-coat-hairball-with-chicken-1-years",
    "name": "Purina One Coat & Hairball With Chicken 1+ Years 1.4kg",
    "image_url": "https://cdn1.woolworths.media/content/wowproductimages/large/199047.jpg",
    "source_id": "Woolworths - 199047",
    "barcode": "9300605140899",
    "shop": "Woolworths",
    "weight": "100G",
    "prices": [
      {
        "state": "VIC",
        "price": "1600",
        "price_per_unit": "114",
        "price_unit": "G"
      },
      null,
      {
        "state": "SA",
        "price": "1600",
        "price_per_unit": "114",
        "price_unit": "G"
      },
      {
        "state": "ACT",
        "price": "1600",
        "price_per_unit": "114",
        "price_unit": "G"
      },
      {
        "state": "NT",
        "price": "1600",
        "price_per_unit": "114",
        "price_unit": "G"
      }
    ]
  },
  {
    "source_url": "https://www.woolworths.com.au/shop/productdetails/198811/purina-one-healthy-adult-with-salmon-tuna-1-years-dry-cat-food",
    "name": "Purina One Healthy Adult With Salmon & Tuna 1+ Years Dry Cat Food 1.5kg",
    "image_url": "https://cdn1.woolworths.media/content/wowproductimages/large/198811.jpg",
    "source_id": "Woolworths - 198811",
    "barcode": "9300605141353",
    "shop": "Woolworths",
    "weight": "100G",
    "prices": [
      {
        "state": "VIC",
        "price": "1600",
        "price_per_unit": "107",
        "price_unit": "G"
      },
      {
        "state": "WA",
        "price": "1600",
        "price_per_unit": "107",
        "price_unit": "G"
      },
      {
        "state": "SA",
        "price": "1600",
        "price_per_unit": "107",
        "price_unit": "G"
      },
      {
        "state": "ACT",
        "price": "1600",
        "price_per_unit": "107",
        "price_unit": "G"
      },
      {
        "state": "NT",
        "price": "1600",
        "price_per_unit": "107",
        "price_unit": "G"
      }
    ]
  },
  {
    "source_url": "https://www.woolworths.com.au/shop/productdetails/205072/purina-one-healthy-adult-with-salmon-tuna-1-years-dry-cat-food",
    "name": "Purina One Healthy Adult With Salmon & Tuna 1+ Years Dry Cat Food 3kg",
    "image_url": "https://cdn1.woolworths.media/content/wowproductimages/large/205072.jpg",
    "source_id": "Woolworths - 205072",
    "barcode": "9300605141377",
    "shop": "Woolworths",
    "weight": "100G",
    "prices": [
      {
        "state": "VIC",
        "price": "3200",
        "price_per_unit": "107",
        "price_unit": "G"
      },
      {
        "state": "WA",
        "price": "3200",
        "price_per_unit": "107",
        "price_unit": "G"
      },
      {
        "state": "SA",
        "price": "3200",
        "price_per_unit": "107",
        "price_unit": "G"
      },
      {
        "state": "ACT",
        "price": "3200",
        "price_per_unit": "107",
        "price_unit": "G"
      },
      null
    ]
  },
  {
    "source_url": "https://www.woolworths.com.au/shop/productdetails/199030/purina-one-healthy-kitten-with-chicken-1-12-mnth-dry-cat-food",
    "name": "Purina One Healthy Kitten With Chicken 1-12 Mnth Dry Cat Food 1.4kg",
    "image_url": "https://cdn1.woolworths.media/content/wowproductimages/large/199030.jpg",
    "source_id": "Woolworths - 199030",
    "barcode": "9300605142084",
    "shop": "Woolworths",
    "weight": "100G",
    "prices": [
      {
        "state": "VIC",
        "price": "1600",
        "price_per_unit": "114",
        "price_unit": "G"
      },
      {
        "state": "WA",
        "price": "1600",
        "price_per_unit": "114",
        "price_unit": "G"
      },
      {
        "state": "SA",
        "price": "1600",
        "price_per_unit": "114",
        "price_unit": "G"
      },
      {
        "state": "ACT",
        "price": "1600",
        "price_per_unit": "114",
        "price_unit": "G"
      },
      {
        "state": "NT",
        "price": "1600",
        "price_per_unit": "114",
        "price_unit": "G"
      }
    ]
  },
  {
    "source_url": "https://www.woolworths.com.au/shop/productdetails/203801/purina-one-indoor-advantage-with-chicken-1-years-dry-cat-food",
    "name": "Purina One Indoor Advantage With Chicken 1+ Years Dry Cat Food 1.4kg",
    "image_url": "https://cdn1.woolworths.media/content/wowproductimages/large/203801.jpg",
    "source_id": "Woolworths - 203801",
    "barcode": "9300605141391",
    "shop": "Woolworths",
    "weight": "100G",
    "prices": [
      {
        "state": "VIC",
        "price": "1600",
        "price_per_unit": "114",
        "price_unit": "G"
      },
      {
        "state": "WA",
        "price": "1600",
        "price_per_unit": "114",
        "price_unit": "G"
      },
      {
        "state": "SA",
        "price": "1600",
        "price_per_unit": "114",
        "price_unit": "G"
      },
      {
        "state": "ACT",
        "price": "1600",
        "price_per_unit": "114",
        "price_unit": "G"
      },
      {
        "state": "NT",
        "price": "1600",
        "price_per_unit": "114",
        "price_unit": "G"
      }
    ]
  },
  {
    "source_url": "https://www.woolworths.com.au/shop/productdetails/198741/purina-one-mature-adult-with-chicken-7-years-dry-cat-food",
    "name": "Purina One Mature Adult With Chicken 7+ Years Dry Cat Food 1.4kg",
    "image_url": "https://cdn1.woolworths.media/content/wowproductimages/large/198741.jpg",
    "source_id": "Woolworths - 198741",
    "barcode": "9300605141728",
    "shop": "Woolworths",
    "weight": "100G",
    "prices": [
      {
        "state": "VIC",
        "price": "1600",
        "price_per_unit": "114",
        "price_unit": "G"
      },
      {
        "state": "WA",
        "price": "1600",
        "price_per_unit": "114",
        "price_unit": "G"
      },
      {
        "state": "SA",
        "price": "1600",
        "price_per_unit": "114",
        "price_unit": "G"
      },
      {
        "state": "ACT",
        "price": "1600",
        "price_per_unit": "114",
        "price_unit": "G"
      },
      {
        "state": "NT",
        "price": "1600",
        "price_per_unit": "114",
        "price_unit": "G"
      }
    ]
  },
  {
    "source_url": "https://www.woolworths.com.au/shop/productdetails/183129/smitten-dry-cat-food-chicken-flavour-mature-7-years",
    "name": "Smitten Dry Cat Food Chicken Flavour Mature 7+ Years 1kg",
    "image_url": "https://cdn1.woolworths.media/content/wowproductimages/large/183129.jpg",
    "source_id": "Woolworths - 183129",
    "barcode": "9339687276097",
    "shop": "Woolworths",
    "weight": "100G",
    "prices": [
      {
        "state": "VIC",
        "price": "525",
        "price_per_unit": "53",
        "price_unit": "G"
      },
      {
        "state": "WA",
        "price": "525",
        "price_per_unit": "53",
        "price_unit": "G"
      },
      {
        "state": "SA",
        "price": "525",
        "price_per_unit": "53",
        "price_unit": "G"
      },
      {
        "state": "ACT",
        "price": "525",
        "price_per_unit": "53",
        "price_unit": "G"
      }
    ]
  },
  {
    "source_url": "https://www.woolworths.com.au/shop/productdetails/183128/smitten-indoor-dry-cat-food-chicken-fish-flavour-adult",
    "name": "Smitten Indoor Dry Cat Food Chicken & Fish Flavour Adult 1kg",
    "image_url": "https://cdn1.woolworths.media/content/wowproductimages/large/183128.jpg",
    "source_id": "Woolworths - 183128",
    "barcode": "9339687276080",
    "shop": "Woolworths",
    "weight": "100G",
    "prices": [
      {
        "state": "VIC",
        "price": "525",
        "price_per_unit": "53",
        "price_unit": "G"
      },
      {
        "state": "WA",
        "price": "525",
        "price_per_unit": "53",
        "price_unit": "G"
      },
      {
        "state": "SA",
        "price": "525",
        "price_per_unit": "53",
        "price_unit": "G"
      },
      {
        "state": "ACT",
        "price": "525",
        "price_per_unit": "53",
        "price_unit": "G"
      }
    ]
  },
  {
    "source_url": "https://www.woolworths.com.au/shop/productdetails/391749/whiskas-furball-sardine-prawn-cat-food",
    "name": "Whiskas Furball Sardine & Prawn Cat Food 800g",
    "image_url": "https://cdn1.woolworths.media/content/wowproductimages/large/391749.jpg",
    "source_id": "Woolworths - 391749",
    "barcode": "9334214054902",
    "shop": "Woolworths",
    "weight": "100G",
    "prices": [
      {
        "state": "VIC",
        "price": "700",
        "price_per_unit": "88",
        "price_unit": "G"
      },
      {
        "state": "WA",
        "price": "700",
        "price_per_unit": "88",
        "price_unit": "G"
      },
      {
        "state": "SA",
        "price": "700",
        "price_per_unit": "88",
        "price_unit": "G"
      },
      {
        "state": "ACT",
        "price": "700",
        "price_per_unit": "88",
        "price_unit": "G"
      },
      {
        "state": "NT",
        "price": "700",
        "price_per_unit": "88",
        "price_unit": "G"
      }
    ]
  },
  {
    "source_url": "https://www.woolworths.com.au/shop/productdetails/847777/friskies-adult-senior-splendour-dry-cat-food",
    "name": "Friskies Adult Senior Splendour Dry Cat Food 1kg",
    "image_url": "https://cdn1.woolworths.media/content/wowproductimages/large/847777.jpg",
    "source_id": "Woolworths - 847777",
    "barcode": "9300605102262",
    "shop": "Woolworths",
    "weight": "100G",
    "prices": []
  }
]