[
  {
    "source_url": "https://www.woolworths.com.au/shop/productdetails/907523/a2-milk-gentle-gold-stage-3-toddler-formula",
    "name": "A2 Milk Gentle Gold Stage 3 Toddler Formula 800g",
    "image_url": "https://cdn1.woolworths.media/content/wowproductimages/large/907523.jpg",
    "source_id": "Woolworths - 907523",
    "barcode": "9421902960901",
    "category_id": "1_717A94B",
    "shop": "Woolworths",
    "weight": "100G",
    "prices": [
      {
        "state": "NSW",
        "price": "3000",
        "price_per_unit": "375",
        "price_unit": "G"
      },
      {
        "state": "VIC",
        "price": "3000",
        "price_per_unit": "375",
        "price_unit": "G"
      },
      {
        "state": "QLD",
        "price": "3000",
        "price_per_unit": "375",
        "price_unit": "G"
      },
      {
        "state": "WA",
        "price": "3000",
        "price_per_unit": "375",
        "price_unit": "G"
      },
      {
        "state": "SA",
        "price": "3000",
        "price_per_unit": "375",
        "price_unit": "G"
      },
      {
        "state": "TAS",
        "price": "3000",
        "price_per_unit": "375",
        "price_unit": "G"
      },
      {
        "state": "ACT",
        "price": "3000",
        "price_per_unit": "375",
        "price_unit": "G"
      },
      {
        "state": "NT",
        "price": "3000",
        "price_per_unit": "375",
        "price_unit": "G"
      }
    ]
  },
  {
    "source_url": "https://www.woolworths.com.au/shop/productdetails/907296/a2-milk-gentle-gold-stage-4-formula-3-years-",
    "name": "A2 Milk Gentle Gold Stage 4 Formula 3 Years+",
    "image_url": "https://cdn1.woolworths.media/content/wowproductimages/large/907296.jpg",
    "source_id": "Woolworths - 907296",
    "barcode": "9421902960918",
    "category_id": "1_717A94B",
    "shop": "Woolworths",
    "weight": "100G",
    "prices": [
      {
        "state": "NSW",
        "price": "3000",
        "price_per_unit": "375",
        "price_unit": "G"
      },
      {
        "state": "VIC",
        "price": "3000",
        "price_per_unit": "375",
        "price_unit": "G"
      },
      {
        "state": "QLD",
        "price": "3000",
        "price_per_unit": "375",
        "price_unit": "G"
      },
      {
        "state": "WA",
        "price": "3000",
        "price_per_unit": "375",
        "price_unit": "G"
      },
      {
        "state": "SA",
        "price": "3000",
        "price_per_unit": "375",
        "price_unit": "G"
      },
      {
        "state": "TAS",
        "price": "3000",
        "price_per_unit": "375",
        "price_unit": "G"
      },
      {
        "state": "ACT",
        "price": "3000",
        "price_per_unit": "375",
        "price_unit": "G"
      },
      {
        "state": "NT",
        "price": "3000",
        "price_per_unit": "375",
        "price_unit": "G"
      }
    ]
  },
  {
    "source_url": "https://www.woolworths.com.au/shop/productdetails/237175/a2-platinum-junior-milk-drink-stage-3",
    "name": "A2 Platinum Junior Milk Drink Stage 3 900g",
    "image_url": "https://cdn1.woolworths.media/content/wowproductimages/large/237175.jpg",
    "source_id": "Woolworths - 237175",
    "barcode": "9421902960611",
    "category_id": "1_717A94B",
    "shop": "Woolworths",
    "weight": "100G",
    "prices": [
      {
        "state": "NSW",
        "price": "3800",
        "price_per_unit": "422",
        "price_unit": "G"
      },
      {
        "state": "VIC",
        "price": "3800",
        "price_per_unit": "422",
        "price_unit": "G"
      },
      {
        "state": "QLD",
        "price": "3800",
        "price_per_unit": "422",
        "price_unit": "G"
      },
      {
        "state": "WA",
        "price": "3800",
        "price_per_unit": "422",
        "price_unit": "G"
      },
      {
        "state": "SA",
        "price": "3800",
        "price_per_unit": "422",
        "price_unit": "G"
      },
      {
        "state": "TAS",
        "price": "3800",
        "price_per_unit": "422",
        "price_unit": "G"
      },
      {
        "state": "ACT",
        "price": "3800",
        "price_per_unit": "422",
        "price_unit": "G"
      },
      {
        "state": "NT",
        "price": "3990",
        "price_per_unit": "443",
        "price_unit": "G"
      }
    ]
  },
  {
    "source_url": "https://www.woolworths.com.au/shop/productdetails/892316/alula-advance-stage-3-toddler-baby-formula-1-year-",
    "name": "Alula Advance+ Stage 3 Toddler Baby Formula 1 Year + 800g",
    "image_url": "https://cdn1.woolworths.media/content/wowproductimages/large/892316.jpg",
    "source_id": "Woolworths - 892316",
    "barcode": "9347832001296",
    "category_id": "1_717A94B",
    "shop": "Woolworths",
    "weight": "100G",
    "prices": [
      {
        "state": "NSW",
        "price": "3000",
        "price_per_unit": "375",
        "price_unit": "G"
      },
      {
        "state": "VIC",
        "price": "3000",
        "price_per_unit": "375",
        "price_unit": "G"
      },
      {
        "state": "QLD",
        "price": "3000",
        "price_per_unit": "375",
        "price_unit": "G"
      },
      {
        "state": "WA",
        "price": "3000",
        "price_per_unit": "375",
        "price_unit": "G"
      },
      {
        "state": "SA",
        "price": "3000",
        "price_per_unit": "375",
        "price_unit": "G"
      },
      {
        "state": "TAS",
        "price": "3000",
        "price_per_unit": "375",
        "price_unit": "G"
      },
      {
        "state": "ACT",
        "price": "3000",
        "price_per_unit": "375",
        "price_unit": "G"
      },
      {
        "state": "NT",
        "price": "3000",
        "price_per_unit": "375",
        "price_unit": "G"
      }
    ]
  },
  {
    "source_url": "https://www.woolworths.com.au/shop/productdetails/654784/alula-gold-junior-2-years-milk-drink",
    "name": "Alula Gold Junior 2 Years + Milk Drink 900g",
    "image_url": "https://cdn1.woolworths.media/content/wowproductimages/large/654784.jpg",
    "source_id": "Woolworths - 654784",
    "barcode": "9347832001241",
    "category_id": "1_717A94B",
    "shop": "Woolworths",
    "weight": "100G",
    "prices": [
      {
        "state": "NSW",
        "price": "2550",
        "price_per_unit": "283",
        "price_unit": "G"
      },
      {
        "state": "VIC",
        "price": "2550",
        "price_per_unit": "283",
        "price_unit": "G"
      },
      {
        "state": "QLD",
        "price": "2550",
        "price_per_unit": "283",
        "price_unit": "G"
      },
      {
        "state": "WA",
        "price": "2550",
        "price_per_unit": "283",
        "price_unit": "G"
      },
      {
        "state": "SA",
        "price": "2550",
        "price_per_unit": "283",
        "price_unit": "G"
      },
      {
        "state": "TAS",
        "price": "2550",
        "price_per_unit": "283",
        "price_unit": "G"
      },
      {
        "state": "ACT",
        "price": "2550",
        "price_per_unit": "283",
        "price_unit": "G"
      },
      {
        "state": "NT",
        "price": "2680",
        "price_per_unit": "298",
        "price_unit": "G"
      }
    ]
  },
  {
    "source_url": "https://www.woolworths.com.au/shop/productdetails/654791/alula-gold-toddler-1-year-milk-drink",
    "name": "Alula Gold Toddler 1 Year + Milk Drink 900g",
    "image_url": "https://cdn1.woolworths.media/content/wowproductimages/large/654791.jpg",
    "source_id": "Woolworths - 654791",
    "barcode": "9347832001234",
    "category_id": "1_717A94B",
    "shop": "Woolworths",
    "weight": "100G",
    "prices": [
      {
        "state": "NSW",
        "price": "2550",
        "price_per_unit": "283",
        "price_unit": "G"
      },
      {
        "state": "VIC",
        "price": "2550",
        "price_per_unit": "283",
        "price_unit": "G"
      },
      {
        "state": "QLD",
        "price": "2550",
        "price_per_unit": "283",
        "price_unit": "G"
      },
      {
        "state": "WA",
        "price": "2550",
        "price_per_unit": "283",
        "price_unit": "G"
      },
      {
        "state": "SA",
        "price": "2550",
        "price_per_unit": "283",
        "price_unit": "G"
      },
      {
        "state": "TAS",
        "price": "2550",
        "price_per_unit": "283",
        "price_unit": "G"
      },
      {
        "state": "ACT",
        "price": "2550",
        "price_per_unit": "283",
        "price_unit": "G"
      },
      {
        "state": "NT",
        "price": "2680",
        "price_per_unit": "298",
        "price_unit": "G"
      }
    ]
  },
  {
    "source_url": "https://www.woolworths.com.au/shop/productdetails/859308/alula-original-toddler-1-year-milk-drink",
    "name": "Alula Original Toddler 1 Year + Milk Drink 900g",
    "image_url": "https://cdn1.woolworths.media/content/wowproductimages/large/859308.jpg",
    "source_id": "Woolworths - 859308",
    "barcode": "9347832001159",
    "category_id": "1_717A94B",
    "shop": "Woolworths",
    "weight": "100G",
    "prices": [
      {
        "state": "NSW",
        "price": "2000",
        "price_per_unit": "222",
        "price_unit": "G"
      },
      {
        "state": "VIC",
        "price": "2000",
        "price_per_unit": "222",
        "price_unit": "G"
      },
      {
        "state": "QLD",
        "price": "2000",
        "price_per_unit": "222",
        "price_unit": "G"
      },
      {
        "state": "WA",
        "price": "2000",
        "price_per_unit": "222",
        "price_unit": "G"
      },
      {
        "state": "SA",
        "price": "2000",
        "price_per_unit": "222",
        "price_unit": "G"
      },
      {
        "state": "TAS",
        "price": "2000",
        "price_per_unit": "222",
        "price_unit": "G"
      },
      {
        "state": "ACT",
        "price": "2000",
        "price_per_unit": "222",
        "price_unit": "G"
      },
      {
        "state": "NT",
        "price": "2100",
        "price_per_unit": "233",
        "price_unit": "G"
      }
    ]
  },
  {
    "source_url": "https://www.woolworths.com.au/shop/productdetails/378533/aptamil-gold-3-toddler-milk-formula-from-1-year",
    "name": "Aptamil Gold+ 3 Toddler Milk Formula From 1+ Year 900g",
    "image_url": "https://cdn1.woolworths.media/content/wowproductimages/large/378533.jpg",
    "source_id": "Woolworths - 378533",
    "barcode": "9418783002844",
    "category_id": "1_717A94B",
    "shop": "Woolworths",
    "weight": "100G",
    "prices": [
      {
        "state": "NSW",
        "price": "2650",
        "price_per_unit": "294",
        "price_unit": "G"
      },
      {
        "state": "VIC",
        "price": "2650",
        "price_per_unit": "294",
        "price_unit": "G"
      },
      {
        "state": "QLD",
        "price": "2650",
        "price_per_unit": "294",
        "price_unit": "G"
      },
      {
        "state": "WA",
        "price": "2650",
        "price_per_unit": "294",
        "price_unit": "G"
      },
      {
        "state": "SA",
        "price": "2650",
        "price_per_unit": "294",
        "price_unit": "G"
      },
      {
        "state": "TAS",
        "price": "2650",
        "price_per_unit": "294",
        "price_unit": "G"
      },
      {
        "state": "ACT",
        "price": "2650",
        "price_per_unit": "294",
        "price_unit": "G"
      },
      {
        "state": "NT",
        "price": "2650",
        "price_per_unit": "294",
        "price_unit": "G"
      }
    ]
  },
  {
    "source_url": "https://www.woolworths.com.au/shop/productdetails/378535/aptamil-gold-4-junior-milk-formula-from-2-years",
    "name": "Aptamil Gold+ 4 Junior Milk Formula From 2+ Years 900g",
    "image_url": "https://cdn1.woolworths.media/content/wowproductimages/large/378535.jpg",
    "source_id": "Woolworths - 378535",
    "barcode": "9418783002851",
    "category_id": "1_717A94B",
    "shop": "Woolworths",
    "weight": "100G",
    "prices": [
      {
        "state": "NSW",
        "price": "2650",
        "price_per_unit": "294",
        "price_unit": "G"
      },
      {
        "state": "VIC",
        "price": "2650",
        "price_per_unit": "294",
        "price_unit": "G"
      },
      {
        "state": "QLD",
        "price": "2650",
        "price_per_unit": "294",
        "price_unit": "G"
      },
      {
        "state": "WA",
        "price": "2650",
        "price_per_unit": "294",
        "price_unit": "G"
      },
      {
        "state": "SA",
        "price": "2650",
        "price_per_unit": "294",
        "price_unit": "G"
      },
      {
        "state": "TAS",
        "price": "2650",
        "price_per_unit": "294",
        "price_unit": "G"
      },
      {
        "state": "ACT",
        "price": "2650",
        "price_per_unit": "294",
        "price_unit": "G"
      },
      {
        "state": "NT",
        "price": "2650",
        "price_per_unit": "294",
        "price_unit": "G"
      }
    ]
  },
  {
    "source_url": "https://www.woolworths.com.au/shop/productdetails/88504/bubs-organic-grass-fed-toddler-formula-stage-3",
    "name": "Bubs Organic Grass Fed Toddler Formula Stage 3 800g",
    "image_url": "https://cdn1.woolworths.media/content/wowproductimages/large/088504.jpg",
    "source_id": "Woolworths - 88504",
    "barcode": "9338078005711",
    "category_id": "1_717A94B",
    "shop": "Woolworths",
    "weight": "100G",
    "prices": [
      {
        "state": "NSW",
        "price": "3400",
        "price_per_unit": "425",
        "price_unit": "G"
      },
      {
        "state": "VIC",
        "price": "3400",
        "price_per_unit": "425",
        "price_unit": "G"
      },
      {
        "state": "QLD",
        "price": "3400",
        "price_per_unit": "425",
        "price_unit": "G"
      },
      {
        "state": "WA",
        "price": "3400",
        "price_per_unit": "425",
        "price_unit": "G"
      },
      {
        "state": "SA",
        "price": "3400",
        "price_per_unit": "425",
        "price_unit": "G"
      },
      {
        "state": "TAS",
        "price": "3400",
        "price_per_unit": "425",
        "price_unit": "G"
      },
      {
        "state": "ACT",
        "price": "3400",
        "price_per_unit": "425",
        "price_unit": "G"
      },
      {
        "state": "NT",
        "price": "3570",
        "price_per_unit": "446",
        "price_unit": "G"
      }
    ]
  },
  {
    "source_url": "https://www.woolworths.com.au/shop/productdetails/743687/karicare-3-toddler-milk-drink-formula-from-12-months",
    "name": "Karicare 3 Toddler Milk Drink Formula From 12+ Months 900g",
    "image_url": "https://cdn1.woolworths.media/content/wowproductimages/large/743687.jpg",
    "source_id": "Woolworths - 743687",
    "barcode": "9418783003117",
    "category_id": "1_717A94B",
    "shop": "Woolworths",
    "weight": "100G",
    "prices": [
      {
        "state": "NSW",
        "price": "1800",
        "price_per_unit": "200",
        "price_unit": "G"
      },
      {
        "state": "VIC",
        "price": "1800",
        "price_per_unit": "200",
        "price_unit": "G"
      },
      {
        "state": "QLD",
        "price": "1800",
        "price_per_unit": "200",
        "price_unit": "G"
      },
      {
        "state": "WA",
        "price": "1800",
        "price_per_unit": "200",
        "price_unit": "G"
      },
      {
        "state": "SA",
        "price": "1800",
        "price_per_unit": "200",
        "price_unit": "G"
      },
      {
        "state": "TAS",
        "price": "1800",
        "price_per_unit": "200",
        "price_unit": "G"
      },
      {
        "state": "ACT",
        "price": "1800",
        "price_per_unit": "200",
        "price_unit": "G"
      },
      {
        "state": "NT",
        "price": "1800",
        "price_per_unit": "200",
        "price_unit": "G"
      }
    ]
  },
  {
    "source_url": "https://www.woolworths.com.au/shop/productdetails/743762/karicare-4-toddler-milk-drink-formula-from-2-years",
    "name": "Karicare 4 Toddler Milk Drink Formula From 2+ Years 900g",
    "image_url": "https://cdn1.woolworths.media/content/wowproductimages/large/743762.jpg",
    "source_id": "Woolworths - 743762",
    "barcode": "9418783003124",
    "category_id": "1_717A94B",
    "shop": "Woolworths",
    "weight": "100G",
    "prices": [
      {
        "state": "NSW",
        "price": "1800",
        "price_per_unit": "200",
        "price_unit": "G"
      },
      {
        "state": "VIC",
        "price": "1800",
        "price_per_unit": "200",
        "price_unit": "G"
      },
      {
        "state": "QLD",
        "price": "1800",
        "price_per_unit": "200",
        "price_unit": "G"
      },
      {
        "state": "WA",
        "price": "1800",
        "price_per_unit": "200",
        "price_unit": "G"
      },
      {
        "state": "SA",
        "price": "1800",
        "price_per_unit": "200",
        "price_unit": "G"
      },
      {
        "state": "TAS",
        "price": "1800",
        "price_per_unit": "200",
        "price_unit": "G"
      },
      {
        "state": "ACT",
        "price": "1800",
        "price_per_unit": "200",
        "price_unit": "G"
      },
      {
        "state": "NT",
        "price": "1800",
        "price_per_unit": "200",
        "price_unit": "G"
      }
    ]
  },
  {
    "source_url": "https://www.woolworths.com.au/shop/productdetails/155541/nestle-nan-comfort-3-toddler-1-years-milk-drink-powder",
    "name": "Nestle NAN Comfort 3 Toddler 1+ Years Milk Drink Powder 800g",
    "image_url": "https://cdn1.woolworths.media/content/wowproductimages/large/155541.jpg",
    "source_id": "Woolworths - 155541",
    "barcode": "7613287028815",
    "category_id": "1_717A94B",
    "shop": "Woolworths",
    "weight": "100G",
    "prices": [
      {
        "state": "NSW",
        "price": "2100",
        "price_per_unit": "263",
        "price_unit": "G"
      },
      {
        "state": "VIC",
        "price": "2100",
        "price_per_unit": "263",
        "price_unit": "G"
      },
      {
        "state": "QLD",
        "price": "2100",
        "price_per_unit": "263",
        "price_unit": "G"
      },
      {
        "state": "WA",
        "price": "2100",
        "price_per_unit": "263",
        "price_unit": "G"
      },
      {
        "state": "SA",
        "price": "2100",
        "price_per_unit": "263",
        "price_unit": "G"
      },
      {
        "state": "TAS",
        "price": "2100",
        "price_per_unit": "263",
        "price_unit": "G"
      },
      {
        "state": "ACT",
        "price": "2100",
        "price_per_unit": "263",
        "price_unit": "G"
      },
      {
        "state": "NT",
        "price": "2205",
        "price_per_unit": "276",
        "price_unit": "G"
      }
    ]
  },
  {
    "source_url": "https://www.woolworths.com.au/shop/productdetails/155538/nestle-nan-optipro-3-toddler-1-years-milk-drink-powder",
    "name": "Nestle NAN Optipro 3 Toddler 1+ Years Milk Drink Powder 800g",
    "image_url": "https://cdn1.woolworths.media/content/wowproductimages/large/155538.jpg",
    "source_id": "Woolworths - 155538",
    "barcode": "7613287028563",
    "category_id": "1_717A94B",
    "shop": "Woolworths",
    "weight": "100G",
    "prices": [
      {
        "state": "NSW",
        "price": "2500",
        "price_per_unit": "313",
        "price_unit": "G"
      },
      {
        "state": "VIC",
        "price": "2500",
        "price_per_unit": "313",
        "price_unit": "G"
      },
      {
        "state": "QLD",
        "price": "2500",
        "price_per_unit": "313",
        "price_unit": "G"
      },
      {
        "state": "WA",
        "price": "2500",
        "price_per_unit": "313",
        "price_unit": "G"
      },
      {
        "state": "SA",
        "price": "2500",
        "price_per_unit": "313",
        "price_unit": "G"
      },
      {
        "state": "TAS",
        "price": "2500",
        "price_per_unit": "313",
        "price_unit": "G"
      },
      {
        "state": "ACT",
        "price": "2500",
        "price_per_unit": "313",
        "price_unit": "G"
      },
      {
        "state": "NT",
        "price": "2625",
        "price_per_unit": "328",
        "price_unit": "G"
      }
    ]
  },
  {
    "source_url": "https://www.woolworths.com.au/shop/productdetails/155534/nestle-nan-supremepro-3-toddler-1-years-premium-milk-drink-powder",
    "name": "Nestle NAN Supremepro 3 Toddler 1+ Years Premium Milk Drink Powder 800g",
    "image_url": "https://cdn1.woolworths.media/content/wowproductimages/large/155534.jpg",
    "source_id": "Woolworths - 155534",
    "barcode": "7613039672815",
    "category_id": "1_717A94B",
    "shop": "Woolworths",
    "weight": "100G",
    "prices": [
      {
        "state": "NSW",
        "price": "2400",
        "price_per_unit": "300",
        "price_unit": "G"
      },
      {
        "state": "VIC",
        "price": "2400",
        "price_per_unit": "300",
        "price_unit": "G"
      },
      {
        "state": "QLD",
        "price": "2400",
        "price_per_unit": "300",
        "price_unit": "G"
      },
      {
        "state": "WA",
        "price": "2400",
        "price_per_unit": "300",
        "price_unit": "G"
      },
      {
        "state": "SA",
        "price": "2400",
        "price_per_unit": "300",
        "price_unit": "G"
      },
      {
        "state": "TAS",
        "price": "2400",
        "price_per_unit": "300",
        "price_unit": "G"
      },
      {
        "state": "ACT",
        "price": "2400",
        "price_per_unit": "300",
        "price_unit": "G"
      },
      {
        "state": "NT",
        "price": "2400",
        "price_per_unit": "300",
        "price_unit": "G"
      }
    ]
  },
  {
    "source_url": "https://www.woolworths.com.au/shop/productdetails/155535/nestle-nan-supremepro-4-toddler-2-years-premium-milk-drink-powder",
    "name": "Nestle NAN Supremepro 4 Toddler 2+ Years Premium Milk Drink Powder 800g",
    "image_url": "https://cdn1.woolworths.media/content/wowproductimages/large/155535.jpg",
    "source_id": "Woolworths - 155535",
    "barcode": "7613039681145",
    "category_id": "1_717A94B",
    "shop": "Woolworths",
    "weight": "100G",
    "prices": [
      {
        "state": "NSW",
        "price": "2400",
        "price_per_unit": "300",
        "price_unit": "G"
      },
      {
        "state": "VIC",
        "price": "2400",
        "price_per_unit": "300",
        "price_unit": "G"
      },
      {
        "state": "QLD",
        "price": "2400",
        "price_per_unit": "300",
        "price_unit": "G"
      },
      {
        "state": "SA",
        "price": "2400",
        "price_per_unit": "300",
        "price_unit": "G"
      },
      {
        "state": "ACT",
        "price": "2400",
        "price_per_unit": "300",
        "price_unit": "G"
      },
      {
        "state": "NT",
        "price": "2400",
        "price_per_unit": "300",
        "price_unit": "G"
      }
    ]
  },
  {
    "source_url": "https://www.woolworths.com.au/shop/productdetails/160676/nutura-organic-toddler-milk-drink-12-36-months",
    "name": "Nutura Organic Toddler Milk Drink 12-36 Months 800g",
    "image_url": "https://cdn1.woolworths.media/content/wowproductimages/large/160676.jpg",
    "source_id": "Woolworths - 160676",
    "barcode": "9350758000632",
    "category_id": "1_717A94B",
    "shop": "Woolworths",
    "weight": "100G",
    "prices": [
      {
        "state": "NSW",
        "price": "2700",
        "price_per_unit": "338",
        "price_unit": "G"
      },
      {
        "state": "VIC",
        "price": "2700",
        "price_per_unit": "338",
        "price_unit": "G"
      },
      {
        "state": "QLD",
        "price": "2700",
        "price_per_unit": "338",
        "price_unit": "G"
      },
      {
        "state": "WA",
        "price": "2700",
        "price_per_unit": "338",
        "price_unit": "G"
      },
      {
        "state": "SA",
        "price": "2700",
        "price_per_unit": "338",
        "price_unit": "G"
      },
      {
        "state": "TAS",
        "price": "2700",
        "price_per_unit": "338",
        "price_unit": "G"
      },
      {
        "state": "ACT",
        "price": "2700",
        "price_per_unit": "338",
        "price_unit": "G"
      },
      {
        "state": "NT",
        "price": "2700",
        "price_per_unit": "338",
        "price_unit": "G"
      }
    ]
  },
  {
    "source_url": "https://www.woolworths.com.au/shop/productdetails/151745/aptamil-profutura-3-premium-toddler-nutrition-supplement-1-year",
    "name": "Aptamil Profutura 3 Premium Toddler Nutrition Supplement + 1 Year 900g",
    "image_url": "https://cdn1.woolworths.media/content/wowproductimages/large/151745.jpg",
    "source_id": "Woolworths - 151745",
    "barcode": "9418783008877",
    "category_id": "1_717A94B",
    "shop": "Woolworths",
    "weight": "100G",
    "prices": [
      {
        "state": "VIC",
        "price": "4300",
        "price_per_unit": "478",
        "price_unit": "G"
      },
      {
        "state": "QLD",
        "price": "4300",
        "price_per_unit": "478",
        "price_unit": "G"
      },
      {
        "state": "WA",
        "price": "4300",
        "price_per_unit": "478",
        "price_unit": "G"
      },
      {
        "state": "TAS",
        "price": "4300",
        "price_per_unit": "478",
        "price_unit": "G"
      },
      {
        "state": "ACT",
        "price": "4300",
        "price_per_unit": "478",
        "price_unit": "G"
      },
      {
        "state": "NT",
        "price": "4515",
        "price_per_unit": "502",
        "price_unit": "G"
      }
    ]
  },
  {
    "source_url": "https://www.woolworths.com.au/shop/productdetails/250239/bellamy-s-organic-organic-toddler-baby-formula-stage-3",
    "name": "Bellamy's Organic Toddler Baby Formula Stage 3 900g",
    "image_url": "https://cdn1.woolworths.media/content/wowproductimages/large/250239.jpg",
    "source_id": "Woolworths - 250239",
    "barcode": "9332045001768",
    "category_id": "1_717A94B",
    "shop": "Woolworths",
    "weight": "100G",
    "prices": [
      {
        "state": "VIC",
        "price": "3600",
        "price_per_unit": "400",
        "price_unit": "G"
      },
      {
        "state": "QLD",
        "price": "3600",
        "price_per_unit": "400",
        "price_unit": "G"
      },
      {
        "state": "WA",
        "price": "3600",
        "price_per_unit": "400",
        "price_unit": "G"
      },
      {
        "state": "SA",
        "price": "3600",
        "price_per_unit": "400",
        "price_unit": "G"
      },
      {
        "state": "TAS",
        "price": "3600",
        "price_per_unit": "400",
        "price_unit": "G"
      },
      {
        "state": "ACT",
        "price": "3600",
        "price_per_unit": "400",
        "price_unit": "G"
      },
      {
        "state": "NT",
        "price": "3780",
        "price_per_unit": "420",
        "price_unit": "G"
      }
    ]
  }
]