[
  {
    "source_url": "https://www.woolworths.com.au/shop/productdetails/769526/bega-cheese-so-light-grated-grated",
    "name": "Bega Cheese So Light Grated 500g",
    "image_url": "https://cdn1.woolworths.media/content/wowproductimages/large/769526.jpg",
    "source_id": "Woolworths - 769526",
    "barcode": "9310264911105",
    "category_id": "22089",
    "shop": "Woolworths",
    "weight": "1KG",
    "prices": [
      {
        "state": "NSW",
        "price": "1050",
        "price_per_unit": "2100",
        "price_unit": "KG"
      },
      {
        "state": "VIC",
        "price": "1050",
        "price_per_unit": "2100",
        "price_unit": "KG"
      },
      {
        "state": "QLD",
        "price": "1050",
        "price_per_unit": "2100",
        "price_unit": "KG"
      },
      {
        "state": "WA",
        "price": "1050",
        "price_per_unit": "2100",
        "price_unit": "KG"
      },
      {
        "state": "SA",
        "price": "1050",
        "price_per_unit": "2100",
        "price_unit": "KG"
      },
      {
        "state": "TAS",
        "price": "1050",
        "price_per_unit": "2100",
        "price_unit": "KG"
      },
      {
        "state": "ACT",
        "price": "1050",
        "price_per_unit": "2100",
        "price_unit": "KG"
      }
    ]
  },
  {
    "source_url": "https://www.woolworths.com.au/shop/productdetails/769907/bega-tasty-grated-cheese-grated-cheese",
    "name": "Bega Tasty Grated Cheese 500g",
    "image_url": "https://cdn1.woolworths.media/content/wowproductimages/large/769907.jpg",
    "source_id": "Woolworths - 769907",
    "barcode": "9310052333256",
    "category_id": "22089",
    "shop": "Woolworths",
    "weight": "1KG",
    "prices": [
      {
        "state": "NSW",
        "price": "1050",
        "price_per_unit": "2100",
        "price_unit": "KG"
      },
      {
        "state": "VIC",
        "price": "1050",
        "price_per_unit": "2100",
        "price_unit": "KG"
      },
      {
        "state": "QLD",
        "price": "1050",
        "price_per_unit": "2100",
        "price_unit": "KG"
      },
      {
        "state": "WA",
        "price": "1050",
        "price_per_unit": "2100",
        "price_unit": "KG"
      },
      {
        "state": "SA",
        "price": "1050",
        "price_per_unit": "2100",
        "price_unit": "KG"
      },
      {
        "state": "TAS",
        "price": "1050",
        "price_per_unit": "2100",
        "price_unit": "KG"
      },
      {
        "state": "ACT",
        "price": "1050",
        "price_per_unit": "2100",
        "price_unit": "KG"
      },
      {
        "state": "NT",
        "price": "1050",
        "price_per_unit": "2100",
        "price_unit": "KG"
      }
    ]
  },
  {
    "source_url": "https://www.woolworths.com.au/shop/productdetails/334934/devondale-shredded-mozzarella-cheese",
    "name": "Devondale Shredded Mozzarella Cheese 600g",
    "image_url": "https://cdn1.woolworths.media/content/wowproductimages/large/334934.jpg",
    "source_id": "Woolworths - 334934",
    "barcode": "9300639601694",
    "category_id": "22089",
    "shop": "Woolworths",
    "weight": "1KG",
    "prices": [
      {
        "state": "NSW",
        "price": "1080",
        "price_per_unit": "1800",
        "price_unit": "KG"
      },
      {
        "state": "VIC",
        "price": "1080",
        "price_per_unit": "1800",
        "price_unit": "KG"
      },
      {
        "state": "QLD",
        "price": "1080",
        "price_per_unit": "1800",
        "price_unit": "KG"
      },
      {
        "state": "WA",
        "price": "1080",
        "price_per_unit": "1800",
        "price_unit": "KG"
      },
      {
        "state": "SA",
        "price": "1080",
        "price_per_unit": "1800",
        "price_unit": "KG"
      },
      {
        "state": "TAS",
        "price": "1080",
        "price_per_unit": "1800",
        "price_unit": "KG"
      },
      {
        "state": "ACT",
        "price": "1080",
        "price_per_unit": "1800",
        "price_unit": "KG"
      },
      {
        "state": "NT",
        "price": "1080",
        "price_per_unit": "1800",
        "price_unit": "KG"
      }
    ]
  },
  {
    "source_url": "https://www.woolworths.com.au/shop/productdetails/202498/devondale-shredded-tasty-cheese",
    "name": "Devondale Shredded Tasty Cheese 600g",
    "image_url": "https://cdn1.woolworths.media/content/wowproductimages/large/202498.jpg",
    "source_id": "Woolworths - 202498",
    "barcode": "9300639152059",
    "category_id": "22089",
    "shop": "Woolworths",
    "weight": "1KG",
    "prices": [
      {
        "state": "NSW",
        "price": "1080",
        "price_per_unit": "1800",
        "price_unit": "KG"
      },
      {
        "state": "VIC",
        "price": "1080",
        "price_per_unit": "1800",
        "price_unit": "KG"
      },
      {
        "state": "QLD",
        "price": "1080",
        "price_per_unit": "1800",
        "price_unit": "KG"
      },
      {
        "state": "WA",
        "price": "1080",
        "price_per_unit": "1800",
        "price_unit": "KG"
      },
      {
        "state": "SA",
        "price": "1080",
        "price_per_unit": "1800",
        "price_unit": "KG"
      },
      {
        "state": "TAS",
        "price": "1080",
        "price_per_unit": "1800",
        "price_unit": "KG"
      },
      {
        "state": "ACT",
        "price": "1080",
        "price_per_unit": "1800",
        "price_unit": "KG"
      },
      {
        "state": "NT",
        "price": "1080",
        "price_per_unit": "1800",
        "price_unit": "KG"
      }
    ]
  },
  {
    "source_url": "https://www.woolworths.com.au/shop/productdetails/904912/eat-lean-shredded-cheese",
    "name": "Eat Lean Shredded Cheese 200g",
    "image_url": "https://cdn1.woolworths.media/content/wowproductimages/large/904912.jpg",
    "source_id": "Woolworths - 904912",
    "barcode": "5028482103823",
    "category_id": "22089",
    "shop": "Woolworths",
    "weight": "1KG",
    "prices": [
      {
        "state": "NSW",
        "price": "500",
        "price_per_unit": "2500",
        "price_unit": "KG"
      },
      {
        "state": "VIC",
        "price": "500",
        "price_per_unit": "2500",
        "price_unit": "KG"
      },
      {
        "state": "QLD",
        "price": "500",
        "price_per_unit": "2500",
        "price_unit": "KG"
      },
      {
        "state": "WA",
        "price": "500",
        "price_per_unit": "2500",
        "price_unit": "KG"
      },
      {
        "state": "SA",
        "price": "500",
        "price_per_unit": "2500",
        "price_unit": "KG"
      },
      {
        "state": "TAS",
        "price": "500",
        "price_per_unit": "2500",
        "price_unit": "KG"
      },
      {
        "state": "ACT",
        "price": "500",
        "price_per_unit": "2500",
        "price_unit": "KG"
      },
      {
        "state": "NT",
        "price": "500",
        "price_per_unit": "2500",
        "price_unit": "KG"
      }
    ]
  },
  {
    "source_url": "https://www.woolworths.com.au/shop/productdetails/42161/perfect-italiano-parmesan-cheese-grated-parmesan",
    "name": "Perfect Italiano Parmesan Cheese Grated 125g",
    "image_url": "https://cdn1.woolworths.media/content/wowproductimages/large/042161.jpg",
    "source_id": "Woolworths - 42161",
    "barcode": "9300665023217",
    "category_id": "22089",
    "shop": "Woolworths",
    "weight": "1KG",
    "prices": [
      {
        "state": "NSW",
        "price": "450",
        "price_per_unit": "3600",
        "price_unit": "KG"
      },
      {
        "state": "VIC",
        "price": "450",
        "price_per_unit": "3600",
        "price_unit": "KG"
      },
      {
        "state": "QLD",
        "price": "450",
        "price_per_unit": "3600",
        "price_unit": "KG"
      },
      {
        "state": "WA",
        "price": "450",
        "price_per_unit": "3600",
        "price_unit": "KG"
      },
      {
        "state": "SA",
        "price": "450",
        "price_per_unit": "3600",
        "price_unit": "KG"
      },
      {
        "state": "TAS",
        "price": "450",
        "price_per_unit": "3600",
        "price_unit": "KG"
      },
      {
        "state": "ACT",
        "price": "450",
        "price_per_unit": "3600",
        "price_unit": "KG"
      },
      {
        "state": "NT",
        "price": "450",
        "price_per_unit": "3600",
        "price_unit": "KG"
      }
    ]
  },
  {
    "source_url": "https://www.woolworths.com.au/shop/productdetails/302306/perfect-italiano-parmesan-cheese-grated-extra-sharp",
    "name": "Perfect Italiano Parmesan Cheese Grated Extra Sharp 125g",
    "image_url": "https://cdn1.woolworths.media/content/wowproductimages/large/302306.jpg",
    "source_id": "Woolworths - 302306",
    "barcode": "9310052273941",
    "category_id": "22089",
    "shop": "Woolworths",
    "weight": "1KG",
    "prices": [
      {
        "state": "NSW",
        "price": "450",
        "price_per_unit": "3600",
        "price_unit": "KG"
      },
      {
        "state": "VIC",
        "price": "450",
        "price_per_unit": "3600",
        "price_unit": "KG"
      },
      {
        "state": "QLD",
        "price": "450",
        "price_per_unit": "3600",
        "price_unit": "KG"
      },
      {
        "state": "WA",
        "price": "450",
        "price_per_unit": "3600",
        "price_unit": "KG"
      },
      {
        "state": "SA",
        "price": "450",
        "price_per_unit": "3600",
        "price_unit": "KG"
      },
      {
        "state": "TAS",
        "price": "450",
        "price_per_unit": "3600",
        "price_unit": "KG"
      },
      {
        "state": "ACT",
        "price": "450",
        "price_per_unit": "3600",
        "price_unit": "KG"
      },
      {
        "state": "NT",
        "price": "450",
        "price_per_unit": "3600",
        "price_unit": "KG"
      }
    ]
  },
  {
    "source_url": "https://www.woolworths.com.au/shop/productdetails/360904/perfect-italiano-parmesan-cheese-grated-shaved-parmesan",
    "name": "Perfect Italiano Parmesan Cheese Grated Shaved 125g",
    "image_url": "https://cdn1.woolworths.media/content/wowproductimages/large/360904.jpg",
    "source_id": "Woolworths - 360904",
    "barcode": "9310052277277",
    "category_id": "22089",
    "shop": "Woolworths",
    "weight": "1KG",
    "prices": [
      {
        "state": "NSW",
        "price": "450",
        "price_per_unit": "3600",
        "price_unit": "KG"
      },
      {
        "state": "VIC",
        "price": "450",
        "price_per_unit": "3600",
        "price_unit": "KG"
      },
      {
        "state": "QLD",
        "price": "450",
        "price_per_unit": "3600",
        "price_unit": "KG"
      },
      {
        "state": "WA",
        "price": "450",
        "price_per_unit": "3600",
        "price_unit": "KG"
      },
      {
        "state": "SA",
        "price": "450",
        "price_per_unit": "3600",
        "price_unit": "KG"
      },
      {
        "state": "TAS",
        "price": "450",
        "price_per_unit": "3600",
        "price_unit": "KG"
      },
      {
        "state": "ACT",
        "price": "450",
        "price_per_unit": "3600",
        "price_unit": "KG"
      },
      {
        "state": "NT",
        "price": "450",
        "price_per_unit": "3600",
        "price_unit": "KG"
      }
    ]
  },
  {
    "source_url": "https://www.woolworths.com.au/shop/productdetails/346607/hillview-mozzarella-shredded-cheese",
    "name": "Hillview Mozzarella Shredded Cheese 700g",
    "image_url": "https://cdn1.woolworths.media/content/wowproductimages/large/346607.jpg",
    "source_id": "Woolworths - 346607",
    "barcode": "9339687349555",
    "category_id": "22089",
    "shop": "Woolworths",
    "weight": "1KG",
    "prices": [
      {
        "state": "NSW",
        "price": "1000",
        "price_per_unit": "1429",
        "price_unit": "KG"
      },
      {
        "state": "VIC",
        "price": "1000",
        "price_per_unit": "1429",
        "price_unit": "KG"
      },
      {
        "state": "QLD",
        "price": "1000",
        "price_per_unit": "1429",
        "price_unit": "KG"
      },
      {
        "state": "WA",
        "price": "1000",
        "price_per_unit": "1429",
        "price_unit": "KG"
      },
      {
        "state": "SA",
        "price": "1000",
        "price_per_unit": "1429",
        "price_unit": "KG"
      },
      {
        "state": "TAS",
        "price": "1000",
        "price_per_unit": "1429",
        "price_unit": "KG"
      },
      {
        "state": "ACT",
        "price": "1000",
        "price_per_unit": "1429",
        "price_unit": "KG"
      },
      {
        "state": "NT",
        "price": "1000",
        "price_per_unit": "1429",
        "price_unit": "KG"
      }
    ]
  },
  {
    "source_url": "https://www.woolworths.com.au/shop/productdetails/491820/hillview-tasty-shredded-cheese",
    "name": "Hillview Tasty Shredded Cheese 700g",
    "image_url": "https://cdn1.woolworths.media/content/wowproductimages/large/491820.jpg",
    "source_id": "Woolworths - 491820",
    "barcode": "9300633561581",
    "category_id": "22089",
    "shop": "Woolworths",
    "weight": "1KG",
    "prices": [
      {
        "state": "NSW",
        "price": "950",
        "price_per_unit": "1357",
        "price_unit": "KG"
      },
      {
        "state": "VIC",
        "price": "950",
        "price_per_unit": "1357",
        "price_unit": "KG"
      },
      {
        "state": "QLD",
        "price": "950",
        "price_per_unit": "1357",
        "price_unit": "KG"
      },
      {
        "state": "WA",
        "price": "950",
        "price_per_unit": "1357",
        "price_unit": "KG"
      },
      {
        "state": "SA",
        "price": "950",
        "price_per_unit": "1357",
        "price_unit": "KG"
      },
      {
        "state": "TAS",
        "price": "950",
        "price_per_unit": "1357",
        "price_unit": "KG"
      },
      {
        "state": "ACT",
        "price": "950",
        "price_per_unit": "1357",
        "price_unit": "KG"
      },
      {
        "state": "NT",
        "price": "950",
        "price_per_unit": "1357",
        "price_unit": "KG"
      }
    ]
  },
  {
    "source_url": "https://www.woolworths.com.au/shop/productdetails/741042/liddells-lactose-free-shredded-cheese",
    "name": "Liddells Lactose Free Shredded Cheese 250g",
    "image_url": "https://cdn1.woolworths.media/content/wowproductimages/large/741042.jpg",
    "source_id": "Woolworths - 741042",
    "barcode": "9300639616186",
    "category_id": "22089",
    "shop": "Woolworths",
    "weight": "1KG",
    "prices": [
      {
        "state": "NSW",
        "price": "675",
        "price_per_unit": "2700",
        "price_unit": "KG"
      },
      {
        "state": "VIC",
        "price": "675",
        "price_per_unit": "2700",
        "price_unit": "KG"
      },
      {
        "state": "QLD",
        "price": "675",
        "price_per_unit": "2700",
        "price_unit": "KG"
      },
      {
        "state": "WA",
        "price": "675",
        "price_per_unit": "2700",
        "price_unit": "KG"
      },
      {
        "state": "SA",
        "price": "675",
        "price_per_unit": "2700",
        "price_unit": "KG"
      },
      {
        "state": "TAS",
        "price": "675",
        "price_per_unit": "2700",
        "price_unit": "KG"
      },
      {
        "state": "ACT",
        "price": "675",
        "price_per_unit": "2700",
        "price_unit": "KG"
      },
      {
        "state": "NT",
        "price": "675",
        "price_per_unit": "2700",
        "price_unit": "KG"
      }
    ]
  },
  {
    "source_url": "https://www.woolworths.com.au/shop/productdetails/769459/perfect-italiano-grated-4-cheese-melt",
    "name": "Perfect Italiano Grated 4 Cheese Melt 450g",
    "image_url": "https://cdn1.woolworths.media/content/wowproductimages/large/769459.jpg",
    "source_id": "Woolworths - 769459",
    "barcode": "9310053000683",
    "category_id": "22089",
    "shop": "Woolworths",
    "weight": "1KG",
    "prices": [
      {
        "state": "NSW",
        "price": "750",
        "price_per_unit": "1667",
        "price_unit": "KG"
      },
      {
        "state": "VIC",
        "price": "750",
        "price_per_unit": "1667",
        "price_unit": "KG"
      },
      {
        "state": "QLD",
        "price": "750",
        "price_per_unit": "1667",
        "price_unit": "KG"
      },
      {
        "state": "WA",
        "price": "750",
        "price_per_unit": "1667",
        "price_unit": "KG"
      },
      {
        "state": "SA",
        "price": "750",
        "price_per_unit": "1667",
        "price_unit": "KG"
      },
      {
        "state": "TAS",
        "price": "750",
        "price_per_unit": "1667",
        "price_unit": "KG"
      },
      {
        "state": "ACT",
        "price": "750",
        "price_per_unit": "1667",
        "price_unit": "KG"
      },
      {
        "state": "NT",
        "price": "750",
        "price_per_unit": "1667",
        "price_unit": "KG"
      }
    ]
  },
  {
    "source_url": "https://www.woolworths.com.au/shop/productdetails/780390/perfect-italiano-grated-mozzarella-cheese-mozzarella-cheese",
    "name": "Perfect Italiano Grated Mozzarella Cheese 450g",
    "image_url": "https://cdn1.woolworths.media/content/wowproductimages/large/780390.jpg",
    "source_id": "Woolworths - 780390",
    "barcode": "9310053000706",
    "category_id": "22089",
    "shop": "Woolworths",
    "weight": "1KG",
    "prices": [
      {
        "state": "NSW",
        "price": "750",
        "price_per_unit": "1667",
        "price_unit": "KG"
      },
      {
        "state": "VIC",
        "price": "750",
        "price_per_unit": "1667",
        "price_unit": "KG"
      },
      {
        "state": "QLD",
        "price": "750",
        "price_per_unit": "1667",
        "price_unit": "KG"
      },
      {
        "state": "WA",
        "price": "750",
        "price_per_unit": "1667",
        "price_unit": "KG"
      },
      {
        "state": "SA",
        "price": "750",
        "price_per_unit": "1667",
        "price_unit": "KG"
      },
      {
        "state": "TAS",
        "price": "750",
        "price_per_unit": "1667",
        "price_unit": "KG"
      },
      {
        "state": "ACT",
        "price": "750",
        "price_per_unit": "1667",
        "price_unit": "KG"
      },
      {
        "state": "NT",
        "price": "750",
        "price_per_unit": "1667",
        "price_unit": "KG"
      }
    ]
  },
  {
    "source_url": "https://www.woolworths.com.au/shop/productdetails/769584/perfect-italiano-grated-pizza-plus-cheese-cheese",
    "name": "Perfect Italiano Grated Pizza Plus Cheese 450g",
    "image_url": "https://cdn1.woolworths.media/content/wowproductimages/large/769584.jpg",
    "source_id": "Woolworths - 769584",
    "barcode": "9310053000720",
    "category_id": "22089",
    "shop": "Woolworths",
    "weight": "1KG",
    "prices": [
      {
        "state": "NSW",
        "price": "750",
        "price_per_unit": "1667",
        "price_unit": "KG"
      },
      {
        "state": "VIC",
        "price": "750",
        "price_per_unit": "1667",
        "price_unit": "KG"
      },
      {
        "state": "QLD",
        "price": "750",
        "price_per_unit": "1667",
        "price_unit": "KG"
      },
      {
        "state": "WA",
        "price": "750",
        "price_per_unit": "1667",
        "price_unit": "KG"
      },
      {
        "state": "SA",
        "price": "750",
        "price_per_unit": "1667",
        "price_unit": "KG"
      },
      {
        "state": "TAS",
        "price": "750",
        "price_per_unit": "1667",
        "price_unit": "KG"
      },
      {
        "state": "ACT",
        "price": "750",
        "price_per_unit": "1667",
        "price_unit": "KG"
      },
      {
        "state": "NT",
        "price": "750",
        "price_per_unit": "1667",
        "price_unit": "KG"
      }
    ]
  },
  {
    "source_url": "https://www.woolworths.com.au/shop/productdetails/728984/woolworths-light-tasty-cheese-shredded",
    "name": "Woolworths Light Tasty Cheese Shredded 250g",
    "image_url": "https://cdn1.woolworths.media/content/wowproductimages/large/728984.jpg",
    "source_id": "Woolworths - 728984",
    "barcode": "9300633326203",
    "category_id": "22089",
    "shop": "Woolworths",
    "weight": "1KG",
    "prices": [
      {
        "state": "NSW",
        "price": "550",
        "price_per_unit": "2200",
        "price_unit": "KG"
      },
      {
        "state": "VIC",
        "price": "550",
        "price_per_unit": "2200",
        "price_unit": "KG"
      },
      {
        "state": "QLD",
        "price": "550",
        "price_per_unit": "2200",
        "price_unit": "KG"
      },
      {
        "state": "WA",
        "price": "550",
        "price_per_unit": "2200",
        "price_unit": "KG"
      },
      {
        "state": "SA",
        "price": "550",
        "price_per_unit": "2200",
        "price_unit": "KG"
      },
      {
        "state": "TAS",
        "price": "550",
        "price_per_unit": "2200",
        "price_unit": "KG"
      },
      {
        "state": "ACT",
        "price": "550",
        "price_per_unit": "2200",
        "price_unit": "KG"
      },
      {
        "state": "NT",
        "price": "550",
        "price_per_unit": "2200",
        "price_unit": "KG"
      }
    ]
  },
  {
    "source_url": "https://www.woolworths.com.au/shop/productdetails/729008/woolworths-light-tasty-shredded-cheese",
    "name": "Woolworths Light Tasty Shredded Cheese 500g",
    "image_url": "https://cdn1.woolworths.media/content/wowproductimages/large/729008.jpg",
    "source_id": "Woolworths - 729008",
    "barcode": "9300633326210",
    "category_id": "22089",
    "shop": "Woolworths",
    "weight": "1KG",
    "prices": [
      {
        "state": "NSW",
        "price": "710",
        "price_per_unit": "1420",
        "price_unit": "KG"
      },
      {
        "state": "VIC",
        "price": "710",
        "price_per_unit": "1420",
        "price_unit": "KG"
      },
      {
        "state": "QLD",
        "price": "710",
        "price_per_unit": "1420",
        "price_unit": "KG"
      },
      {
        "state": "WA",
        "price": "710",
        "price_per_unit": "1420",
        "price_unit": "KG"
      },
      {
        "state": "SA",
        "price": "710",
        "price_per_unit": "1420",
        "price_unit": "KG"
      },
      {
        "state": "TAS",
        "price": "710",
        "price_per_unit": "1420",
        "price_unit": "KG"
      },
      {
        "state": "ACT",
        "price": "710",
        "price_per_unit": "1420",
        "price_unit": "KG"
      },
      {
        "state": "NT",
        "price": "710",
        "price_per_unit": "1420",
        "price_unit": "KG"
      }
    ]
  },
  {
    "source_url": "https://www.woolworths.com.au/shop/productdetails/536508/woolworths-mozzarella-shredded-cheese",
    "name": "Woolworths Mozzarella Shredded Cheese 250g",
    "image_url": "https://cdn1.woolworths.media/content/wowproductimages/large/536508.jpg",
    "source_id": "Woolworths - 536508",
    "barcode": "9300633618681",
    "category_id": "22089",
    "shop": "Woolworths",
    "weight": "1KG",
    "prices": [
      {
        "state": "NSW",
        "price": "550",
        "price_per_unit": "2200",
        "price_unit": "KG"
      },
      {
        "state": "VIC",
        "price": "550",
        "price_per_unit": "2200",
        "price_unit": "KG"
      },
      {
        "state": "QLD",
        "price": "550",
        "price_per_unit": "2200",
        "price_unit": "KG"
      },
      {
        "state": "WA",
        "price": "550",
        "price_per_unit": "2200",
        "price_unit": "KG"
      },
      {
        "state": "SA",
        "price": "550",
        "price_per_unit": "2200",
        "price_unit": "KG"
      },
      {
        "state": "TAS",
        "price": "550",
        "price_per_unit": "2200",
        "price_unit": "KG"
      },
      {
        "state": "ACT",
        "price": "550",
        "price_per_unit": "2200",
        "price_unit": "KG"
      },
      {
        "state": "NT",
        "price": "550",
        "price_per_unit": "2200",
        "price_unit": "KG"
      }
    ]
  },
  {
    "source_url": "https://www.woolworths.com.au/shop/productdetails/728983/woolworths-mozzarella-shredded-cheese",
    "name": "Woolworths Mozzarella Shredded Cheese 500g",
    "image_url": "https://cdn1.woolworths.media/content/wowproductimages/large/728983.jpg",
    "source_id": "Woolworths - 728983",
    "barcode": "9300633326197",
    "category_id": "22089",
    "shop": "Woolworths",
    "weight": "1KG",
    "prices": [
      {
        "state": "NSW",
        "price": "770",
        "price_per_unit": "1540",
        "price_unit": "KG"
      },
      {
        "state": "VIC",
        "price": "770",
        "price_per_unit": "1540",
        "price_unit": "KG"
      },
      {
        "state": "QLD",
        "price": "770",
        "price_per_unit": "1540",
        "price_unit": "KG"
      },
      {
        "state": "WA",
        "price": "770",
        "price_per_unit": "1540",
        "price_unit": "KG"
      },
      {
        "state": "SA",
        "price": "770",
        "price_per_unit": "1540",
        "price_unit": "KG"
      },
      {
        "state": "TAS",
        "price": "770",
        "price_per_unit": "1540",
        "price_unit": "KG"
      },
      {
        "state": "ACT",
        "price": "770",
        "price_per_unit": "1540",
        "price_unit": "KG"
      },
      {
        "state": "NT",
        "price": "770",
        "price_per_unit": "1540",
        "price_unit": "KG"
      }
    ]
  },
  {
    "source_url": "https://www.woolworths.com.au/shop/productdetails/729025/woolworths-tasty-cheese-shredded",
    "name": "Woolworths Tasty Cheese Shredded 250g",
    "image_url": "https://cdn1.woolworths.media/content/wowproductimages/large/729025.jpg",
    "source_id": "Woolworths - 729025",
    "barcode": "9300633326302",
    "category_id": "22089",
    "shop": "Woolworths",
    "weight": "1KG",
    "prices": [
      {
        "state": "NSW",
        "price": "550",
        "price_per_unit": "2200",
        "price_unit": "KG"
      },
      {
        "state": "VIC",
        "price": "550",
        "price_per_unit": "2200",
        "price_unit": "KG"
      },
      {
        "state": "QLD",
        "price": "550",
        "price_per_unit": "2200",
        "price_unit": "KG"
      },
      {
        "state": "WA",
        "price": "550",
        "price_per_unit": "2200",
        "price_unit": "KG"
      },
      {
        "state": "SA",
        "price": "550",
        "price_per_unit": "2200",
        "price_unit": "KG"
      },
      {
        "state": "TAS",
        "price": "550",
        "price_per_unit": "2200",
        "price_unit": "KG"
      },
      {
        "state": "ACT",
        "price": "550",
        "price_per_unit": "2200",
        "price_unit": "KG"
      },
      {
        "state": "NT",
        "price": "550",
        "price_per_unit": "2200",
        "price_unit": "KG"
      }
    ]
  },
  {
    "source_url": "https://www.woolworths.com.au/shop/productdetails/729026/woolworths-tasty-shredded-cheese",
    "name": "Woolworths Tasty Shredded Cheese 500g",
    "image_url": "https://cdn1.woolworths.media/content/wowproductimages/large/729026.jpg",
    "source_id": "Woolworths - 729026",
    "barcode": "9300633326319",
    "category_id": "22089",
    "shop": "Woolworths",
    "weight": "1KG",
    "prices": [
      {
        "state": "NSW",
        "price": "770",
        "price_per_unit": "1540",
        "price_unit": "KG"
      },
      {
        "state": "VIC",
        "price": "770",
        "price_per_unit": "1540",
        "price_unit": "KG"
      },
      {
        "state": "QLD",
        "price": "770",
        "price_per_unit": "1540",
        "price_unit": "KG"
      },
      {
        "state": "WA",
        "price": "770",
        "price_per_unit": "1540",
        "price_unit": "KG"
      },
      {
        "state": "SA",
        "price": "770",
        "price_per_unit": "1540",
        "price_unit": "KG"
      },
      {
        "state": "TAS",
        "price": "770",
        "price_per_unit": "1540",
        "price_unit": "KG"
      },
      {
        "state": "ACT",
        "price": "770",
        "price_per_unit": "1540",
        "price_unit": "KG"
      },
      {
        "state": "NT",
        "price": "770",
        "price_per_unit": "1540",
        "price_unit": "KG"
      }
    ]
  },
  {
    "source_url": "https://www.woolworths.com.au/shop/productdetails/681853/dairyworks-grated-3-cheese-mix",
    "name": "Dairyworks Grated 3 Cheese Mix 250g",
    "image_url": "https://cdn1.woolworths.media/content/wowproductimages/large/681853.jpg",
    "source_id": "Woolworths - 681853",
    "barcode": "9421018084270",
    "category_id": "22089",
    "shop": "Woolworths",
    "weight": "1KG",
    "prices": [
      {
        "state": "VIC",
        "price": "480",
        "price_per_unit": "1920",
        "price_unit": "KG"
      }
    ]
  },
  {
    "source_url": "https://www.woolworths.com.au/shop/productdetails/17497/dairyworks-tasty-cheese-grated",
    "name": "Dairyworks Tasty Cheese Grated 500g",
    "image_url": "https://cdn1.woolworths.media/content/wowproductimages/large/017497.jpg",
    "source_id": "Woolworths - 17497",
    "barcode": "9421018085154",
    "category_id": "22089",
    "shop": "Woolworths",
    "weight": "1KG",
    "prices": [
      {
        "state": "VIC",
        "price": "750",
        "price_per_unit": "1500",
        "price_unit": "KG"
      },
      {
        "state": "QLD",
        "price": "750",
        "price_per_unit": "1500",
        "price_unit": "KG"
      },
      {
        "state": "WA",
        "price": "750",
        "price_per_unit": "1500",
        "price_unit": "KG"
      },
      {
        "state": "SA",
        "price": "750",
        "price_per_unit": "1500",
        "price_unit": "KG"
      },
      {
        "state": "TAS",
        "price": "750",
        "price_per_unit": "1500",
        "price_unit": "KG"
      },
      {
        "state": "ACT",
        "price": "750",
        "price_per_unit": "1500",
        "price_unit": "KG"
      }
    ]
  },
  {
    "source_url": "https://www.woolworths.com.au/shop/productdetails/249281/devondale-shredded-colby-cheese",
    "name": "Devondale Shredded Colby Cheese 600g",
    "image_url": "https://cdn1.woolworths.media/content/wowproductimages/large/249281.jpg",
    "source_id": "Woolworths - 249281",
    "barcode": "9300639600604",
    "category_id": "22089",
    "shop": "Woolworths",
    "weight": "1KG",
    "prices": [
      {
        "state": "VIC",
        "price": "1080",
        "price_per_unit": "1800",
        "price_unit": "KG"
      },
      {
        "state": "QLD",
        "price": "1080",
        "price_per_unit": "1800",
        "price_unit": "KG"
      },
      {
        "state": "WA",
        "price": "1080",
        "price_per_unit": "1800",
        "price_unit": "KG"
      },
      {
        "state": "SA",
        "price": "1080",
        "price_per_unit": "1800",
        "price_unit": "KG"
      },
      {
        "state": "TAS",
        "price": "1080",
        "price_per_unit": "1800",
        "price_unit": "KG"
      },
      {
        "state": "ACT",
        "price": "1080",
        "price_per_unit": "1800",
        "price_unit": "KG"
      },
      {
        "state": "NT",
        "price": "1080",
        "price_per_unit": "1800",
        "price_unit": "KG"
      }
    ]
  },
  {
    "source_url": "https://www.woolworths.com.au/shop/productdetails/759656/perfect-italiano-grated-perfect-bakes-3-cheeses-3-cheeses",
    "name": "Perfect Italiano Grated Perfect Bakes 3 Cheeses 450g",
    "image_url": "https://cdn1.woolworths.media/content/wowproductimages/large/759656.jpg",
    "source_id": "Woolworths - 759656",
    "barcode": "9310053000362",
    "category_id": "22089",
    "shop": "Woolworths",
    "weight": "1KG",
    "prices": [
      {
        "state": "VIC",
        "price": "750",
        "price_per_unit": "1667",
        "price_unit": "KG"
      },
      {
        "state": "QLD",
        "price": "750",
        "price_per_unit": "1667",
        "price_unit": "KG"
      },
      {
        "state": "WA",
        "price": "750",
        "price_per_unit": "1667",
        "price_unit": "KG"
      },
      {
        "state": "SA",
        "price": "750",
        "price_per_unit": "1667",
        "price_unit": "KG"
      },
      {
        "state": "TAS",
        "price": "750",
        "price_per_unit": "1667",
        "price_unit": "KG"
      },
      {
        "state": "ACT",
        "price": "750",
        "price_per_unit": "1667",
        "price_unit": "KG"
      },
      {
        "state": "NT",
        "price": "750",
        "price_per_unit": "1667",
        "price_unit": "KG"
      }
    ]
  },
  {
    "source_url": "https://www.woolworths.com.au/shop/productdetails/427517/the-organic-milk-co-organic-shredded-mozzarella",
    "name": "The Organic Milk Co. Organic Shredded Mozzarella Cheese 250g",
    "image_url": "https://cdn1.woolworths.media/content/wowproductimages/large/427517.jpg",
    "source_id": "Woolworths - 427517",
    "barcode": "9351916000341",
    "category_id": "22089",
    "shop": "Woolworths",
    "weight": "1KG",
    "prices": [
      {
        "state": "VIC",
        "price": "600",
        "price_per_unit": "2400",
        "price_unit": "KG"
      },
      {
        "state": "QLD",
        "price": "600",
        "price_per_unit": "2400",
        "price_unit": "KG"
      },
      {
        "state": "WA",
        "price": "600",
        "price_per_unit": "2400",
        "price_unit": "KG"
      },
      {
        "state": "SA",
        "price": "600",
        "price_per_unit": "2400",
        "price_unit": "KG"
      },
      {
        "state": "ACT",
        "price": "600",
        "price_per_unit": "2400",
        "price_unit": "KG"
      }
    ]
  }
]