[
  {
    "source_url": "https://www.woolworths.com.au/shop/productdetails/258746/bulla-cooking-cream",
    "name": "Bulla Cooking Cream 300ml",
    "image_url": "https://cdn1.woolworths.media/content/wowproductimages/large/258746.jpg",
    "source_id": "Woolworths - 258746",
    "barcode": "9310161006249",
    "category_id": "1_6E4F4E4",
    "shop": "Woolworths",
    "weight": "100ML",
    "prices": [
      {
        "state": "NSW",
        "price": "370",
        "price_per_unit": "123",
        "price_unit": "ML"
      },
      {
        "state": "VIC",
        "price": "370",
        "price_per_unit": "123",
        "price_unit": "ML"
      },
      {
        "state": "QLD",
        "price": "370",
        "price_per_unit": "123",
        "price_unit": "ML"
      },
      {
        "state": "WA",
        "price": "370",
        "price_per_unit": "123",
        "price_unit": "ML"
      },
      {
        "state": "SA",
        "price": "370",
        "price_per_unit": "123",
        "price_unit": "ML"
      },
      {
        "state": "TAS",
        "price": "370",
        "price_per_unit": "123",
        "price_unit": "ML"
      },
      {
        "state": "ACT",
        "price": "370",
        "price_per_unit": "123",
        "price_unit": "ML"
      },
      {
        "state": "NT",
        "price": "370",
        "price_per_unit": "123",
        "price_unit": "ML"
      }
    ]
  },
  {
    "source_url": "https://www.woolworths.com.au/shop/productdetails/374553/bulla-creme-fraiche-creme-fraiche",
    "name": "Bulla Creme Fraiche 200ml",
    "image_url": "https://cdn1.woolworths.media/content/wowproductimages/large/374553.jpg",
    "source_id": "Woolworths - 374553",
    "barcode": "9310161008007",
    "category_id": "1_6E4F4E4",
    "shop": "Woolworths",
    "weight": "100ML",
    "prices": [
      {
        "state": "NSW",
        "price": "500",
        "price_per_unit": "250",
        "price_unit": "ML"
      },
      {
        "state": "VIC",
        "price": "500",
        "price_per_unit": "250",
        "price_unit": "ML"
      },
      {
        "state": "QLD",
        "price": "500",
        "price_per_unit": "250",
        "price_unit": "ML"
      },
      {
        "state": "SA",
        "price": "500",
        "price_per_unit": "250",
        "price_unit": "ML"
      },
      {
        "state": "TAS",
        "price": "500",
        "price_per_unit": "250",
        "price_unit": "ML"
      },
      {
        "state": "ACT",
        "price": "500",
        "price_per_unit": "250",
        "price_unit": "ML"
      },
      {
        "state": "NT",
        "price": "500",
        "price_per_unit": "250",
        "price_unit": "ML"
      }
    ]
  },
  {
    "source_url": "https://www.woolworths.com.au/shop/productdetails/312417/bulla-dollop-thick-cream-cup",
    "name": "Bulla Dollop Thick Cream Cup 200ml",
    "image_url": "https://cdn1.woolworths.media/content/wowproductimages/large/312417.jpg",
    "source_id": "Woolworths - 312417",
    "barcode": "9310161007086",
    "category_id": "1_6E4F4E4",
    "shop": "Woolworths",
    "weight": "100ML",
    "prices": [
      {
        "state": "NSW",
        "price": "380",
        "price_per_unit": "190",
        "price_unit": "ML"
      },
      {
        "state": "VIC",
        "price": "380",
        "price_per_unit": "190",
        "price_unit": "ML"
      },
      {
        "state": "QLD",
        "price": "380",
        "price_per_unit": "190",
        "price_unit": "ML"
      },
      {
        "state": "WA",
        "price": "380",
        "price_per_unit": "190",
        "price_unit": "ML"
      },
      {
        "state": "SA",
        "price": "380",
        "price_per_unit": "190",
        "price_unit": "ML"
      },
      {
        "state": "TAS",
        "price": "380",
        "price_per_unit": "190",
        "price_unit": "ML"
      },
      {
        "state": "ACT",
        "price": "380",
        "price_per_unit": "190",
        "price_unit": "ML"
      },
      {
        "state": "NT",
        "price": "380",
        "price_per_unit": "190",
        "price_unit": "ML"
      }
    ]
  },
  {
    "source_url": "https://www.woolworths.com.au/shop/productdetails/547134/bulla-double-cream",
    "name": "Bulla Double Cream 200ml",
    "image_url": "https://cdn1.woolworths.media/content/wowproductimages/large/547134.jpg",
    "source_id": "Woolworths - 547134",
    "barcode": "9310161011847",
    "category_id": "1_6E4F4E4",
    "shop": "Woolworths",
    "weight": "100ML",
    "prices": [
      {
        "state": "NSW",
        "price": "430",
        "price_per_unit": "215",
        "price_unit": "ML"
      },
      {
        "state": "VIC",
        "price": "430",
        "price_per_unit": "215",
        "price_unit": "ML"
      },
      {
        "state": "QLD",
        "price": "430",
        "price_per_unit": "215",
        "price_unit": "ML"
      },
      {
        "state": "WA",
        "price": "430",
        "price_per_unit": "215",
        "price_unit": "ML"
      },
      {
        "state": "TAS",
        "price": "430",
        "price_per_unit": "215",
        "price_unit": "ML"
      },
      {
        "state": "ACT",
        "price": "430",
        "price_per_unit": "215",
        "price_unit": "ML"
      }
    ]
  },
  {
    "source_url": "https://www.woolworths.com.au/shop/productdetails/42449/bulla-light-sour-cream",
    "name": "Bulla Light Sour Cream 200ml",
    "image_url": "https://cdn1.woolworths.media/content/wowproductimages/large/042449.jpg",
    "source_id": "Woolworths - 42449",
    "barcode": "9310161001046",
    "category_id": "1_6E4F4E4",
    "shop": "Woolworths",
    "weight": "100ML",
    "prices": [
      {
        "state": "NSW",
        "price": "370",
        "price_per_unit": "185",
        "price_unit": "ML"
      },
      {
        "state": "VIC",
        "price": "370",
        "price_per_unit": "185",
        "price_unit": "ML"
      },
      {
        "state": "QLD",
        "price": "370",
        "price_per_unit": "185",
        "price_unit": "ML"
      },
      {
        "state": "WA",
        "price": "370",
        "price_per_unit": "185",
        "price_unit": "ML"
      },
      {
        "state": "SA",
        "price": "370",
        "price_per_unit": "185",
        "price_unit": "ML"
      },
      {
        "state": "TAS",
        "price": "370",
        "price_per_unit": "185",
        "price_unit": "ML"
      },
      {
        "state": "ACT",
        "price": "370",
        "price_per_unit": "185",
        "price_unit": "ML"
      },
      {
        "state": "NT",
        "price": "370",
        "price_per_unit": "185",
        "price_unit": "ML"
      }
    ]
  },
  {
    "source_url": "https://www.woolworths.com.au/shop/productdetails/37325/bulla-light-thickened-cream",
    "name": "Bulla Light Thickened Cream 300ml",
    "image_url": "https://cdn1.woolworths.media/content/wowproductimages/large/037325.jpg",
    "source_id": "Woolworths - 37325",
    "barcode": "9310161001077",
    "category_id": "1_6E4F4E4",
    "shop": "Woolworths",
    "weight": "100ML",
    "prices": [
      {
        "state": "NSW",
        "price": "350",
        "price_per_unit": "117",
        "price_unit": "ML"
      },
      {
        "state": "VIC",
        "price": "350",
        "price_per_unit": "117",
        "price_unit": "ML"
      },
      {
        "state": "QLD",
        "price": "350",
        "price_per_unit": "117",
        "price_unit": "ML"
      },
      {
        "state": "WA",
        "price": "350",
        "price_per_unit": "117",
        "price_unit": "ML"
      },
      {
        "state": "ACT",
        "price": "350",
        "price_per_unit": "117",
        "price_unit": "ML"
      }
    ]
  },
  {
    "source_url": "https://www.woolworths.com.au/shop/productdetails/95502/bulla-premium-sour-cream",
    "name": "Bulla Premium Sour Cream 200ml",
    "image_url": "https://cdn1.woolworths.media/content/wowproductimages/large/095502.jpg",
    "source_id": "Woolworths - 95502",
    "barcode": "9310161001220",
    "category_id": "1_6E4F4E4",
    "shop": "Woolworths",
    "weight": "100ML",
    "prices": [
      {
        "state": "NSW",
        "price": "370",
        "price_per_unit": "185",
        "price_unit": "ML"
      },
      {
        "state": "VIC",
        "price": "370",
        "price_per_unit": "185",
        "price_unit": "ML"
      },
      {
        "state": "QLD",
        "price": "370",
        "price_per_unit": "185",
        "price_unit": "ML"
      },
      {
        "state": "WA",
        "price": "370",
        "price_per_unit": "185",
        "price_unit": "ML"
      },
      {
        "state": "SA",
        "price": "370",
        "price_per_unit": "185",
        "price_unit": "ML"
      },
      {
        "state": "TAS",
        "price": "370",
        "price_per_unit": "185",
        "price_unit": "ML"
      },
      {
        "state": "ACT",
        "price": "370",
        "price_per_unit": "185",
        "price_unit": "ML"
      },
      {
        "state": "NT",
        "price": "370",
        "price_per_unit": "185",
        "price_unit": "ML"
      }
    ]
  },
  {
    "source_url": "https://www.woolworths.com.au/shop/productdetails/547135/bulla-sour-cream",
    "name": "Bulla Sour Cream 400ml",
    "image_url": "https://cdn1.woolworths.media/content/wowproductimages/large/547135.jpg",
    "source_id": "Woolworths - 547135",
    "barcode": "9310161012080",
    "category_id": "1_6E4F4E4",
    "shop": "Woolworths",
    "weight": "100ML",
    "prices": [
      {
        "state": "NSW",
        "price": "550",
        "price_per_unit": "138",
        "price_unit": "ML"
      },
      {
        "state": "VIC",
        "price": "550",
        "price_per_unit": "138",
        "price_unit": "ML"
      },
      {
        "state": "QLD",
        "price": "550",
        "price_per_unit": "138",
        "price_unit": "ML"
      },
      {
        "state": "SA",
        "price": "550",
        "price_per_unit": "138",
        "price_unit": "ML"
      },
      {
        "state": "ACT",
        "price": "550",
        "price_per_unit": "138",
        "price_unit": "ML"
      },
      {
        "state": "NT",
        "price": "550",
        "price_per_unit": "138",
        "price_unit": "ML"
      }
    ]
  },
  {
    "source_url": "https://www.woolworths.com.au/shop/productdetails/547136/bulla-sour-cream-light",
    "name": "Bulla Sour Cream Light 400ml",
    "image_url": "https://cdn1.woolworths.media/content/wowproductimages/large/547136.jpg",
    "source_id": "Woolworths - 547136",
    "barcode": "9310161012097",
    "category_id": "1_6E4F4E4",
    "shop": "Woolworths",
    "weight": "100ML",
    "prices": [
      {
        "state": "NSW",
        "price": "550",
        "price_per_unit": "138",
        "price_unit": "ML"
      },
      {
        "state": "VIC",
        "price": "550",
        "price_per_unit": "138",
        "price_unit": "ML"
      },
      {
        "state": "QLD",
        "price": "550",
        "price_per_unit": "138",
        "price_unit": "ML"
      },
      {
        "state": "SA",
        "price": "550",
        "price_per_unit": "138",
        "price_unit": "ML"
      },
      {
        "state": "ACT",
        "price": "550",
        "price_per_unit": "138",
        "price_unit": "ML"
      },
      {
        "state": "NT",
        "price": "550",
        "price_per_unit": "138",
        "price_unit": "ML"
      }
    ]
  },
  {
    "source_url": "https://www.woolworths.com.au/shop/productdetails/681525/bulla-sour-cream-light-lactose-free",
    "name": "Bulla Sour Cream Light Lactose Free 200g",
    "image_url": "https://cdn1.woolworths.media/content/wowproductimages/large/681525.jpg",
    "source_id": "Woolworths - 681525",
    "barcode": "9310161013742",
    "category_id": "1_6E4F4E4",
    "shop": "Woolworths",
    "weight": "100G",
    "prices": [
      {
        "state": "NSW",
        "price": "410",
        "price_per_unit": "205",
        "price_unit": "G"
      },
      {
        "state": "VIC",
        "price": "410",
        "price_per_unit": "205",
        "price_unit": "G"
      },
      {
        "state": "QLD",
        "price": "410",
        "price_per_unit": "205",
        "price_unit": "G"
      },
      {
        "state": "WA",
        "price": "410",
        "price_per_unit": "205",
        "price_unit": "G"
      },
      {
        "state": "SA",
        "price": "410",
        "price_per_unit": "205",
        "price_unit": "G"
      },
      {
        "state": "TAS",
        "price": "410",
        "price_per_unit": "205",
        "price_unit": "G"
      },
      {
        "state": "ACT",
        "price": "410",
        "price_per_unit": "205",
        "price_unit": "G"
      },
      {
        "state": "NT",
        "price": "410",
        "price_per_unit": "205",
        "price_unit": "G"
      }
    ]
  },
  {
    "source_url": "https://www.woolworths.com.au/shop/productdetails/42812/bulla-thickened-cream",
    "name": "Bulla Thickened Cream 300ml",
    "image_url": "https://cdn1.woolworths.media/content/wowproductimages/large/042812.jpg",
    "source_id": "Woolworths - 42812",
    "barcode": "9310161001015",
    "category_id": "1_6E4F4E4",
    "shop": "Woolworths",
    "weight": "100ML",
    "prices": [
      {
        "state": "NSW",
        "price": "350",
        "price_per_unit": "117",
        "price_unit": "ML"
      },
      {
        "state": "VIC",
        "price": "350",
        "price_per_unit": "117",
        "price_unit": "ML"
      },
      {
        "state": "QLD",
        "price": "350",
        "price_per_unit": "117",
        "price_unit": "ML"
      },
      {
        "state": "WA",
        "price": "350",
        "price_per_unit": "117",
        "price_unit": "ML"
      },
      {
        "state": "SA",
        "price": "350",
        "price_per_unit": "117",
        "price_unit": "ML"
      },
      {
        "state": "TAS",
        "price": "350",
        "price_per_unit": "117",
        "price_unit": "ML"
      },
      {
        "state": "ACT",
        "price": "350",
        "price_per_unit": "117",
        "price_unit": "ML"
      },
      {
        "state": "NT",
        "price": "350",
        "price_per_unit": "117",
        "price_unit": "ML"
      }
    ]
  },
  {
    "source_url": "https://www.woolworths.com.au/shop/productdetails/47022/bulla-thickened-cream",
    "name": "Bulla Thickened Cream 600ml",
    "image_url": "https://cdn1.woolworths.media/content/wowproductimages/large/047022.jpg",
    "source_id": "Woolworths - 47022",
    "barcode": "9310161001022",
    "category_id": "1_6E4F4E4",
    "shop": "Woolworths",
    "weight": "100ML",
    "prices": [
      {
        "state": "NSW",
        "price": "600",
        "price_per_unit": "100",
        "price_unit": "ML"
      },
      {
        "state": "VIC",
        "price": "300",
        "price_per_unit": "50",
        "price_unit": "ML"
      },
      {
        "state": "QLD",
        "price": "500",
        "price_per_unit": "83",
        "price_unit": "ML"
      },
      {
        "state": "SA",
        "price": "600",
        "price_per_unit": "100",
        "price_unit": "ML"
      },
      {
        "state": "TAS",
        "price": "600",
        "price_per_unit": "100",
        "price_unit": "ML"
      },
      {
        "state": "ACT",
        "price": "600",
        "price_per_unit": "100",
        "price_unit": "ML"
      },
      {
        "state": "NT",
        "price": "600",
        "price_per_unit": "100",
        "price_unit": "ML"
      }
    ]
  },
  {
    "source_url": "https://www.woolworths.com.au/shop/productdetails/310008/dairy-farmers-pure-cream",
    "name": "Dairy Farmers Pure Cream 500ml",
    "image_url": "https://cdn1.woolworths.media/content/wowproductimages/large/310008.jpg",
    "source_id": "Woolworths - 310008",
    "barcode": "9300658410840",
    "category_id": "1_6E4F4E4",
    "shop": "Woolworths",
    "weight": "100ML",
    "prices": [
      {
        "state": "NSW",
        "price": "550",
        "price_per_unit": "110",
        "price_unit": "ML"
      },
      {
        "state": "VIC",
        "price": "550",
        "price_per_unit": "110",
        "price_unit": "ML"
      },
      {
        "state": "ACT",
        "price": "550",
        "price_per_unit": "110",
        "price_unit": "ML"
      }
    ]
  },
  {
    "source_url": "https://www.woolworths.com.au/shop/productdetails/724682/dairy-farmers-sour-cream",
    "name": "Dairy Farmers Sour Cream 250g",
    "image_url": "https://cdn1.woolworths.media/content/wowproductimages/large/724682.jpg",
    "source_id": "Woolworths - 724682",
    "barcode": "9300658405853",
    "category_id": "1_6E4F4E4",
    "shop": "Woolworths",
    "weight": "100G",
    "prices": [
      {
        "state": "NSW",
        "price": "370",
        "price_per_unit": "148",
        "price_unit": "G"
      },
      {
        "state": "VIC",
        "price": "370",
        "price_per_unit": "148",
        "price_unit": "G"
      },
      {
        "state": "QLD",
        "price": "370",
        "price_per_unit": "148",
        "price_unit": "G"
      },
      {
        "state": "SA",
        "price": "370",
        "price_per_unit": "148",
        "price_unit": "G"
      },
      {
        "state": "TAS",
        "price": "370",
        "price_per_unit": "148",
        "price_unit": "G"
      },
      {
        "state": "ACT",
        "price": "370",
        "price_per_unit": "148",
        "price_unit": "G"
      },
      {
        "state": "NT",
        "price": "370",
        "price_per_unit": "148",
        "price_unit": "G"
      }
    ]
  },
  {
    "source_url": "https://www.woolworths.com.au/shop/productdetails/902966/dairy-farmers-sour-cream-squeeze-pouch",
    "name": "Dairy Farmers Sour Cream Squeeze Pouch 130g",
    "image_url": "https://cdn1.woolworths.media/content/wowproductimages/large/902966.jpg",
    "source_id": "Woolworths - 902966",
    "barcode": "9300658411205",
    "category_id": "1_6E4F4E4",
    "shop": "Woolworths",
    "weight": "100G",
    "prices": [
      {
        "state": "NSW",
        "price": "220",
        "price_per_unit": "169",
        "price_unit": "G"
      },
      {
        "state": "VIC",
        "price": "220",
        "price_per_unit": "169",
        "price_unit": "G"
      },
      {
        "state": "QLD",
        "price": "220",
        "price_per_unit": "169",
        "price_unit": "G"
      },
      {
        "state": "WA",
        "price": "220",
        "price_per_unit": "169",
        "price_unit": "G"
      },
      {
        "state": "SA",
        "price": "220",
        "price_per_unit": "169",
        "price_unit": "G"
      },
      {
        "state": "TAS",
        "price": "220",
        "price_per_unit": "169",
        "price_unit": "G"
      },
      {
        "state": "ACT",
        "price": "220",
        "price_per_unit": "169",
        "price_unit": "G"
      },
      {
        "state": "NT",
        "price": "220",
        "price_per_unit": "169",
        "price_unit": "G"
      }
    ]
  },
  {
    "source_url": "https://www.woolworths.com.au/shop/productdetails/94712/dairy-farmers-thickened-cream",
    "name": "Dairy Farmers Thickened Cream 300ml",
    "image_url": "https://cdn1.woolworths.media/content/wowproductimages/large/094712.jpg",
    "source_id": "Woolworths - 94712",
    "barcode": "93203616",
    "category_id": "1_6E4F4E4",
    "shop": "Woolworths",
    "weight": "100ML",
    "prices": [
      {
        "state": "NSW",
        "price": "340",
        "price_per_unit": "113",
        "price_unit": "ML"
      },
      {
        "state": "ACT",
        "price": "340",
        "price_per_unit": "113",
        "price_unit": "ML"
      }
    ]
  },
  {
    "source_url": "https://www.woolworths.com.au/shop/productdetails/309487/flora-thickened-plant-cream",
    "name": "Flora Thickened Plant Cream 500ml",
    "image_url": "https://cdn1.woolworths.media/content/wowproductimages/large/309487.jpg",
    "source_id": "Woolworths - 309487",
    "barcode": "9354237000717",
    "category_id": "1_6E4F4E4",
    "shop": "Woolworths",
    "weight": "100ML",
    "prices": [
      {
        "state": "NSW",
        "price": "650",
        "price_per_unit": "130",
        "price_unit": "ML"
      },
      {
        "state": "VIC",
        "price": "650",
        "price_per_unit": "130",
        "price_unit": "ML"
      },
      {
        "state": "QLD",
        "price": "650",
        "price_per_unit": "130",
        "price_unit": "ML"
      },
      {
        "state": "SA",
        "price": "650",
        "price_per_unit": "130",
        "price_unit": "ML"
      },
      {
        "state": "ACT",
        "price": "650",
        "price_per_unit": "130",
        "price_unit": "ML"
      },
      {
        "state": "NT",
        "price": "650",
        "price_per_unit": "130",
        "price_unit": "ML"
      }
    ]
  },
  {
    "source_url": "https://www.woolworths.com.au/shop/productdetails/953136/pauls-whipping-cream",
    "name": "Pauls Whipping Cream 250mL",
    "image_url": "https://cdn1.woolworths.media/content/wowproductimages/large/953136.jpg",
    "source_id": "Woolworths - 953136",
    "barcode": "9310036075738",
    "category_id": "1_6E4F4E4",
    "shop": "Woolworths",
    "weight": "100ML",
    "prices": [
      {
        "state": "NSW",
        "price": "295",
        "price_per_unit": "118",
        "price_unit": "ML"
      },
      {
        "state": "QLD",
        "price": "295",
        "price_per_unit": "118",
        "price_unit": "ML"
      },
      {
        "state": "WA",
        "price": "295",
        "price_per_unit": "118",
        "price_unit": "ML"
      },
      {
        "state": "SA",
        "price": "295",
        "price_per_unit": "118",
        "price_unit": "ML"
      },
      {
        "state": "TAS",
        "price": "295",
        "price_per_unit": "118",
        "price_unit": "ML"
      },
      {
        "state": "ACT",
        "price": "295",
        "price_per_unit": "118",
        "price_unit": "ML"
      }
    ]
  },
  {
    "source_url": "https://www.woolworths.com.au/shop/productdetails/705287/pauls-zymil-light-thickened-cream-lactose-free",
    "name": "Pauls Zymil Light Thickened Cream Lactose Free 300ml",
    "image_url": "https://cdn1.woolworths.media/content/wowproductimages/large/705287.jpg",
    "source_id": "Woolworths - 705287",
    "barcode": "9310036041948",
    "category_id": "1_6E4F4E4",
    "shop": "Woolworths",
    "weight": "100ML",
    "prices": [
      {
        "state": "NSW",
        "price": "410",
        "price_per_unit": "137",
        "price_unit": "ML"
      },
      {
        "state": "VIC",
        "price": "410",
        "price_per_unit": "137",
        "price_unit": "ML"
      },
      {
        "state": "QLD",
        "price": "410",
        "price_per_unit": "137",
        "price_unit": "ML"
      },
      {
        "state": "ACT",
        "price": "410",
        "price_per_unit": "137",
        "price_unit": "ML"
      }
    ]
  },
  {
    "source_url": "https://www.woolworths.com.au/shop/productdetails/477605/pauls-zymil-thickened-cream-lactose-free",
    "name": "Pauls Zymil Thickened Cream Lactose Free 300ml",
    "image_url": "https://cdn1.woolworths.media/content/wowproductimages/large/477605.jpg",
    "source_id": "Woolworths - 477605",
    "barcode": "9310036043553",
    "category_id": "1_6E4F4E4",
    "shop": "Woolworths",
    "weight": "100ML",
    "prices": [
      {
        "state": "NSW",
        "price": "410",
        "price_per_unit": "137",
        "price_unit": "ML"
      },
      {
        "state": "VIC",
        "price": "410",
        "price_per_unit": "137",
        "price_unit": "ML"
      },
      {
        "state": "QLD",
        "price": "410",
        "price_per_unit": "137",
        "price_unit": "ML"
      },
      {
        "state": "WA",
        "price": "410",
        "price_per_unit": "137",
        "price_unit": "ML"
      },
      {
        "state": "SA",
        "price": "410",
        "price_per_unit": "137",
        "price_unit": "ML"
      },
      {
        "state": "ACT",
        "price": "410",
        "price_per_unit": "137",
        "price_unit": "ML"
      }
    ]
  },
  {
    "source_url": "https://www.woolworths.com.au/shop/productdetails/49949/pura-double-thick-cream-dollop",
    "name": "Pura Double Thick Cream Dollop 300mL",
    "image_url": "https://cdn1.woolworths.media/content/wowproductimages/large/049949.jpg",
    "source_id": "Woolworths - 49949",
    "barcode": "9310073630525",
    "category_id": "1_6E4F4E4",
    "shop": "Woolworths",
    "weight": "100ML",
    "prices": [
      {
        "state": "NSW",
        "price": "670",
        "price_per_unit": "223",
        "price_unit": "ML"
      },
      {
        "state": "VIC",
        "price": "670",
        "price_per_unit": "223",
        "price_unit": "ML"
      },
      {
        "state": "QLD",
        "price": "670",
        "price_per_unit": "223",
        "price_unit": "ML"
      },
      {
        "state": "WA",
        "price": "670",
        "price_per_unit": "223",
        "price_unit": "ML"
      },
      {
        "state": "SA",
        "price": "670",
        "price_per_unit": "223",
        "price_unit": "ML"
      },
      {
        "state": "TAS",
        "price": "670",
        "price_per_unit": "223",
        "price_unit": "ML"
      },
      {
        "state": "ACT",
        "price": "670",
        "price_per_unit": "223",
        "price_unit": "ML"
      },
      {
        "state": "NT",
        "price": "670",
        "price_per_unit": "223",
        "price_unit": "ML"
      }
    ]
  },
  {
    "source_url": "https://www.woolworths.com.au/shop/productdetails/48124/pura-thick-cream-dollop",
    "name": "Pura Thick Cream Dollop 300ml",
    "image_url": "https://cdn1.woolworths.media/content/wowproductimages/large/048124.jpg",
    "source_id": "Woolworths - 48124",
    "barcode": "9300664642303",
    "category_id": "1_6E4F4E4",
    "shop": "Woolworths",
    "weight": "100ML",
    "prices": [
      {
        "state": "NSW",
        "price": "470",
        "price_per_unit": "157",
        "price_unit": "ML"
      },
      {
        "state": "VIC",
        "price": "470",
        "price_per_unit": "157",
        "price_unit": "ML"
      },
      {
        "state": "QLD",
        "price": "470",
        "price_per_unit": "157",
        "price_unit": "ML"
      },
      {
        "state": "WA",
        "price": "470",
        "price_per_unit": "157",
        "price_unit": "ML"
      },
      {
        "state": "SA",
        "price": "470",
        "price_per_unit": "157",
        "price_unit": "ML"
      },
      {
        "state": "TAS",
        "price": "470",
        "price_per_unit": "157",
        "price_unit": "ML"
      },
      {
        "state": "ACT",
        "price": "470",
        "price_per_unit": "157",
        "price_unit": "ML"
      },
      {
        "state": "NT",
        "price": "470",
        "price_per_unit": "157",
        "price_unit": "ML"
      }
    ]
  },
  {
    "source_url": "https://www.woolworths.com.au/shop/productdetails/149214/woolworths-dollop-cream",
    "name": "Woolworths Dollop Cream 300ml",
    "image_url": "https://cdn1.woolworths.media/content/wowproductimages/large/149214.jpg",
    "source_id": "Woolworths - 149214",
    "barcode": "9339687245789",
    "category_id": "1_6E4F4E4",
    "shop": "Woolworths",
    "weight": "100ML",
    "prices": [
      {
        "state": "NSW",
        "price": "440",
        "price_per_unit": "147",
        "price_unit": "ML"
      },
      {
        "state": "VIC",
        "price": "440",
        "price_per_unit": "147",
        "price_unit": "ML"
      },
      {
        "state": "QLD",
        "price": "440",
        "price_per_unit": "147",
        "price_unit": "ML"
      },
      {
        "state": "WA",
        "price": "440",
        "price_per_unit": "147",
        "price_unit": "ML"
      },
      {
        "state": "SA",
        "price": "440",
        "price_per_unit": "147",
        "price_unit": "ML"
      },
      {
        "state": "TAS",
        "price": "440",
        "price_per_unit": "147",
        "price_unit": "ML"
      },
      {
        "state": "ACT",
        "price": "440",
        "price_per_unit": "147",
        "price_unit": "ML"
      },
      {
        "state": "NT",
        "price": "440",
        "price_per_unit": "147",
        "price_unit": "ML"
      }
    ]
  },
  {
    "source_url": "https://www.woolworths.com.au/shop/productdetails/205663/woolworths-light-sour-cream",
    "name": "Woolworths Light Sour Cream 300ml",
    "image_url": "https://cdn1.woolworths.media/content/wowproductimages/large/205663.jpg",
    "source_id": "Woolworths - 205663",
    "barcode": "9339687256600",
    "category_id": "1_6E4F4E4",
    "shop": "Woolworths",
    "weight": "100ML",
    "prices": [
      {
        "state": "NSW",
        "price": "340",
        "price_per_unit": "113",
        "price_unit": "ML"
      },
      {
        "state": "VIC",
        "price": "340",
        "price_per_unit": "113",
        "price_unit": "ML"
      },
      {
        "state": "QLD",
        "price": "340",
        "price_per_unit": "113",
        "price_unit": "ML"
      },
      {
        "state": "WA",
        "price": "340",
        "price_per_unit": "113",
        "price_unit": "ML"
      },
      {
        "state": "SA",
        "price": "340",
        "price_per_unit": "113",
        "price_unit": "ML"
      },
      {
        "state": "TAS",
        "price": "340",
        "price_per_unit": "113",
        "price_unit": "ML"
      },
      {
        "state": "ACT",
        "price": "340",
        "price_per_unit": "113",
        "price_unit": "ML"
      },
      {
        "state": "NT",
        "price": "340",
        "price_per_unit": "113",
        "price_unit": "ML"
      }
    ]
  },
  {
    "source_url": "https://www.woolworths.com.au/shop/productdetails/838737/woolworths-light-thickened-cream",
    "name": "Woolworths Light Thickened Cream 300ml",
    "image_url": "https://cdn1.woolworths.media/content/wowproductimages/large/838737.jpg",
    "source_id": "Woolworths - 838737",
    "barcode": "9300633700430",
    "category_id": "1_6E4F4E4",
    "shop": "Woolworths",
    "weight": "100ML",
    "prices": [
      {
        "state": "NSW",
        "price": "280",
        "price_per_unit": "93",
        "price_unit": "ML"
      },
      {
        "state": "VIC",
        "price": "280",
        "price_per_unit": "93",
        "price_unit": "ML"
      },
      {
        "state": "QLD",
        "price": "280",
        "price_per_unit": "93",
        "price_unit": "ML"
      },
      {
        "state": "WA",
        "price": "280",
        "price_per_unit": "93",
        "price_unit": "ML"
      },
      {
        "state": "SA",
        "price": "280",
        "price_per_unit": "93",
        "price_unit": "ML"
      },
      {
        "state": "TAS",
        "price": "280",
        "price_per_unit": "93",
        "price_unit": "ML"
      },
      {
        "state": "ACT",
        "price": "280",
        "price_per_unit": "93",
        "price_unit": "ML"
      },
      {
        "state": "NT",
        "price": "280",
        "price_per_unit": "93",
        "price_unit": "ML"
      }
    ]
  },
  {
    "source_url": "https://www.woolworths.com.au/shop/productdetails/838738/woolworths-light-thickened-cream",
    "name": "Woolworths Light Thickened Cream 600ml",
    "image_url": "https://cdn1.woolworths.media/content/wowproductimages/large/838738.jpg",
    "source_id": "Woolworths - 838738",
    "barcode": "9300633700447",
    "category_id": "1_6E4F4E4",
    "shop": "Woolworths",
    "weight": "100ML",
    "prices": [
      {
        "state": "NSW",
        "price": "450",
        "price_per_unit": "75",
        "price_unit": "ML"
      },
      {
        "state": "VIC",
        "price": "450",
        "price_per_unit": "75",
        "price_unit": "ML"
      },
      {
        "state": "QLD",
        "price": "450",
        "price_per_unit": "75",
        "price_unit": "ML"
      },
      {
        "state": "WA",
        "price": "450",
        "price_per_unit": "75",
        "price_unit": "ML"
      },
      {
        "state": "SA",
        "price": "450",
        "price_per_unit": "75",
        "price_unit": "ML"
      },
      {
        "state": "TAS",
        "price": "450",
        "price_per_unit": "75",
        "price_unit": "ML"
      },
      {
        "state": "ACT",
        "price": "450",
        "price_per_unit": "75",
        "price_unit": "ML"
      }
    ]
  },
  {
    "source_url": "https://www.woolworths.com.au/shop/productdetails/105609/woolworths-sour-cream",
    "name": "Woolworths Sour Cream 300ml",
    "image_url": "https://cdn1.woolworths.media/content/wowproductimages/large/105609.jpg",
    "source_id": "Woolworths - 105609",
    "barcode": "9339687256594",
    "category_id": "1_6E4F4E4",
    "shop": "Woolworths",
    "weight": "100ML",
    "prices": [
      {
        "state": "NSW",
        "price": "340",
        "price_per_unit": "113",
        "price_unit": "ML"
      },
      {
        "state": "VIC",
        "price": "340",
        "price_per_unit": "113",
        "price_unit": "ML"
      },
      {
        "state": "QLD",
        "price": "340",
        "price_per_unit": "113",
        "price_unit": "ML"
      },
      {
        "state": "WA",
        "price": "340",
        "price_per_unit": "113",
        "price_unit": "ML"
      },
      {
        "state": "SA",
        "price": "340",
        "price_per_unit": "113",
        "price_unit": "ML"
      },
      {
        "state": "TAS",
        "price": "340",
        "price_per_unit": "113",
        "price_unit": "ML"
      },
      {
        "state": "ACT",
        "price": "340",
        "price_per_unit": "113",
        "price_unit": "ML"
      },
      {
        "state": "NT",
        "price": "340",
        "price_per_unit": "113",
        "price_unit": "ML"
      }
    ]
  },
  {
    "source_url": "https://www.woolworths.com.au/shop/productdetails/44317/woolworths-thickened-cream",
    "name": "Woolworths Thickened Cream 300ml",
    "image_url": "https://cdn1.woolworths.media/content/wowproductimages/large/044317.jpg",
    "source_id": "Woolworths - 44317",
    "barcode": "9300633443177",
    "category_id": "1_6E4F4E4",
    "shop": "Woolworths",
    "weight": "100ML",
    "prices": [
      {
        "state": "NSW",
        "price": "280",
        "price_per_unit": "93",
        "price_unit": "ML"
      },
      {
        "state": "VIC",
        "price": "280",
        "price_per_unit": "93",
        "price_unit": "ML"
      },
      {
        "state": "QLD",
        "price": "280",
        "price_per_unit": "93",
        "price_unit": "ML"
      },
      {
        "state": "WA",
        "price": "280",
        "price_per_unit": "93",
        "price_unit": "ML"
      },
      {
        "state": "SA",
        "price": "280",
        "price_per_unit": "93",
        "price_unit": "ML"
      },
      {
        "state": "TAS",
        "price": "280",
        "price_per_unit": "93",
        "price_unit": "ML"
      },
      {
        "state": "ACT",
        "price": "280",
        "price_per_unit": "93",
        "price_unit": "ML"
      },
      {
        "state": "NT",
        "price": "280",
        "price_per_unit": "93",
        "price_unit": "ML"
      }
    ]
  },
  {
    "source_url": "https://www.woolworths.com.au/shop/productdetails/48720/woolworths-thickened-cream",
    "name": "Woolworths Thickened Cream 600ml",
    "image_url": "https://cdn1.woolworths.media/content/wowproductimages/large/048720.jpg",
    "source_id": "Woolworths - 48720",
    "barcode": "9300633487201",
    "category_id": "1_6E4F4E4",
    "shop": "Woolworths",
    "weight": "100ML",
    "prices": [
      {
        "state": "NSW",
        "price": "450",
        "price_per_unit": "75",
        "price_unit": "ML"
      },
      {
        "state": "VIC",
        "price": "450",
        "price_per_unit": "75",
        "price_unit": "ML"
      },
      {
        "state": "QLD",
        "price": "450",
        "price_per_unit": "75",
        "price_unit": "ML"
      },
      {
        "state": "WA",
        "price": "450",
        "price_per_unit": "75",
        "price_unit": "ML"
      },
      {
        "state": "SA",
        "price": "450",
        "price_per_unit": "75",
        "price_unit": "ML"
      },
      {
        "state": "TAS",
        "price": "450",
        "price_per_unit": "75",
        "price_unit": "ML"
      },
      {
        "state": "ACT",
        "price": "450",
        "price_per_unit": "75",
        "price_unit": "ML"
      },
      {
        "state": "NT",
        "price": "450",
        "price_per_unit": "75",
        "price_unit": "ML"
      }
    ]
  },
  {
    "source_url": "https://www.woolworths.com.au/shop/productdetails/295648/woolworths-whipped-cream",
    "name": "Woolworths Whipped Cream 250g",
    "image_url": "https://cdn1.woolworths.media/content/wowproductimages/large/295648.jpg",
    "source_id": "Woolworths - 295648",
    "barcode": "9300633982065",
    "category_id": "1_6E4F4E4",
    "shop": "Woolworths",
    "weight": "100G",
    "prices": [
      {
        "state": "NSW",
        "price": "560",
        "price_per_unit": "224",
        "price_unit": "G"
      },
      {
        "state": "VIC",
        "price": "560",
        "price_per_unit": "224",
        "price_unit": "G"
      },
      {
        "state": "QLD",
        "price": "560",
        "price_per_unit": "224",
        "price_unit": "G"
      },
      {
        "state": "WA",
        "price": "560",
        "price_per_unit": "224",
        "price_unit": "G"
      },
      {
        "state": "SA",
        "price": "560",
        "price_per_unit": "224",
        "price_unit": "G"
      },
      {
        "state": "TAS",
        "price": "560",
        "price_per_unit": "224",
        "price_unit": "G"
      },
      {
        "state": "ACT",
        "price": "560",
        "price_per_unit": "224",
        "price_unit": "G"
      },
      {
        "state": "NT",
        "price": "560",
        "price_per_unit": "224",
        "price_unit": "G"
      }
    ]
  },
  {
    "source_url": "https://www.woolworths.com.au/shop/productdetails/804284/devondale-long-life-uht-thickened-whipping-cream",
    "name": "Devondale Long Life UHT Thickened Whipping Cream 250mL",
    "image_url": "https://cdn1.woolworths.media/content/wowproductimages/large/804284.jpg",
    "source_id": "Woolworths - 804284",
    "barcode": "9300639609294",
    "category_id": "1_6E4F4E4",
    "shop": "Woolworths",
    "weight": "100ML",
    "prices": [
      {
        "state": "VIC",
        "price": "360",
        "price_per_unit": "144",
        "price_unit": "ML"
      },
      {
        "state": "QLD",
        "price": "360",
        "price_per_unit": "144",
        "price_unit": "ML"
      },
      {
        "state": "WA",
        "price": "360",
        "price_per_unit": "144",
        "price_unit": "ML"
      },
      {
        "state": "SA",
        "price": "360",
        "price_per_unit": "144",
        "price_unit": "ML"
      },
      {
        "state": "TAS",
        "price": "360",
        "price_per_unit": "144",
        "price_unit": "ML"
      },
      {
        "state": "ACT",
        "price": "360",
        "price_per_unit": "144",
        "price_unit": "ML"
      },
      {
        "state": "NT",
        "price": "360",
        "price_per_unit": "144",
        "price_unit": "ML"
      }
    ]
  },
  {
    "source_url": "https://www.woolworths.com.au/shop/productdetails/310998/east-coast-sustainable-dairy-organic-sour-cream",
    "name": "East Coast Sustainable Dairy Organic Sour Cream 200ml",
    "image_url": "https://cdn1.woolworths.media/content/wowproductimages/large/310998.jpg",
    "source_id": "Woolworths - 310998",
    "barcode": "9332172020496",
    "category_id": "1_6E4F4E4",
    "shop": "Woolworths",
    "weight": "100ML",
    "prices": [
      {
        "state": "VIC",
        "price": "400",
        "price_per_unit": "200",
        "price_unit": "ML"
      }
    ]
  },
  {
    "source_url": "https://www.woolworths.com.au/shop/productdetails/123914/oatly-organic-creamy-oat",
    "name": "Oatly! Organic Creamy Oat 250mL",
    "image_url": "https://cdn1.woolworths.media/content/wowproductimages/large/123914.jpg",
    "source_id": "Woolworths - 123914",
    "barcode": "7394376619090",
    "category_id": "1_6E4F4E4",
    "shop": "Woolworths",
    "weight": "100ML",
    "prices": [
      {
        "state": "VIC",
        "price": "400",
        "price_per_unit": "160",
        "price_unit": "ML"
      },
      {
        "state": "QLD",
        "price": "400",
        "price_per_unit": "160",
        "price_unit": "ML"
      },
      {
        "state": "WA",
        "price": "400",
        "price_per_unit": "160",
        "price_unit": "ML"
      },
      {
        "state": "SA",
        "price": "400",
        "price_per_unit": "160",
        "price_unit": "ML"
      },
      {
        "state": "TAS",
        "price": "400",
        "price_per_unit": "160",
        "price_unit": "ML"
      },
      {
        "state": "NT",
        "price": "400",
        "price_per_unit": "160",
        "price_unit": "ML"
      }
    ]
  },
  {
    "source_url": "https://www.woolworths.com.au/shop/productdetails/72632/pauls-pure-cream",
    "name": "Pauls Pure Cream 600ml",
    "image_url": "https://cdn1.woolworths.media/content/wowproductimages/large/072632.jpg",
    "source_id": "Woolworths - 72632",
    "barcode": "9310036114703",
    "category_id": "1_6E4F4E4",
    "shop": "Woolworths",
    "weight": "100ML",
    "prices": [
      {
        "state": "VIC",
        "price": "595",
        "price_per_unit": "99",
        "price_unit": "ML"
      },
      {
        "state": "QLD",
        "price": "595",
        "price_per_unit": "99",
        "price_unit": "ML"
      },
      {
        "state": "SA",
        "price": "595",
        "price_per_unit": "99",
        "price_unit": "ML"
      }
    ]
  },
  {
    "source_url": "https://www.woolworths.com.au/shop/productdetails/767888/la-casa-del-formaggio-double-cream",
    "name": "La Casa Del Formaggio Double Cream 250g",
    "image_url": "https://cdn1.woolworths.media/content/wowproductimages/large/767888.jpg",
    "source_id": "Woolworths - 767888",
    "barcode": "9324924000566",
    "category_id": "1_6E4F4E4",
    "shop": "Woolworths",
    "weight": "100G",
    "prices": [
      {
        "state": "QLD",
        "price": "450",
        "price_per_unit": "180",
        "price_unit": "G"
      },
      {
        "state": "WA",
        "price": "450",
        "price_per_unit": "180",
        "price_unit": "G"
      },
      {
        "state": "SA",
        "price": "450",
        "price_per_unit": "180",
        "price_unit": "G"
      },
      {
        "state": "NT",
        "price": "450",
        "price_per_unit": "180",
        "price_unit": "G"
      }
    ]
  },
  {
    "source_url": "https://www.woolworths.com.au/shop/productdetails/315424/maleny-dairies-pure-cream",
    "name": "Maleny Dairies Pure Cream 300ml",
    "image_url": "https://cdn1.woolworths.media/content/wowproductimages/large/315424.jpg",
    "source_id": "Woolworths - 315424",
    "barcode": "9332930000593",
    "category_id": "1_6E4F4E4",
    "shop": "Woolworths",
    "weight": "100ML",
    "prices": [
      {
        "state": "QLD",
        "price": "375",
        "price_per_unit": "125",
        "price_unit": "ML"
      }
    ]
  },
  {
    "source_url": "https://www.woolworths.com.au/shop/productdetails/315122/maleny-dairies-sour-cream",
    "name": "Maleny Dairies Sour Cream 300ml",
    "image_url": "https://cdn1.woolworths.media/content/wowproductimages/large/315122.jpg",
    "source_id": "Woolworths - 315122",
    "barcode": "9332930000579",
    "category_id": "1_6E4F4E4",
    "shop": "Woolworths",
    "weight": "100ML",
    "prices": [
      {
        "state": "QLD",
        "price": "440",
        "price_per_unit": "147",
        "price_unit": "ML"
      }
    ]
  },
  {
    "source_url": "https://www.woolworths.com.au/shop/productdetails/212604/norco-sour-cream",
    "name": "Norco Sour Cream 250g",
    "image_url": "https://cdn1.woolworths.media/content/wowproductimages/large/212604.jpg",
    "source_id": "Woolworths - 212604",
    "barcode": "9310272007128",
    "category_id": "1_6E4F4E4",
    "shop": "Woolworths",
    "weight": "100G",
    "prices": [
      {
        "state": "QLD",
        "price": "320",
        "price_per_unit": "128",
        "price_unit": "G"
      }
    ]
  },
  {
    "source_url": "https://www.woolworths.com.au/shop/productdetails/218796/norco-thickened-cream",
    "name": "Norco Thickened Cream 300ml",
    "image_url": "https://cdn1.woolworths.media/content/wowproductimages/large/218796.jpg",
    "source_id": "Woolworths - 218796",
    "barcode": "9310272385943",
    "category_id": "1_6E4F4E4",
    "shop": "Woolworths",
    "weight": "100ML",
    "prices": [
      {
        "state": "QLD",
        "price": "320",
        "price_per_unit": "107",
        "price_unit": "ML"
      }
    ]
  },
  {
    "source_url": "https://www.woolworths.com.au/shop/productdetails/210810/norco-thickened-cream",
    "name": "Norco Thickened Cream 600ml",
    "image_url": "https://cdn1.woolworths.media/content/wowproductimages/large/210810.jpg",
    "source_id": "Woolworths - 210810",
    "barcode": "9310272382607",
    "category_id": "1_6E4F4E4",
    "shop": "Woolworths",
    "weight": "100ML",
    "prices": [
      {
        "state": "QLD",
        "price": "530",
        "price_per_unit": "88",
        "price_unit": "ML"
      }
    ]
  },
  {
    "source_url": "https://www.woolworths.com.au/shop/productdetails/44746/pauls-pure-cream",
    "name": "Pauls Pure Cream 300ml",
    "image_url": "https://cdn1.woolworths.media/content/wowproductimages/large/044746.jpg",
    "source_id": "Woolworths - 44746",
    "barcode": "9310036114680",
    "category_id": "1_6E4F4E4",
    "shop": "Woolworths",
    "weight": "100ML",
    "prices": [
      {
        "state": "QLD",
        "price": "390",
        "price_per_unit": "130",
        "price_unit": "ML"
      }
    ]
  },
  {
    "source_url": "https://www.woolworths.com.au/shop/productdetails/90612/pauls-thickened-cream",
    "name": "Pauls Thickened Cream 300ml",
    "image_url": "https://cdn1.woolworths.media/content/wowproductimages/large/090612.jpg",
    "source_id": "Woolworths - 90612",
    "barcode": "9310036007296",
    "category_id": "1_6E4F4E4",
    "shop": "Woolworths",
    "weight": "100ML",
    "prices": [
      {
        "state": "QLD",
        "price": "375",
        "price_per_unit": "125",
        "price_unit": "ML"
      }
    ]
  },
  {
    "source_url": "https://www.woolworths.com.au/shop/productdetails/310054/brownes-dairy-creme-fraiche",
    "name": "Brownes Dairy Creme Fraiche 200g",
    "image_url": "https://cdn1.woolworths.media/content/wowproductimages/large/310054.jpg",
    "source_id": "Woolworths - 310054",
    "barcode": "9300662889311",
    "category_id": "1_6E4F4E4",
    "shop": "Woolworths",
    "weight": "100G",
    "prices": [
      {
        "state": "WA",
        "price": "390",
        "price_per_unit": "195",
        "price_unit": "G"
      }
    ]
  },
  {
    "source_url": "https://www.woolworths.com.au/shop/productdetails/309587/brownes-dairy-light-sour-cream",
    "name": "Brownes Dairy Light Sour Cream 400g",
    "image_url": "https://cdn1.woolworths.media/content/wowproductimages/large/309587.jpg",
    "source_id": "Woolworths - 309587",
    "barcode": "9300662890898",
    "category_id": "1_6E4F4E4",
    "shop": "Woolworths",
    "weight": "100G",
    "prices": [
      {
        "state": "WA",
        "price": "445",
        "price_per_unit": "111",
        "price_unit": "G"
      }
    ]
  },
  {
    "source_url": "https://www.woolworths.com.au/shop/productdetails/309799/brownes-dairy-sour-cream-extra-thick",
    "name": "Brownes Dairy Sour Cream Extra Thick 400g",
    "image_url": "https://cdn1.woolworths.media/content/wowproductimages/large/309799.jpg",
    "source_id": "Woolworths - 309799",
    "barcode": "9300662890263",
    "category_id": "1_6E4F4E4",
    "shop": "Woolworths",
    "weight": "100G",
    "prices": [
      {
        "state": "WA",
        "price": "445",
        "price_per_unit": "111",
        "price_unit": "G"
      }
    ]
  },
  {
    "source_url": "https://www.woolworths.com.au/shop/productdetails/47786/brownes-dairy-dollop-cream-thickened",
    "name": "Brownes Dollop Cream Thickened 300ml",
    "image_url": "https://cdn1.woolworths.media/content/wowproductimages/large/047786.jpg",
    "source_id": "Woolworths - 47786",
    "barcode": "9300662231844",
    "category_id": "1_6E4F4E4",
    "shop": "Woolworths",
    "weight": "100ML",
    "prices": [
      {
        "state": "WA",
        "price": "380",
        "price_per_unit": "127",
        "price_unit": "ML"
      }
    ]
  },
  {
    "source_url": "https://www.woolworths.com.au/shop/productdetails/47787/brownes-dairy-light-sour-cream",
    "name": "Brownes Light Sour Cream 200ml",
    "image_url": "https://cdn1.woolworths.media/content/wowproductimages/large/047787.jpg",
    "source_id": "Woolworths - 47787",
    "barcode": "9300662108436",
    "category_id": "1_6E4F4E4",
    "shop": "Woolworths",
    "weight": "100ML",
    "prices": [
      {
        "state": "WA",
        "price": "330",
        "price_per_unit": "165",
        "price_unit": "ML"
      }
    ]
  },
  {
    "source_url": "https://www.woolworths.com.au/shop/productdetails/92710/brownes-dairy-light-sour-cream-garlic-parsley",
    "name": "Brownes Light Sour Cream Garlic & Parsley 200ml",
    "image_url": "https://cdn1.woolworths.media/content/wowproductimages/large/092710.jpg",
    "source_id": "Woolworths - 92710",
    "barcode": "9300662131021",
    "category_id": "1_6E4F4E4",
    "shop": "Woolworths",
    "weight": "100ML",
    "prices": [
      {
        "state": "WA",
        "price": "330",
        "price_per_unit": "165",
        "price_unit": "ML"
      }
    ]
  },
  {
    "source_url": "https://www.woolworths.com.au/shop/productdetails/212387/brownes-dairy-sour-cream",
    "name": "Brownes Sour Cream 200g",
    "image_url": "https://cdn1.woolworths.media/content/wowproductimages/large/212387.jpg",
    "source_id": "Woolworths - 212387",
    "barcode": "9300662889052",
    "category_id": "1_6E4F4E4",
    "shop": "Woolworths",
    "weight": "100G",
    "prices": [
      {
        "state": "WA",
        "price": "330",
        "price_per_unit": "165",
        "price_unit": "G"
      }
    ]
  },
  {
    "source_url": "https://www.woolworths.com.au/shop/productdetails/45308/brownes-dairy-whipping-fresh-cream",
    "name": "Brownes Whipping Fresh Cream 300ml",
    "image_url": "https://cdn1.woolworths.media/content/wowproductimages/large/045308.jpg",
    "source_id": "Woolworths - 45308",
    "barcode": "9300662092742",
    "category_id": "1_6E4F4E4",
    "shop": "Woolworths",
    "weight": "100ML",
    "prices": [
      {
        "state": "WA",
        "price": "320",
        "price_per_unit": "107",
        "price_unit": "ML"
      }
    ]
  },
  {
    "source_url": "https://www.woolworths.com.au/shop/productdetails/755139/harvey-fresh-whipping-cream-fresh-esl",
    "name": "Harvey Fresh Whipping Cream Fresh Esl 600ml",
    "image_url": "https://cdn1.woolworths.media/content/wowproductimages/large/755139.jpg",
    "source_id": "Woolworths - 755139",
    "barcode": "9311697105284",
    "category_id": "1_6E4F4E4",
    "shop": "Woolworths",
    "weight": "100ML",
    "prices": [
      {
        "state": "WA",
        "price": "500",
        "price_per_unit": "83",
        "price_unit": "ML"
      }
    ]
  },
  {
    "source_url": "https://www.woolworths.com.au/shop/productdetails/911871/pauls-cooking-cream",
    "name": "Pauls Cooking Cream 250mL",
    "image_url": "https://cdn1.woolworths.media/content/wowproductimages/large/911871.jpg",
    "source_id": "Woolworths - 911871",
    "barcode": "9310036075905",
    "category_id": "1_6E4F4E4",
    "shop": "Woolworths",
    "weight": "100ML",
    "prices": [
      {
        "state": "WA",
        "price": "295",
        "price_per_unit": "118",
        "price_unit": "ML"
      }
    ]
  },
  {
    "source_url": "https://www.woolworths.com.au/shop/productdetails/913264/fleurieu-sour-cream",
    "name": "Fleurieu Sour Cream 200g",
    "image_url": "https://cdn1.woolworths.media/content/wowproductimages/large/913264.jpg",
    "source_id": "Woolworths - 913264",
    "barcode": "9337536000886",
    "category_id": "1_6E4F4E4",
    "shop": "Woolworths",
    "weight": "100G",
    "prices": [
      {
        "state": "SA",
        "price": "390",
        "price_per_unit": "195",
        "price_unit": "G"
      }
    ]
  },
  {
    "source_url": "https://www.woolworths.com.au/shop/productdetails/547124/ashgrove-pure-natural-cream",
    "name": "Ashgrove Pure Natural Cream 500ml",
    "image_url": "https://cdn1.woolworths.media/content/wowproductimages/large/547124.jpg",
    "source_id": "Woolworths - 547124",
    "barcode": "9325163003257",
    "category_id": "1_6E4F4E4",
    "shop": "Woolworths",
    "weight": "100ML",
    "prices": [
      {
        "state": "TAS",
        "price": "500",
        "price_per_unit": "100",
        "price_unit": "ML"
      }
    ]
  },
  {
    "source_url": "https://www.woolworths.com.au/shop/productdetails/170874/betta-cream-fresh",
    "name": "Betta Cream Fresh 600ml",
    "image_url": "https://cdn1.woolworths.media/content/wowproductimages/large/170874.jpg",
    "source_id": "Woolworths - 170874",
    "barcode": "9311572200073",
    "category_id": "1_6E4F4E4",
    "shop": "Woolworths",
    "weight": "100ML",
    "prices": [
      {
        "state": "TAS",
        "price": "540",
        "price_per_unit": "90",
        "price_unit": "ML"
      }
    ]
  },
  {
    "source_url": "https://www.woolworths.com.au/shop/productdetails/170872/betta-pure-cream",
    "name": "Betta Pure Cream 300ml",
    "image_url": "https://cdn1.woolworths.media/content/wowproductimages/large/170872.jpg",
    "source_id": "Woolworths - 170872",
    "barcode": "9311572200066",
    "category_id": "1_6E4F4E4",
    "shop": "Woolworths",
    "weight": "100ML",
    "prices": [
      {
        "state": "TAS",
        "price": "310",
        "price_per_unit": "103",
        "price_unit": "ML"
      }
    ]
  },
  {
    "source_url": "https://www.woolworths.com.au/shop/productdetails/636988/betta-thickened-cream",
    "name": "Betta Thickened Cream 300mL",
    "image_url": "https://cdn1.woolworths.media/content/wowproductimages/large/636988.jpg",
    "source_id": "Woolworths - 636988",
    "barcode": "9300658411274",
    "category_id": "1_6E4F4E4",
    "shop": "Woolworths",
    "weight": "100ML",
    "prices": [
      {
        "state": "TAS",
        "price": "310",
        "price_per_unit": "103",
        "price_unit": "ML"
      }
    ]
  },
  {
    "source_url": "https://www.woolworths.com.au/shop/productdetails/627509/betta-thickened-cream",
    "name": "Betta Thickened Cream 500mL",
    "image_url": "https://cdn1.woolworths.media/content/wowproductimages/large/627509.jpg",
    "source_id": "Woolworths - 627509",
    "barcode": "9300658411267",
    "category_id": "1_6E4F4E4",
    "shop": "Woolworths",
    "weight": "100ML",
    "prices": [
      {
        "state": "TAS",
        "price": "480",
        "price_per_unit": "96",
        "price_unit": "ML"
      }
    ]
  }
]