[
  {
    "source_url": "https://www.woolworths.com.au/shop/productdetails/41404/bulla-cottage-cheese-onion-chives",
    "name": "Bulla Cottage Cheese Onion & Chives 200g",
    "image_url": "https://cdn1.woolworths.media/content/wowproductimages/large/041404.jpg",
    "source_id": "Woolworths - 41404",
    "barcode": "9310161005020",
    "category_id": "1_6E4F4E4",
    "shop": "Woolworths",
    "weight": "1KG",
    "prices": [
      {
        "state": "NSW",
        "price": "380",
        "price_per_unit": "1900",
        "price_unit": "KG"
      },
      {
        "state": "VIC",
        "price": "380",
        "price_per_unit": "1900",
        "price_unit": "KG"
      },
      {
        "state": "QLD",
        "price": "380",
        "price_per_unit": "1900",
        "price_unit": "KG"
      },
      {
        "state": "WA",
        "price": "380",
        "price_per_unit": "1900",
        "price_unit": "KG"
      },
      {
        "state": "SA",
        "price": "380",
        "price_per_unit": "1900",
        "price_unit": "KG"
      },
      {
        "state": "TAS",
        "price": "380",
        "price_per_unit": "1900",
        "price_unit": "KG"
      },
      {
        "state": "ACT",
        "price": "380",
        "price_per_unit": "1900",
        "price_unit": "KG"
      },
      {
        "state": "NT",
        "price": "380",
        "price_per_unit": "1900",
        "price_unit": "KG"
      }
    ]
  },
  {
    "source_url": "https://www.woolworths.com.au/shop/productdetails/41402/bulla-cottage-cheese-original",
    "name": "Bulla Cottage Cheese Original 200g",
    "image_url": "https://cdn1.woolworths.media/content/wowproductimages/large/041402.jpg",
    "source_id": "Woolworths - 41402",
    "barcode": "9310161005006",
    "category_id": "1_6E4F4E4",
    "shop": "Woolworths",
    "weight": "1KG",
    "prices": [
      {
        "state": "NSW",
        "price": "380",
        "price_per_unit": "1900",
        "price_unit": "KG"
      },
      {
        "state": "VIC",
        "price": "380",
        "price_per_unit": "1900",
        "price_unit": "KG"
      },
      {
        "state": "QLD",
        "price": "380",
        "price_per_unit": "1900",
        "price_unit": "KG"
      },
      {
        "state": "WA",
        "price": "380",
        "price_per_unit": "1900",
        "price_unit": "KG"
      },
      {
        "state": "SA",
        "price": "380",
        "price_per_unit": "1900",
        "price_unit": "KG"
      },
      {
        "state": "TAS",
        "price": "380",
        "price_per_unit": "1900",
        "price_unit": "KG"
      },
      {
        "state": "ACT",
        "price": "380",
        "price_per_unit": "1900",
        "price_unit": "KG"
      },
      {
        "state": "NT",
        "price": "380",
        "price_per_unit": "1900",
        "price_unit": "KG"
      }
    ]
  },
  {
    "source_url": "https://www.woolworths.com.au/shop/productdetails/213014/philadelphia-sweet-chilli-cream-cheese-pourover-tub",
    "name": "Philadelphia Sweet Chilli Cream Cheese Pourover Tub 250g",
    "image_url": "https://cdn1.woolworths.media/content/wowproductimages/large/213014.jpg",
    "source_id": "Woolworths - 213014",
    "barcode": "9300650438118",
    "category_id": "1_6E4F4E4",
    "shop": "Woolworths",
    "weight": "100G",
    "prices": [
      {
        "state": "NSW",
        "price": "450",
        "price_per_unit": "180",
        "price_unit": "G"
      },
      {
        "state": "VIC",
        "price": "450",
        "price_per_unit": "180",
        "price_unit": "G"
      },
      {
        "state": "QLD",
        "price": "450",
        "price_per_unit": "180",
        "price_unit": "G"
      },
      {
        "state": "WA",
        "price": "450",
        "price_per_unit": "180",
        "price_unit": "G"
      },
      {
        "state": "SA",
        "price": "450",
        "price_per_unit": "180",
        "price_unit": "G"
      },
      {
        "state": "TAS",
        "price": "450",
        "price_per_unit": "180",
        "price_unit": "G"
      },
      {
        "state": "ACT",
        "price": "450",
        "price_per_unit": "180",
        "price_unit": "G"
      }
    ]
  },
  {
    "source_url": "https://www.woolworths.com.au/shop/productdetails/312793/south-cape-apricot-almond-cream-cheese",
    "name": "South Cape Apricot & Almond Cream Cheese 200g",
    "image_url": "https://cdn1.woolworths.media/content/wowproductimages/large/312793.jpg",
    "source_id": "Woolworths - 312793",
    "barcode": "9314441706508",
    "category_id": "1_6E4F4E4",
    "shop": "Woolworths",
    "weight": "1KG",
    "prices": [
      {
        "state": "NSW",
        "price": "650",
        "price_per_unit": "3250",
        "price_unit": "KG"
      },
      {
        "state": "VIC",
        "price": "650",
        "price_per_unit": "3250",
        "price_unit": "KG"
      },
      {
        "state": "WA",
        "price": "650",
        "price_per_unit": "3250",
        "price_unit": "KG"
      },
      {
        "state": "SA",
        "price": "650",
        "price_per_unit": "3250",
        "price_unit": "KG"
      },
      {
        "state": "TAS",
        "price": "650",
        "price_per_unit": "3250",
        "price_unit": "KG"
      },
      {
        "state": "ACT",
        "price": "650",
        "price_per_unit": "3250",
        "price_unit": "KG"
      }
    ]
  },
  {
    "source_url": "https://www.woolworths.com.au/shop/productdetails/312801/south-cape-cracked-pepper-cream-cheese",
    "name": "South Cape Cracked Pepper Cream Cheese 200g",
    "image_url": "https://cdn1.woolworths.media/content/wowproductimages/large/312801.jpg",
    "source_id": "Woolworths - 312801",
    "barcode": "9314441706553",
    "category_id": "1_6E4F4E4",
    "shop": "Woolworths",
    "weight": "1KG",
    "prices": [
      {
        "state": "NSW",
        "price": "650",
        "price_per_unit": "3250",
        "price_unit": "KG"
      },
      {
        "state": "VIC",
        "price": "650",
        "price_per_unit": "3250",
        "price_unit": "KG"
      },
      {
        "state": "QLD",
        "price": "650",
        "price_per_unit": "3250",
        "price_unit": "KG"
      },
      {
        "state": "SA",
        "price": "650",
        "price_per_unit": "3250",
        "price_unit": "KG"
      },
      {
        "state": "TAS",
        "price": "650",
        "price_per_unit": "3250",
        "price_unit": "KG"
      },
      {
        "state": "ACT",
        "price": "650",
        "price_per_unit": "3250",
        "price_unit": "KG"
      },
      {
        "state": "NT",
        "price": "650",
        "price_per_unit": "3250",
        "price_unit": "KG"
      }
    ]
  },
  {
    "source_url": "https://www.woolworths.com.au/shop/productdetails/312798/south-cape-herb-garlic-cream-cheese",
    "name": "South Cape Herb & Garlic Cream Cheese 200g",
    "image_url": "https://cdn1.woolworths.media/content/wowproductimages/large/312798.jpg",
    "source_id": "Woolworths - 312798",
    "barcode": "9314441706539",
    "category_id": "1_6E4F4E4",
    "shop": "Woolworths",
    "weight": "1KG",
    "prices": [
      {
        "state": "NSW",
        "price": "650",
        "price_per_unit": "3250",
        "price_unit": "KG"
      },
      {
        "state": "VIC",
        "price": "650",
        "price_per_unit": "3250",
        "price_unit": "KG"
      },
      {
        "state": "QLD",
        "price": "650",
        "price_per_unit": "3250",
        "price_unit": "KG"
      },
      {
        "state": "TAS",
        "price": "650",
        "price_per_unit": "3250",
        "price_unit": "KG"
      },
      {
        "state": "ACT",
        "price": "650",
        "price_per_unit": "3250",
        "price_unit": "KG"
      },
      {
        "state": "NT",
        "price": "650",
        "price_per_unit": "3250",
        "price_unit": "KG"
      }
    ]
  },
  {
    "source_url": "https://www.woolworths.com.au/shop/productdetails/312799/south-cape-onion-chives-cream-cheese",
    "name": "South Cape Onion & Chives Cream Cheese 200g",
    "image_url": "https://cdn1.woolworths.media/content/wowproductimages/large/312799.jpg",
    "source_id": "Woolworths - 312799",
    "barcode": "9314441706546",
    "category_id": "1_6E4F4E4",
    "shop": "Woolworths",
    "weight": "1KG",
    "prices": [
      {
        "state": "NSW",
        "price": "650",
        "price_per_unit": "3250",
        "price_unit": "KG"
      },
      {
        "state": "VIC",
        "price": "650",
        "price_per_unit": "3250",
        "price_unit": "KG"
      },
      {
        "state": "QLD",
        "price": "650",
        "price_per_unit": "3250",
        "price_unit": "KG"
      },
      {
        "state": "SA",
        "price": "650",
        "price_per_unit": "3250",
        "price_unit": "KG"
      },
      {
        "state": "TAS",
        "price": "650",
        "price_per_unit": "3250",
        "price_unit": "KG"
      },
      {
        "state": "ACT",
        "price": "650",
        "price_per_unit": "3250",
        "price_unit": "KG"
      },
      {
        "state": "NT",
        "price": "650",
        "price_per_unit": "3250",
        "price_unit": "KG"
      }
    ]
  },
  {
    "source_url": "https://www.woolworths.com.au/shop/productdetails/97321/perfect-italiano-original-ricotta-cheese-tub-ricotta",
    "name": "Perfect Italiano Original Ricotta Cheese Tub 250g",
    "image_url": "https://cdn1.woolworths.media/content/wowproductimages/large/097321.jpg",
    "source_id": "Woolworths - 97321",
    "barcode": "9300665000683",
    "category_id": "1_6E4F4E4",
    "shop": "Woolworths",
    "weight": "1KG",
    "prices": [
      {
        "state": "NSW",
        "price": "500",
        "price_per_unit": "2000",
        "price_unit": "KG"
      },
      {
        "state": "VIC",
        "price": "500",
        "price_per_unit": "2000",
        "price_unit": "KG"
      },
      {
        "state": "QLD",
        "price": "500",
        "price_per_unit": "2000",
        "price_unit": "KG"
      },
      {
        "state": "WA",
        "price": "500",
        "price_per_unit": "2000",
        "price_unit": "KG"
      },
      {
        "state": "SA",
        "price": "500",
        "price_per_unit": "2000",
        "price_unit": "KG"
      },
      {
        "state": "TAS",
        "price": "500",
        "price_per_unit": "2000",
        "price_unit": "KG"
      },
      {
        "state": "ACT",
        "price": "500",
        "price_per_unit": "2000",
        "price_unit": "KG"
      },
      {
        "state": "NT",
        "price": "540",
        "price_per_unit": "2160",
        "price_unit": "KG"
      }
    ]
  },
  {
    "source_url": "https://www.woolworths.com.au/shop/productdetails/19682/perfect-italiano-original-ricotta-cheese-tub-ricotta",
    "name": "Perfect Italiano Original Ricotta Cheese Tub 500g",
    "image_url": "https://cdn1.woolworths.media/content/wowproductimages/large/019682.jpg",
    "source_id": "Woolworths - 19682",
    "barcode": "9300665068256",
    "category_id": "1_6E4F4E4",
    "shop": "Woolworths",
    "weight": "1KG",
    "prices": [
      {
        "state": "NSW",
        "price": "630",
        "price_per_unit": "1260",
        "price_unit": "KG"
      },
      {
        "state": "VIC",
        "price": "630",
        "price_per_unit": "1260",
        "price_unit": "KG"
      },
      {
        "state": "QLD",
        "price": "630",
        "price_per_unit": "1260",
        "price_unit": "KG"
      },
      {
        "state": "WA",
        "price": "630",
        "price_per_unit": "1260",
        "price_unit": "KG"
      },
      {
        "state": "SA",
        "price": "630",
        "price_per_unit": "1260",
        "price_unit": "KG"
      },
      {
        "state": "TAS",
        "price": "630",
        "price_per_unit": "1260",
        "price_unit": "KG"
      },
      {
        "state": "ACT",
        "price": "630",
        "price_per_unit": "1260",
        "price_unit": "KG"
      },
      {
        "state": "NT",
        "price": "630",
        "price_per_unit": "1260",
        "price_unit": "KG"
      }
    ]
  },
  {
    "source_url": "https://www.woolworths.com.au/shop/productdetails/96422/philadelphia-light-cream-cheese-spread-tub",
    "name": "Philadelphia Light Cream Cheese Spread Tub 250g",
    "image_url": "https://cdn1.woolworths.media/content/wowproductimages/large/096422.jpg",
    "source_id": "Woolworths - 96422",
    "barcode": "9300650430617",
    "category_id": "1_6E4F4E4",
    "shop": "Woolworths",
    "weight": "1KG",
    "prices": [
      {
        "state": "NSW",
        "price": "570",
        "price_per_unit": "2280",
        "price_unit": "KG"
      },
      {
        "state": "VIC",
        "price": "570",
        "price_per_unit": "2280",
        "price_unit": "KG"
      },
      {
        "state": "QLD",
        "price": "570",
        "price_per_unit": "2280",
        "price_unit": "KG"
      },
      {
        "state": "WA",
        "price": "570",
        "price_per_unit": "2280",
        "price_unit": "KG"
      },
      {
        "state": "SA",
        "price": "570",
        "price_per_unit": "2280",
        "price_unit": "KG"
      },
      {
        "state": "TAS",
        "price": "570",
        "price_per_unit": "2280",
        "price_unit": "KG"
      },
      {
        "state": "ACT",
        "price": "570",
        "price_per_unit": "2280",
        "price_unit": "KG"
      },
      {
        "state": "NT",
        "price": "570",
        "price_per_unit": "2280",
        "price_unit": "KG"
      }
    ]
  },
  {
    "source_url": "https://www.woolworths.com.au/shop/productdetails/48062/philadelphia-original-cream-cheese-block",
    "name": "Philadelphia Original Cream Cheese Block 250g",
    "image_url": "https://cdn1.woolworths.media/content/wowproductimages/large/048062.jpg",
    "source_id": "Woolworths - 48062",
    "barcode": "9300650430419",
    "category_id": "1_6E4F4E4",
    "shop": "Woolworths",
    "weight": "1KG",
    "prices": [
      {
        "state": "NSW",
        "price": "570",
        "price_per_unit": "2280",
        "price_unit": "KG"
      },
      {
        "state": "VIC",
        "price": "570",
        "price_per_unit": "2280",
        "price_unit": "KG"
      },
      {
        "state": "QLD",
        "price": "570",
        "price_per_unit": "2280",
        "price_unit": "KG"
      },
      {
        "state": "WA",
        "price": "570",
        "price_per_unit": "2280",
        "price_unit": "KG"
      },
      {
        "state": "SA",
        "price": "570",
        "price_per_unit": "2280",
        "price_unit": "KG"
      },
      {
        "state": "TAS",
        "price": "570",
        "price_per_unit": "2280",
        "price_unit": "KG"
      },
      {
        "state": "ACT",
        "price": "570",
        "price_per_unit": "2280",
        "price_unit": "KG"
      },
      {
        "state": "NT",
        "price": "570",
        "price_per_unit": "2280",
        "price_unit": "KG"
      }
    ]
  },
  {
    "source_url": "https://www.woolworths.com.au/shop/productdetails/858232/philadelphia-original-cream-cheese-spread-tub",
    "name": "Philadelphia Original Cream Cheese Spread Tub 140g",
    "image_url": "https://cdn1.woolworths.media/content/wowproductimages/large/858232.jpg",
    "source_id": "Woolworths - 858232",
    "barcode": "9300650015944",
    "category_id": "1_6E4F4E4",
    "shop": "Woolworths",
    "weight": "1KG",
    "prices": [
      {
        "state": "NSW",
        "price": "400",
        "price_per_unit": "2857",
        "price_unit": "KG"
      },
      {
        "state": "VIC",
        "price": "400",
        "price_per_unit": "2857",
        "price_unit": "KG"
      },
      {
        "state": "QLD",
        "price": "400",
        "price_per_unit": "2857",
        "price_unit": "KG"
      },
      {
        "state": "WA",
        "price": "400",
        "price_per_unit": "2857",
        "price_unit": "KG"
      },
      {
        "state": "SA",
        "price": "400",
        "price_per_unit": "2857",
        "price_unit": "KG"
      },
      {
        "state": "TAS",
        "price": "400",
        "price_per_unit": "2857",
        "price_unit": "KG"
      },
      {
        "state": "ACT",
        "price": "400",
        "price_per_unit": "2857",
        "price_unit": "KG"
      },
      {
        "state": "NT",
        "price": "400",
        "price_per_unit": "2857",
        "price_unit": "KG"
      }
    ]
  },
  {
    "source_url": "https://www.woolworths.com.au/shop/productdetails/79223/philadelphia-original-cream-cheese-spread-tub",
    "name": "Philadelphia Original Cream Cheese Spread Tub 250g",
    "image_url": "https://cdn1.woolworths.media/content/wowproductimages/large/079223.jpg",
    "source_id": "Woolworths - 79223",
    "barcode": "9300650431812",
    "category_id": "1_6E4F4E4",
    "shop": "Woolworths",
    "weight": "1KG",
    "prices": [
      {
        "state": "NSW",
        "price": "570",
        "price_per_unit": "2280",
        "price_unit": "KG"
      },
      {
        "state": "VIC",
        "price": "570",
        "price_per_unit": "2280",
        "price_unit": "KG"
      },
      {
        "state": "QLD",
        "price": "570",
        "price_per_unit": "2280",
        "price_unit": "KG"
      },
      {
        "state": "WA",
        "price": "570",
        "price_per_unit": "2280",
        "price_unit": "KG"
      },
      {
        "state": "SA",
        "price": "570",
        "price_per_unit": "2280",
        "price_unit": "KG"
      },
      {
        "state": "TAS",
        "price": "570",
        "price_per_unit": "2280",
        "price_unit": "KG"
      },
      {
        "state": "ACT",
        "price": "570",
        "price_per_unit": "2280",
        "price_unit": "KG"
      },
      {
        "state": "NT",
        "price": "570",
        "price_per_unit": "2280",
        "price_unit": "KG"
      }
    ]
  },
  {
    "source_url": "https://www.woolworths.com.au/shop/productdetails/72546/philadelphia-original-cream-cheese-twin-block",
    "name": "Philadelphia Original Cream Cheese Twin Block 500g",
    "image_url": "https://cdn1.woolworths.media/content/wowproductimages/large/072546.jpg",
    "source_id": "Woolworths - 72546",
    "barcode": "9300650431614",
    "category_id": "1_6E4F4E4",
    "shop": "Woolworths",
    "weight": "1KG",
    "prices": [
      {
        "state": "NSW",
        "price": "800",
        "price_per_unit": "1600",
        "price_unit": "KG"
      },
      {
        "state": "VIC",
        "price": "800",
        "price_per_unit": "1600",
        "price_unit": "KG"
      },
      {
        "state": "QLD",
        "price": "800",
        "price_per_unit": "1600",
        "price_unit": "KG"
      },
      {
        "state": "WA",
        "price": "800",
        "price_per_unit": "1600",
        "price_unit": "KG"
      },
      {
        "state": "SA",
        "price": "800",
        "price_per_unit": "1600",
        "price_unit": "KG"
      },
      {
        "state": "TAS",
        "price": "800",
        "price_per_unit": "1600",
        "price_unit": "KG"
      },
      {
        "state": "ACT",
        "price": "800",
        "price_per_unit": "1600",
        "price_unit": "KG"
      },
      {
        "state": "NT",
        "price": "800",
        "price_per_unit": "1600",
        "price_unit": "KG"
      }
    ]
  },
  {
    "source_url": "https://www.woolworths.com.au/shop/productdetails/296507/woolworths-cream-cheese",
    "name": "Woolworths Cream Cheese 250g",
    "image_url": "https://cdn1.woolworths.media/content/wowproductimages/large/296507.jpg",
    "source_id": "Woolworths - 296507",
    "barcode": "9300633982423",
    "category_id": "1_6E4F4E4",
    "shop": "Woolworths",
    "weight": "1KG",
    "prices": [
      {
        "state": "NSW",
        "price": "310",
        "price_per_unit": "1240",
        "price_unit": "KG"
      },
      {
        "state": "VIC",
        "price": "310",
        "price_per_unit": "1240",
        "price_unit": "KG"
      },
      {
        "state": "QLD",
        "price": "310",
        "price_per_unit": "1240",
        "price_unit": "KG"
      },
      {
        "state": "SA",
        "price": "310",
        "price_per_unit": "1240",
        "price_unit": "KG"
      },
      {
        "state": "TAS",
        "price": "310",
        "price_per_unit": "1240",
        "price_unit": "KG"
      },
      {
        "state": "ACT",
        "price": "310",
        "price_per_unit": "1240",
        "price_unit": "KG"
      },
      {
        "state": "NT",
        "price": "310",
        "price_per_unit": "1240",
        "price_unit": "KG"
      }
    ]
  },
  {
    "source_url": "https://www.woolworths.com.au/shop/productdetails/624195/woolworths-cream-cheese-block",
    "name": "Woolworths Cream Cheese Block 225g",
    "image_url": "https://cdn1.woolworths.media/content/wowproductimages/large/624195.jpg",
    "source_id": "Woolworths - 624195",
    "barcode": "9300633675424",
    "category_id": "1_6E4F4E4",
    "shop": "Woolworths",
    "weight": "1KG",
    "prices": [
      {
        "state": "NSW",
        "price": "310",
        "price_per_unit": "1378",
        "price_unit": "KG"
      },
      {
        "state": "VIC",
        "price": "310",
        "price_per_unit": "1378",
        "price_unit": "KG"
      },
      {
        "state": "QLD",
        "price": "310",
        "price_per_unit": "1378",
        "price_unit": "KG"
      },
      {
        "state": "WA",
        "price": "310",
        "price_per_unit": "1378",
        "price_unit": "KG"
      },
      {
        "state": "SA",
        "price": "310",
        "price_per_unit": "1378",
        "price_unit": "KG"
      },
      {
        "state": "TAS",
        "price": "310",
        "price_per_unit": "1378",
        "price_unit": "KG"
      },
      {
        "state": "ACT",
        "price": "310",
        "price_per_unit": "1378",
        "price_unit": "KG"
      },
      {
        "state": "NT",
        "price": "310",
        "price_per_unit": "1378",
        "price_unit": "KG"
      }
    ]
  },
  {
    "source_url": "https://www.woolworths.com.au/shop/productdetails/780717/woolworths-creamed-cottage-cheese",
    "name": "Woolworths Creamed Cottage Cheese 500g",
    "image_url": "https://cdn1.woolworths.media/content/wowproductimages/large/780717.jpg",
    "source_id": "Woolworths - 780717",
    "barcode": "9300633485085",
    "category_id": "1_6E4F4E4",
    "shop": "Woolworths",
    "weight": "1KG",
    "prices": [
      {
        "state": "NSW",
        "price": "600",
        "price_per_unit": "1200",
        "price_unit": "KG"
      },
      {
        "state": "VIC",
        "price": "600",
        "price_per_unit": "1200",
        "price_unit": "KG"
      },
      {
        "state": "QLD",
        "price": "600",
        "price_per_unit": "1200",
        "price_unit": "KG"
      },
      {
        "state": "WA",
        "price": "600",
        "price_per_unit": "1200",
        "price_unit": "KG"
      },
      {
        "state": "SA",
        "price": "600",
        "price_per_unit": "1200",
        "price_unit": "KG"
      },
      {
        "state": "TAS",
        "price": "600",
        "price_per_unit": "1200",
        "price_unit": "KG"
      },
      {
        "state": "ACT",
        "price": "600",
        "price_per_unit": "1200",
        "price_unit": "KG"
      },
      {
        "state": "NT",
        "price": "600",
        "price_per_unit": "1200",
        "price_unit": "KG"
      }
    ]
  },
  {
    "source_url": "https://www.woolworths.com.au/shop/productdetails/474591/woolworths-ricotta-cheese-smooth",
    "name": "Woolworths Ricotta Cheese Smooth 375g",
    "image_url": "https://cdn1.woolworths.media/content/wowproductimages/large/474591.jpg",
    "source_id": "Woolworths - 474591",
    "barcode": "9300633577490",
    "category_id": "1_6E4F4E4",
    "shop": "Woolworths",
    "weight": "1KG",
    "prices": [
      {
        "state": "NSW",
        "price": "360",
        "price_per_unit": "960",
        "price_unit": "KG"
      },
      {
        "state": "QLD",
        "price": "360",
        "price_per_unit": "960",
        "price_unit": "KG"
      },
      {
        "state": "WA",
        "price": "360",
        "price_per_unit": "960",
        "price_unit": "KG"
      },
      {
        "state": "SA",
        "price": "360",
        "price_per_unit": "960",
        "price_unit": "KG"
      },
      {
        "state": "TAS",
        "price": "360",
        "price_per_unit": "960",
        "price_unit": "KG"
      },
      {
        "state": "ACT",
        "price": "360",
        "price_per_unit": "960",
        "price_unit": "KG"
      },
      {
        "state": "NT",
        "price": "360",
        "price_per_unit": "960",
        "price_unit": "KG"
      }
    ]
  },
  {
    "source_url": "https://www.woolworths.com.au/shop/productdetails/476205/woolworths-ricotta-light-cheese",
    "name": "Woolworths Ricotta Light Cheese 375g",
    "image_url": "https://cdn1.woolworths.media/content/wowproductimages/large/476205.jpg",
    "source_id": "Woolworths - 476205",
    "barcode": "9300633584917",
    "category_id": "1_6E4F4E4",
    "shop": "Woolworths",
    "weight": "1KG",
    "prices": [
      {
        "state": "NSW",
        "price": "360",
        "price_per_unit": "960",
        "price_unit": "KG"
      },
      {
        "state": "VIC",
        "price": "360",
        "price_per_unit": "960",
        "price_unit": "KG"
      },
      {
        "state": "QLD",
        "price": "360",
        "price_per_unit": "960",
        "price_unit": "KG"
      },
      {
        "state": "WA",
        "price": "360",
        "price_per_unit": "960",
        "price_unit": "KG"
      },
      {
        "state": "SA",
        "price": "360",
        "price_per_unit": "960",
        "price_unit": "KG"
      },
      {
        "state": "TAS",
        "price": "360",
        "price_per_unit": "960",
        "price_unit": "KG"
      },
      {
        "state": "ACT",
        "price": "360",
        "price_per_unit": "960",
        "price_unit": "KG"
      },
      {
        "state": "NT",
        "price": "360",
        "price_per_unit": "960",
        "price_unit": "KG"
      }
    ]
  },
  {
    "source_url": "https://www.woolworths.com.au/shop/productdetails/799693/liddells-lactose-free-cream-cheese",
    "name": "Liddells Lactose Free Cream Cheese 250g",
    "image_url": "https://cdn1.woolworths.media/content/wowproductimages/large/799693.jpg",
    "source_id": "Woolworths - 799693",
    "barcode": "9300639604404",
    "category_id": "1_6E4F4E4",
    "shop": "Woolworths",
    "weight": "1KG",
    "prices": [
      {
        "state": "VIC",
        "price": "630",
        "price_per_unit": "2520",
        "price_unit": "KG"
      },
      {
        "state": "QLD",
        "price": "630",
        "price_per_unit": "2520",
        "price_unit": "KG"
      },
      {
        "state": "WA",
        "price": "630",
        "price_per_unit": "2520",
        "price_unit": "KG"
      },
      {
        "state": "SA",
        "price": "630",
        "price_per_unit": "2520",
        "price_unit": "KG"
      },
      {
        "state": "TAS",
        "price": "630",
        "price_per_unit": "2520",
        "price_unit": "KG"
      },
      {
        "state": "ACT",
        "price": "630",
        "price_per_unit": "2520",
        "price_unit": "KG"
      }
    ]
  },
  {
    "source_url": "https://www.woolworths.com.au/shop/productdetails/98070/philadelphia-light-cream-cheese-block",
    "name": "Philadelphia Light Cream Cheese Block 250g",
    "image_url": "https://cdn1.woolworths.media/content/wowproductimages/large/098070.jpg",
    "source_id": "Woolworths - 98070",
    "barcode": "9300650430112",
    "category_id": "1_6E4F4E4",
    "shop": "Woolworths",
    "weight": "1KG",
    "prices": [
      {
        "state": "VIC",
        "price": "570",
        "price_per_unit": "2280",
        "price_unit": "KG"
      },
      {
        "state": "QLD",
        "price": "570",
        "price_per_unit": "2280",
        "price_unit": "KG"
      },
      {
        "state": "WA",
        "price": "570",
        "price_per_unit": "2280",
        "price_unit": "KG"
      },
      {
        "state": "SA",
        "price": "570",
        "price_per_unit": "2280",
        "price_unit": "KG"
      },
      {
        "state": "TAS",
        "price": "570",
        "price_per_unit": "2280",
        "price_unit": "KG"
      },
      {
        "state": "NT",
        "price": "570",
        "price_per_unit": "2280",
        "price_unit": "KG"
      }
    ]
  },
  {
    "source_url": "https://www.woolworths.com.au/shop/productdetails/66992/philadelphia-lactose-free-cream-cheese-block",
    "name": "Philadelphia Lactose Free Cream Cheese Block 250g",
    "image_url": "https://cdn1.woolworths.media/content/wowproductimages/large/066992.jpg",
    "source_id": "Woolworths - 66992",
    "barcode": "9300650029149",
    "category_id": "1_6E4F4E4",
    "shop": "Woolworths",
    "weight": "1KG",
    "prices": [
      {
        "state": "QLD",
        "price": "570",
        "price_per_unit": "2280",
        "price_unit": "KG"
      },
      {
        "state": "WA",
        "price": "570",
        "price_per_unit": "2280",
        "price_unit": "KG"
      },
      {
        "state": "SA",
        "price": "570",
        "price_per_unit": "2280",
        "price_unit": "KG"
      },
      {
        "state": "TAS",
        "price": "570",
        "price_per_unit": "2280",
        "price_unit": "KG"
      },
      {
        "state": "ACT",
        "price": "570",
        "price_per_unit": "2280",
        "price_unit": "KG"
      }
    ]
  }
]