[
  {
    "source_url": "https://www.woolworths.com.au/shop/productdetails/479925/sanitarium-up-go-energize-chocolate",
    "name": "Sanitarium Up & Go Energize Chocolate 500ml",
    "image_url": "https://cdn1.woolworths.media/content/wowproductimages/large/479925.jpg",
    "source_id": "Woolworths - 479925",
    "barcode": "9300652806045",
    "category_id": "1_6E4F4E4",
    "shop": "Woolworths",
    "weight": "1L",
    "prices": [
      {
        "state": "VIC",
        "price": "440",
        "price_per_unit": "880",
        "price_unit": "L"
      },
      {
        "state": "WA",
        "price": "440",
        "price_per_unit": "880",
        "price_unit": "L"
      },
      {
        "state": "SA",
        "price": "440",
        "price_per_unit": "880",
        "price_unit": "L"
      },
      {
        "state": "TAS",
        "price": "440",
        "price_per_unit": "880",
        "price_unit": "L"
      },
      {
        "state": "ACT",
        "price": "440",
        "price_per_unit": "880",
        "price_unit": "L"
      },
      {
        "state": "NT",
        "price": "440",
        "price_per_unit": "880",
        "price_unit": "L"
      }
    ]
  },
  {
    "source_url": "https://www.woolworths.com.au/shop/productdetails/660390/vitasoy-almond-milky",
    "name": "Vitasoy Almond Milky 1l",
    "image_url": "https://cdn1.woolworths.media/content/wowproductimages/large/660390.jpg",
    "source_id": "Woolworths - 660390",
    "barcode": "9341650000448",
    "category_id": "1_6E4F4E4",
    "shop": "Woolworths",
    "weight": "1L",
    "prices": [
      {
        "state": "NSW",
        "price": "300",
        "price_per_unit": "300",
        "price_unit": "L"
      },
      {
        "state": "VIC",
        "price": "300",
        "price_per_unit": "300",
        "price_unit": "L"
      },
      {
        "state": "QLD",
        "price": "300",
        "price_per_unit": "300",
        "price_unit": "L"
      },
      {
        "state": "WA",
        "price": "300",
        "price_per_unit": "300",
        "price_unit": "L"
      },
      {
        "state": "SA",
        "price": "300",
        "price_per_unit": "300",
        "price_unit": "L"
      },
      {
        "state": "TAS",
        "price": "300",
        "price_per_unit": "300",
        "price_unit": "L"
      },
      {
        "state": "ACT",
        "price": "300",
        "price_per_unit": "300",
        "price_unit": "L"
      },
      {
        "state": "NT",
        "price": "300",
        "price_per_unit": "300",
        "price_unit": "L"
      }
    ]
  },
  {
    "source_url": "https://www.woolworths.com.au/shop/productdetails/212555/180-nutrition-good-sport-chocolate-flavoured-milk",
    "name": "180 Nutrition Good Sport Chocolate Flavoured Milk 350ml",
    "image_url": "https://cdn1.woolworths.media/content/wowproductimages/large/212555.jpg",
    "source_id": "Woolworths - 212555",
    "barcode": "9310232960951",
    "category_id": "1_6E4F4E4",
    "shop": "Woolworths",
    "weight": "1L",
    "prices": [
      {
        "state": "NSW",
        "price": "260",
        "price_per_unit": "743",
        "price_unit": "L"
      },
      {
        "state": "ACT",
        "price": "260",
        "price_per_unit": "743",
        "price_unit": "L"
      }
    ]
  },
  {
    "source_url": "https://www.woolworths.com.au/shop/productdetails/340049/allpress-espresso-black-speciality-iced-coffee-can",
    "name": "Allpress Espresso Black Speciality Iced Coffee Can 240ml",
    "image_url": "https://cdn1.woolworths.media/content/wowproductimages/large/340049.jpg",
    "source_id": "Woolworths - 340049",
    "barcode": "9421907274171",
    "category_id": "1_6E4F4E4",
    "shop": "Woolworths",
    "weight": "1L",
    "prices": [
      {
        "state": "NSW",
        "price": "450",
        "price_per_unit": "1875",
        "price_unit": "L"
      },
      {
        "state": "QLD",
        "price": "450",
        "price_per_unit": "1875",
        "price_unit": "L"
      },
      {
        "state": "WA",
        "price": "450",
        "price_per_unit": "1875",
        "price_unit": "L"
      },
      {
        "state": "SA",
        "price": "450",
        "price_per_unit": "1875",
        "price_unit": "L"
      },
      {
        "state": "TAS",
        "price": "450",
        "price_per_unit": "1875",
        "price_unit": "L"
      },
      {
        "state": "NT",
        "price": "450",
        "price_per_unit": "1875",
        "price_unit": "L"
      }
    ]
  },
  {
    "source_url": "https://www.woolworths.com.au/shop/productdetails/334560/allpress-espresso-latte-speciality-iced-coffee-can",
    "name": "Allpress Espresso Latte Speciality Iced Coffee Can 240ml",
    "image_url": "https://cdn1.woolworths.media/content/wowproductimages/large/334560.jpg",
    "source_id": "Woolworths - 334560",
    "barcode": "9421907274188",
    "category_id": "1_6E4F4E4",
    "shop": "Woolworths",
    "weight": "1L",
    "prices": [
      {
        "state": "NSW",
        "price": "450",
        "price_per_unit": "1875",
        "price_unit": "L"
      },
      {
        "state": "QLD",
        "price": "450",
        "price_per_unit": "1875",
        "price_unit": "L"
      },
      {
        "state": "WA",
        "price": "450",
        "price_per_unit": "1875",
        "price_unit": "L"
      },
      {
        "state": "SA",
        "price": "450",
        "price_per_unit": "1875",
        "price_unit": "L"
      },
      {
        "state": "TAS",
        "price": "450",
        "price_per_unit": "1875",
        "price_unit": "L"
      },
      {
        "state": "NT",
        "price": "450",
        "price_per_unit": "1875",
        "price_unit": "L"
      }
    ]
  },
  {
    "source_url": "https://www.woolworths.com.au/shop/productdetails/865382/coach-house-dairy-chocolate-milk",
    "name": "Coach House Dairy Chocolate Milk 300mL",
    "image_url": "https://cdn1.woolworths.media/content/wowproductimages/large/865382.jpg",
    "source_id": "Woolworths - 865382",
    "barcode": "9341286002601",
    "category_id": "1_6E4F4E4",
    "shop": "Woolworths",
    "weight": "1L",
    "prices": [
      {
        "state": "NSW",
        "price": "370",
        "price_per_unit": "1233",
        "price_unit": "L"
      },
      {
        "state": "VIC",
        "price": "380",
        "price_per_unit": "1267",
        "price_unit": "L"
      },
      {
        "state": "QLD",
        "price": "370",
        "price_per_unit": "1233",
        "price_unit": "L"
      },
      {
        "state": "SA",
        "price": "370",
        "price_per_unit": "1233",
        "price_unit": "L"
      },
      {
        "state": "ACT",
        "price": "370",
        "price_per_unit": "1233",
        "price_unit": "L"
      }
    ]
  },
  {
    "source_url": "https://www.woolworths.com.au/shop/productdetails/799749/dairy-farmers-classic-chocolate-milk",
    "name": "Dairy Farmers Classic Chocolate Milk 500ml",
    "image_url": "https://cdn1.woolworths.media/content/wowproductimages/large/799749.jpg",
    "source_id": "Woolworths - 799749",
    "barcode": "9310199100285",
    "category_id": "1_6E4F4E4",
    "shop": "Woolworths",
    "weight": "1L",
    "prices": [
      {
        "state": "NSW",
        "price": "360",
        "price_per_unit": "720",
        "price_unit": "L"
      },
      {
        "state": "QLD",
        "price": "360",
        "price_per_unit": "720",
        "price_unit": "L"
      },
      {
        "state": "TAS",
        "price": "360",
        "price_per_unit": "720",
        "price_unit": "L"
      },
      {
        "state": "ACT",
        "price": "360",
        "price_per_unit": "720",
        "price_unit": "L"
      }
    ]
  },
  {
    "source_url": "https://www.woolworths.com.au/shop/productdetails/799766/dairy-farmers-classic-strawberry-milk",
    "name": "Dairy Farmers Classic Strawberry Milk 500ml",
    "image_url": "https://cdn1.woolworths.media/content/wowproductimages/large/799766.jpg",
    "source_id": "Woolworths - 799766",
    "barcode": "9310232957609",
    "category_id": "1_6E4F4E4",
    "shop": "Woolworths",
    "weight": "1L",
    "prices": [
      {
        "state": "NSW",
        "price": "360",
        "price_per_unit": "720",
        "price_unit": "L"
      },
      {
        "state": "QLD",
        "price": "360",
        "price_per_unit": "720",
        "price_unit": "L"
      },
      {
        "state": "TAS",
        "price": "360",
        "price_per_unit": "720",
        "price_unit": "L"
      },
      {
        "state": "ACT",
        "price": "360",
        "price_per_unit": "720",
        "price_unit": "L"
      }
    ]
  },
  {
    "source_url": "https://www.woolworths.com.au/shop/productdetails/801932/dairy-farmers-classic-vanilla-malt-flavoured-milk",
    "name": "Dairy Farmers Classic Vanilla Malt Flavoured Milk 500mL",
    "image_url": "https://cdn1.woolworths.media/content/wowproductimages/large/801932.jpg",
    "source_id": "Woolworths - 801932",
    "barcode": "9310232956152",
    "category_id": "1_6E4F4E4",
    "shop": "Woolworths",
    "weight": "1L",
    "prices": [
      {
        "state": "NSW",
        "price": "360",
        "price_per_unit": "720",
        "price_unit": "L"
      },
      {
        "state": "QLD",
        "price": "360",
        "price_per_unit": "720",
        "price_unit": "L"
      },
      {
        "state": "ACT",
        "price": "360",
        "price_per_unit": "720",
        "price_unit": "L"
      }
    ]
  },
  {
    "source_url": "https://www.woolworths.com.au/shop/productdetails/746542/dare-caramel-latte-iced-coffee",
    "name": "Dare Caramel Latte Iced Coffee 750ml",
    "image_url": "https://cdn1.woolworths.media/content/wowproductimages/large/746542.jpg",
    "source_id": "Woolworths - 746542",
    "barcode": "9310232958972",
    "category_id": "1_6E4F4E4",
    "shop": "Woolworths",
    "weight": "1L",
    "prices": [
      {
        "state": "NSW",
        "price": "535",
        "price_per_unit": "713",
        "price_unit": "L"
      },
      {
        "state": "VIC",
        "price": "525",
        "price_per_unit": "700",
        "price_unit": "L"
      },
      {
        "state": "QLD",
        "price": "525",
        "price_per_unit": "700",
        "price_unit": "L"
      },
      {
        "state": "ACT",
        "price": "535",
        "price_per_unit": "713",
        "price_unit": "L"
      },
      {
        "state": "NT",
        "price": "535",
        "price_per_unit": "713",
        "price_unit": "L"
      }
    ]
  },
  {
    "source_url": "https://www.woolworths.com.au/shop/productdetails/249137/dare-double-espresso-iced-coffee",
    "name": "Dare Double Espresso Iced Coffee 500ml",
    "image_url": "https://cdn1.woolworths.media/content/wowproductimages/large/249137.jpg",
    "source_id": "Woolworths - 249137",
    "barcode": "9310232957500",
    "category_id": "1_6E4F4E4",
    "shop": "Woolworths",
    "weight": "1L",
    "prices": [
      {
        "state": "NSW",
        "price": "415",
        "price_per_unit": "830",
        "price_unit": "L"
      },
      {
        "state": "VIC",
        "price": "415",
        "price_per_unit": "830",
        "price_unit": "L"
      },
      {
        "state": "QLD",
        "price": "415",
        "price_per_unit": "830",
        "price_unit": "L"
      },
      {
        "state": "WA",
        "price": "415",
        "price_per_unit": "830",
        "price_unit": "L"
      },
      {
        "state": "SA",
        "price": "420",
        "price_per_unit": "840",
        "price_unit": "L"
      },
      {
        "state": "TAS",
        "price": "400",
        "price_per_unit": "800",
        "price_unit": "L"
      },
      {
        "state": "ACT",
        "price": "415",
        "price_per_unit": "830",
        "price_unit": "L"
      },
      {
        "state": "NT",
        "price": "420",
        "price_per_unit": "840",
        "price_unit": "L"
      }
    ]
  },
  {
    "source_url": "https://www.woolworths.com.au/shop/productdetails/293933/dare-double-espresso-iced-coffee",
    "name": "Dare Double Espresso Iced Coffee 750ml",
    "image_url": "https://cdn1.woolworths.media/content/wowproductimages/large/293933.jpg",
    "source_id": "Woolworths - 293933",
    "barcode": "9310199080815",
    "category_id": "1_6E4F4E4",
    "shop": "Woolworths",
    "weight": "1L",
    "prices": [
      {
        "state": "NSW",
        "price": "535",
        "price_per_unit": "713",
        "price_unit": "L"
      },
      {
        "state": "VIC",
        "price": "525",
        "price_per_unit": "700",
        "price_unit": "L"
      },
      {
        "state": "WA",
        "price": "525",
        "price_per_unit": "700",
        "price_unit": "L"
      },
      {
        "state": "SA",
        "price": "535",
        "price_per_unit": "713",
        "price_unit": "L"
      },
      {
        "state": "TAS",
        "price": "515",
        "price_per_unit": "687",
        "price_unit": "L"
      },
      {
        "state": "ACT",
        "price": "535",
        "price_per_unit": "713",
        "price_unit": "L"
      },
      {
        "state": "NT",
        "price": "535",
        "price_per_unit": "713",
        "price_unit": "L"
      }
    ]
  },
  {
    "source_url": "https://www.woolworths.com.au/shop/productdetails/255405/dare-espresso-ice-coffee-iced-coffee",
    "name": "Dare Espresso Ice Coffee 750mL",
    "image_url": "https://cdn1.woolworths.media/content/wowproductimages/large/255405.jpg",
    "source_id": "Woolworths - 255405",
    "barcode": "9310232957531",
    "category_id": "1_6E4F4E4",
    "shop": "Woolworths",
    "weight": "1L",
    "prices": [
      {
        "state": "NSW",
        "price": "535",
        "price_per_unit": "713",
        "price_unit": "L"
      },
      {
        "state": "VIC",
        "price": "525",
        "price_per_unit": "700",
        "price_unit": "L"
      },
      {
        "state": "QLD",
        "price": "525",
        "price_per_unit": "700",
        "price_unit": "L"
      },
      {
        "state": "WA",
        "price": "525",
        "price_per_unit": "700",
        "price_unit": "L"
      },
      {
        "state": "SA",
        "price": "535",
        "price_per_unit": "713",
        "price_unit": "L"
      },
      {
        "state": "TAS",
        "price": "515",
        "price_per_unit": "687",
        "price_unit": "L"
      },
      {
        "state": "ACT",
        "price": "535",
        "price_per_unit": "713",
        "price_unit": "L"
      },
      {
        "state": "NT",
        "price": "535",
        "price_per_unit": "713",
        "price_unit": "L"
      }
    ]
  },
  {
    "source_url": "https://www.woolworths.com.au/shop/productdetails/40284/dare-espresso-iced-coffee",
    "name": "Dare Espresso Iced Coffee 500ml",
    "image_url": "https://cdn1.woolworths.media/content/wowproductimages/large/040284.jpg",
    "source_id": "Woolworths - 40284",
    "barcode": "9310232957494",
    "category_id": "1_6E4F4E4",
    "shop": "Woolworths",
    "weight": "1L",
    "prices": [
      {
        "state": "NSW",
        "price": "415",
        "price_per_unit": "830",
        "price_unit": "L"
      },
      {
        "state": "VIC",
        "price": "415",
        "price_per_unit": "830",
        "price_unit": "L"
      },
      {
        "state": "QLD",
        "price": "415",
        "price_per_unit": "830",
        "price_unit": "L"
      },
      {
        "state": "WA",
        "price": "415",
        "price_per_unit": "830",
        "price_unit": "L"
      },
      {
        "state": "SA",
        "price": "420",
        "price_per_unit": "840",
        "price_unit": "L"
      },
      {
        "state": "TAS",
        "price": "400",
        "price_per_unit": "800",
        "price_unit": "L"
      },
      {
        "state": "ACT",
        "price": "415",
        "price_per_unit": "830",
        "price_unit": "L"
      },
      {
        "state": "NT",
        "price": "420",
        "price_per_unit": "840",
        "price_unit": "L"
      }
    ]
  },
  {
    "source_url": "https://www.woolworths.com.au/shop/productdetails/239692/dare-intense-espresso-iced-coffee",
    "name": "Dare Intense Espresso Iced Coffee 500ml",
    "image_url": "https://cdn1.woolworths.media/content/wowproductimages/large/239692.jpg",
    "source_id": "Woolworths - 239692",
    "barcode": "9310232961187",
    "category_id": "1_6E4F4E4",
    "shop": "Woolworths",
    "weight": "1L",
    "prices": [
      {
        "state": "NSW",
        "price": "415",
        "price_per_unit": "830",
        "price_unit": "L"
      },
      {
        "state": "VIC",
        "price": "415",
        "price_per_unit": "830",
        "price_unit": "L"
      },
      {
        "state": "QLD",
        "price": "415",
        "price_per_unit": "830",
        "price_unit": "L"
      },
      {
        "state": "WA",
        "price": "415",
        "price_per_unit": "830",
        "price_unit": "L"
      },
      {
        "state": "TAS",
        "price": "400",
        "price_per_unit": "800",
        "price_unit": "L"
      },
      {
        "state": "ACT",
        "price": "415",
        "price_per_unit": "830",
        "price_unit": "L"
      },
      {
        "state": "NT",
        "price": "420",
        "price_per_unit": "840",
        "price_unit": "L"
      }
    ]
  },
  {
    "source_url": "https://www.woolworths.com.au/shop/productdetails/155830/dare-mocha-iced-coffee",
    "name": "Dare Mocha Iced Coffee 2l",
    "image_url": "https://cdn1.woolworths.media/content/wowproductimages/large/155830.jpg",
    "source_id": "Woolworths - 155830",
    "barcode": "9310232960586",
    "category_id": "1_6E4F4E4",
    "shop": "Woolworths",
    "weight": "1L",
    "prices": [
      {
        "state": "NSW",
        "price": "630",
        "price_per_unit": "315",
        "price_unit": "L"
      },
      {
        "state": "VIC",
        "price": "630",
        "price_per_unit": "315",
        "price_unit": "L"
      },
      {
        "state": "QLD",
        "price": "630",
        "price_per_unit": "315",
        "price_unit": "L"
      },
      {
        "state": "ACT",
        "price": "630",
        "price_per_unit": "315",
        "price_unit": "L"
      }
    ]
  },
  {
    "source_url": "https://www.woolworths.com.au/shop/productdetails/323328/dare-mocha-iced-coffee",
    "name": "Dare Mocha Iced Coffee 500ml",
    "image_url": "https://cdn1.woolworths.media/content/wowproductimages/large/323328.jpg",
    "source_id": "Woolworths - 323328",
    "barcode": "9310232957517",
    "category_id": "1_6E4F4E4",
    "shop": "Woolworths",
    "weight": "1L",
    "prices": [
      {
        "state": "NSW",
        "price": "415",
        "price_per_unit": "830",
        "price_unit": "L"
      },
      {
        "state": "VIC",
        "price": "415",
        "price_per_unit": "830",
        "price_unit": "L"
      },
      {
        "state": "QLD",
        "price": "415",
        "price_per_unit": "830",
        "price_unit": "L"
      },
      {
        "state": "WA",
        "price": "415",
        "price_per_unit": "830",
        "price_unit": "L"
      },
      {
        "state": "SA",
        "price": "420",
        "price_per_unit": "840",
        "price_unit": "L"
      },
      {
        "state": "TAS",
        "price": "400",
        "price_per_unit": "800",
        "price_unit": "L"
      },
      {
        "state": "ACT",
        "price": "415",
        "price_per_unit": "830",
        "price_unit": "L"
      }
    ]
  },
  {
    "source_url": "https://www.woolworths.com.au/shop/productdetails/876991/dare-mocha-iced-coffee-flavoured-milk",
    "name": "Dare Mocha Iced Coffee Flavoured Milk 750ml",
    "image_url": "https://cdn1.woolworths.media/content/wowproductimages/large/876991.jpg",
    "source_id": "Woolworths - 876991",
    "barcode": "9310232957555",
    "category_id": "1_6E4F4E4",
    "shop": "Woolworths",
    "weight": "1L",
    "prices": [
      {
        "state": "NSW",
        "price": "535",
        "price_per_unit": "713",
        "price_unit": "L"
      },
      {
        "state": "VIC",
        "price": "525",
        "price_per_unit": "700",
        "price_unit": "L"
      },
      {
        "state": "QLD",
        "price": "525",
        "price_per_unit": "700",
        "price_unit": "L"
      },
      {
        "state": "WA",
        "price": "525",
        "price_per_unit": "700",
        "price_unit": "L"
      },
      {
        "state": "SA",
        "price": "535",
        "price_per_unit": "713",
        "price_unit": "L"
      },
      {
        "state": "ACT",
        "price": "535",
        "price_per_unit": "713",
        "price_unit": "L"
      }
    ]
  },
  {
    "source_url": "https://www.woolworths.com.au/shop/productdetails/212055/dare-no-added-sugar-triple-espresso-iced-coffee",
    "name": "Dare No Added Sugar Triple Espresso Iced Coffee 500ml",
    "image_url": "https://cdn1.woolworths.media/content/wowproductimages/large/212055.jpg",
    "source_id": "Woolworths - 212055",
    "barcode": "9310232960760",
    "category_id": "1_6E4F4E4",
    "shop": "Woolworths",
    "weight": "1L",
    "prices": [
      {
        "state": "NSW",
        "price": "415",
        "price_per_unit": "830",
        "price_unit": "L"
      },
      {
        "state": "VIC",
        "price": "415",
        "price_per_unit": "830",
        "price_unit": "L"
      },
      {
        "state": "QLD",
        "price": "415",
        "price_per_unit": "830",
        "price_unit": "L"
      },
      {
        "state": "WA",
        "price": "415",
        "price_per_unit": "830",
        "price_unit": "L"
      },
      {
        "state": "SA",
        "price": "420",
        "price_per_unit": "840",
        "price_unit": "L"
      },
      {
        "state": "ACT",
        "price": "415",
        "price_per_unit": "830",
        "price_unit": "L"
      }
    ]
  },
  {
    "source_url": "https://www.woolworths.com.au/shop/productdetails/239524/dare-no-added-sugar-double-espresso-iced-coffee",
    "name": "Dare No Added Sugar Double Espresso Iced Coffee 2l",
    "image_url": "https://cdn1.woolworths.media/content/wowproductimages/large/239524.jpg",
    "source_id": "Woolworths - 239524",
    "barcode": "9310232961231",
    "category_id": "1_6E4F4E4",
    "shop": "Woolworths",
    "weight": "1L",
    "prices": [
      {
        "state": "NSW",
        "price": "630",
        "price_per_unit": "315",
        "price_unit": "L"
      },
      {
        "state": "VIC",
        "price": "630",
        "price_per_unit": "315",
        "price_unit": "L"
      },
      {
        "state": "TAS",
        "price": "630",
        "price_per_unit": "315",
        "price_unit": "L"
      },
      {
        "state": "ACT",
        "price": "630",
        "price_per_unit": "315",
        "price_unit": "L"
      }
    ]
  },
  {
    "source_url": "https://www.woolworths.com.au/shop/productdetails/11076/dare-no-added-sugar-double-espresso-iced-coffee",
    "name": "Dare No Added Sugar Double Espresso Iced Coffee 500ml",
    "image_url": "https://cdn1.woolworths.media/content/wowproductimages/large/011076.jpg",
    "source_id": "Woolworths - 11076",
    "barcode": "9310232959245",
    "category_id": "1_6E4F4E4",
    "shop": "Woolworths",
    "weight": "1L",
    "prices": [
      {
        "state": "NSW",
        "price": "415",
        "price_per_unit": "830",
        "price_unit": "L"
      },
      {
        "state": "VIC",
        "price": "415",
        "price_per_unit": "830",
        "price_unit": "L"
      },
      {
        "state": "QLD",
        "price": "415",
        "price_per_unit": "830",
        "price_unit": "L"
      },
      {
        "state": "WA",
        "price": "415",
        "price_per_unit": "830",
        "price_unit": "L"
      },
      {
        "state": "SA",
        "price": "420",
        "price_per_unit": "840",
        "price_unit": "L"
      },
      {
        "state": "ACT",
        "price": "415",
        "price_per_unit": "830",
        "price_unit": "L"
      },
      {
        "state": "NT",
        "price": "420",
        "price_per_unit": "840",
        "price_unit": "L"
      }
    ]
  },
  {
    "source_url": "https://www.woolworths.com.au/shop/productdetails/26888/dare-no-added-sugar-double-espresso-iced-coffee",
    "name": "Dare No Added Sugar Double Espresso Iced Coffee 750ml",
    "image_url": "https://cdn1.woolworths.media/content/wowproductimages/large/026888.jpg",
    "source_id": "Woolworths - 26888",
    "barcode": "9310232959269",
    "category_id": "1_6E4F4E4",
    "shop": "Woolworths",
    "weight": "1L",
    "prices": [
      {
        "state": "NSW",
        "price": "535",
        "price_per_unit": "713",
        "price_unit": "L"
      },
      {
        "state": "VIC",
        "price": "525",
        "price_per_unit": "700",
        "price_unit": "L"
      },
      {
        "state": "WA",
        "price": "525",
        "price_per_unit": "700",
        "price_unit": "L"
      },
      {
        "state": "SA",
        "price": "535",
        "price_per_unit": "713",
        "price_unit": "L"
      },
      {
        "state": "ACT",
        "price": "535",
        "price_per_unit": "713",
        "price_unit": "L"
      },
      {
        "state": "NT",
        "price": "535",
        "price_per_unit": "713",
        "price_unit": "L"
      }
    ]
  },
  {
    "source_url": "https://www.woolworths.com.au/shop/productdetails/180432/dare-no-added-sugar-espresso-iced-coffee",
    "name": "Dare No Added Sugar Espresso Iced Coffee 500ml",
    "image_url": "https://cdn1.woolworths.media/content/wowproductimages/large/180432.jpg",
    "source_id": "Woolworths - 180432",
    "barcode": "9310232960739",
    "category_id": "1_6E4F4E4",
    "shop": "Woolworths",
    "weight": "1L",
    "prices": [
      {
        "state": "NSW",
        "price": "415",
        "price_per_unit": "830",
        "price_unit": "L"
      },
      {
        "state": "SA",
        "price": "420",
        "price_per_unit": "840",
        "price_unit": "L"
      },
      {
        "state": "ACT",
        "price": "415",
        "price_per_unit": "830",
        "price_unit": "L"
      },
      {
        "state": "NT",
        "price": "420",
        "price_per_unit": "840",
        "price_unit": "L"
      }
    ]
  },
  {
    "source_url": "https://www.woolworths.com.au/shop/productdetails/808368/dare-triple-espresso-iced-coffee",
    "name": "Dare Triple Espresso Iced Coffee 500ml",
    "image_url": "https://cdn1.woolworths.media/content/wowproductimages/large/808368.jpg",
    "source_id": "Woolworths - 808368",
    "barcode": "9310232959078",
    "category_id": "1_6E4F4E4",
    "shop": "Woolworths",
    "weight": "1L",
    "prices": [
      {
        "state": "NSW",
        "price": "415",
        "price_per_unit": "830",
        "price_unit": "L"
      },
      {
        "state": "VIC",
        "price": "415",
        "price_per_unit": "830",
        "price_unit": "L"
      },
      {
        "state": "QLD",
        "price": "415",
        "price_per_unit": "830",
        "price_unit": "L"
      },
      {
        "state": "WA",
        "price": "415",
        "price_per_unit": "830",
        "price_unit": "L"
      },
      {
        "state": "SA",
        "price": "420",
        "price_per_unit": "840",
        "price_unit": "L"
      },
      {
        "state": "ACT",
        "price": "415",
        "price_per_unit": "830",
        "price_unit": "L"
      },
      {
        "state": "NT",
        "price": "420",
        "price_per_unit": "840",
        "price_unit": "L"
      }
    ]
  },
  {
    "source_url": "https://www.woolworths.com.au/shop/productdetails/621268/hunt-and-brew-cold-brew-coffee-brazil",
    "name": "Hunt And Brew Cold Brew Coffee Brazil 400ml",
    "image_url": "https://cdn1.woolworths.media/content/wowproductimages/large/621268.jpg",
    "source_id": "Woolworths - 621268",
    "barcode": "9300662886488",
    "category_id": "1_6E4F4E4",
    "shop": "Woolworths",
    "weight": "1L",
    "prices": [
      {
        "state": "NSW",
        "price": "495",
        "price_per_unit": "1238",
        "price_unit": "L"
      },
      {
        "state": "VIC",
        "price": "495",
        "price_per_unit": "1238",
        "price_unit": "L"
      },
      {
        "state": "QLD",
        "price": "495",
        "price_per_unit": "1238",
        "price_unit": "L"
      },
      {
        "state": "WA",
        "price": "495",
        "price_per_unit": "1238",
        "price_unit": "L"
      }
    ]
  },
  {
    "source_url": "https://www.woolworths.com.au/shop/productdetails/240376/hunt-and-brew-peru-mocha-coffee-milk-drink",
    "name": "Hunt And Brew Peru Mocha Coffee Milk Drink 400ml",
    "image_url": "https://cdn1.woolworths.media/content/wowproductimages/large/240376.jpg",
    "source_id": "Woolworths - 240376",
    "barcode": "9300662888895",
    "category_id": "1_6E4F4E4",
    "shop": "Woolworths",
    "weight": "1L",
    "prices": [
      {
        "state": "NSW",
        "price": "495",
        "price_per_unit": "1238",
        "price_unit": "L"
      },
      {
        "state": "VIC",
        "price": "495",
        "price_per_unit": "1238",
        "price_unit": "L"
      },
      {
        "state": "QLD",
        "price": "495",
        "price_per_unit": "1238",
        "price_unit": "L"
      },
      {
        "state": "WA",
        "price": "495",
        "price_per_unit": "1238",
        "price_unit": "L"
      },
      {
        "state": "SA",
        "price": "495",
        "price_per_unit": "1238",
        "price_unit": "L"
      },
      {
        "state": "ACT",
        "price": "495",
        "price_per_unit": "1238",
        "price_unit": "L"
      },
      {
        "state": "NT",
        "price": "495",
        "price_per_unit": "1238",
        "price_unit": "L"
      }
    ]
  },
  {
    "source_url": "https://www.woolworths.com.au/shop/productdetails/238549/ice-break-iced-coffee-lactose-free",
    "name": "Ice Break Iced Coffee Lactose Free 500ml",
    "image_url": "https://cdn1.woolworths.media/content/wowproductimages/large/238549.jpg",
    "source_id": "Woolworths - 238549",
    "barcode": "9310036078005",
    "category_id": "1_6E4F4E4",
    "shop": "Woolworths",
    "weight": "1L",
    "prices": [
      {
        "state": "NSW",
        "price": "290",
        "price_per_unit": "580",
        "price_unit": "L"
      },
      {
        "state": "SA",
        "price": "290",
        "price_per_unit": "580",
        "price_unit": "L"
      },
      {
        "state": "ACT",
        "price": "290",
        "price_per_unit": "580",
        "price_unit": "L"
      },
      {
        "state": "NT",
        "price": "290",
        "price_per_unit": "580",
        "price_unit": "L"
      }
    ]
  },
  {
    "source_url": "https://www.woolworths.com.au/shop/productdetails/86538/ice-break-iced-coffee-regular-flavoured-milk",
    "name": "Ice Break Iced Coffee Regular Flavoured Milk 500mL",
    "image_url": "https://cdn1.woolworths.media/content/wowproductimages/large/086538.jpg",
    "source_id": "Woolworths - 86538",
    "barcode": "9310036017011",
    "category_id": "1_6E4F4E4",
    "shop": "Woolworths",
    "weight": "1L",
    "prices": [
      {
        "state": "NSW",
        "price": "290",
        "price_per_unit": "580",
        "price_unit": "L"
      },
      {
        "state": "VIC",
        "price": "290",
        "price_per_unit": "580",
        "price_unit": "L"
      },
      {
        "state": "QLD",
        "price": "290",
        "price_per_unit": "580",
        "price_unit": "L"
      },
      {
        "state": "ACT",
        "price": "290",
        "price_per_unit": "580",
        "price_unit": "L"
      },
      {
        "state": "NT",
        "price": "290",
        "price_per_unit": "580",
        "price_unit": "L"
      }
    ]
  },
  {
    "source_url": "https://www.woolworths.com.au/shop/productdetails/120981/ice-break-iced-coffee-regular-flavoured-milk",
    "name": "Ice Break Iced Coffee Regular Flavoured Milk 750mL",
    "image_url": "https://cdn1.woolworths.media/content/wowproductimages/large/120981.jpg",
    "source_id": "Woolworths - 120981",
    "barcode": "9310036016106",
    "category_id": "1_6E4F4E4",
    "shop": "Woolworths",
    "weight": "1L",
    "prices": [
      {
        "state": "NSW",
        "price": "495",
        "price_per_unit": "660",
        "price_unit": "L"
      },
      {
        "state": "VIC",
        "price": "525",
        "price_per_unit": "700",
        "price_unit": "L"
      },
      {
        "state": "QLD",
        "price": "525",
        "price_per_unit": "700",
        "price_unit": "L"
      },
      {
        "state": "ACT",
        "price": "495",
        "price_per_unit": "660",
        "price_unit": "L"
      },
      {
        "state": "NT",
        "price": "495",
        "price_per_unit": "660",
        "price_unit": "L"
      }
    ]
  },
  {
    "source_url": "https://www.woolworths.com.au/shop/productdetails/375554/ice-break-iced-coffee-triple-shot-flavoured-milk",
    "name": "Ice Break Iced Coffee Triple Shot Flavoured Milk 750mL",
    "image_url": "https://cdn1.woolworths.media/content/wowproductimages/large/375554.jpg",
    "source_id": "Woolworths - 375554",
    "barcode": "9310036041337",
    "category_id": "1_6E4F4E4",
    "shop": "Woolworths",
    "weight": "1L",
    "prices": [
      {
        "state": "NSW",
        "price": "495",
        "price_per_unit": "660",
        "price_unit": "L"
      },
      {
        "state": "VIC",
        "price": "525",
        "price_per_unit": "700",
        "price_unit": "L"
      },
      {
        "state": "QLD",
        "price": "525",
        "price_per_unit": "700",
        "price_unit": "L"
      },
      {
        "state": "ACT",
        "price": "495",
        "price_per_unit": "660",
        "price_unit": "L"
      },
      {
        "state": "NT",
        "price": "495",
        "price_per_unit": "660",
        "price_unit": "L"
      }
    ]
  },
  {
    "source_url": "https://www.woolworths.com.au/shop/productdetails/623659/nestle-milo-energy-dairy-snack-snack-pouch",
    "name": "Nestle Milo Energy Dairy Snack 150g",
    "image_url": "https://cdn1.woolworths.media/content/wowproductimages/large/623659.jpg",
    "source_id": "Woolworths - 623659",
    "barcode": "9310036063384",
    "category_id": "1_6E4F4E4",
    "shop": "Woolworths",
    "weight": "100G",
    "prices": [
      {
        "state": "NSW",
        "price": "250",
        "price_per_unit": "167",
        "price_unit": "G"
      },
      {
        "state": "VIC",
        "price": "250",
        "price_per_unit": "167",
        "price_unit": "G"
      },
      {
        "state": "QLD",
        "price": "250",
        "price_per_unit": "167",
        "price_unit": "G"
      },
      {
        "state": "WA",
        "price": "250",
        "price_per_unit": "167",
        "price_unit": "G"
      },
      {
        "state": "SA",
        "price": "250",
        "price_per_unit": "167",
        "price_unit": "G"
      },
      {
        "state": "TAS",
        "price": "250",
        "price_per_unit": "167",
        "price_unit": "G"
      },
      {
        "state": "ACT",
        "price": "250",
        "price_per_unit": "167",
        "price_unit": "G"
      },
      {
        "state": "NT",
        "price": "250",
        "price_per_unit": "167",
        "price_unit": "G"
      }
    ]
  },
  {
    "source_url": "https://www.woolworths.com.au/shop/productdetails/118010/norco-minecraft-flavoured-milk-caramel",
    "name": "Norco Minecraft Flavoured Milk Caramel 375mL",
    "image_url": "https://cdn1.woolworths.media/content/wowproductimages/large/118010.jpg",
    "source_id": "Woolworths - 118010",
    "barcode": "9310272022503",
    "category_id": "1_6E4F4E4",
    "shop": "Woolworths",
    "weight": "1L",
    "prices": [
      {
        "state": "NSW",
        "price": "350",
        "price_per_unit": "933",
        "price_unit": "L"
      },
      {
        "state": "VIC",
        "price": "350",
        "price_per_unit": "933",
        "price_unit": "L"
      },
      {
        "state": "QLD",
        "price": "350",
        "price_per_unit": "933",
        "price_unit": "L"
      }
    ]
  },
  {
    "source_url": "https://www.woolworths.com.au/shop/productdetails/118815/norco-minecraft-flavoured-milk-chocolate",
    "name": "Norco Minecraft Flavoured Milk Chocolate 375mL",
    "image_url": "https://cdn1.woolworths.media/content/wowproductimages/large/118815.jpg",
    "source_id": "Woolworths - 118815",
    "barcode": "9310272002482",
    "category_id": "1_6E4F4E4",
    "shop": "Woolworths",
    "weight": "1L",
    "prices": [
      {
        "state": "NSW",
        "price": "350",
        "price_per_unit": "933",
        "price_unit": "L"
      },
      {
        "state": "VIC",
        "price": "350",
        "price_per_unit": "933",
        "price_unit": "L"
      },
      {
        "state": "QLD",
        "price": "350",
        "price_per_unit": "933",
        "price_unit": "L"
      }
    ]
  },
  {
    "source_url": "https://www.woolworths.com.au/shop/productdetails/378561/oak-banana-flavoured-milk",
    "name": "OAK Banana Flavoured Milk 600mL",
    "image_url": "https://cdn1.woolworths.media/content/wowproductimages/large/378561.jpg",
    "source_id": "Woolworths - 378561",
    "barcode": "9342584034899",
    "category_id": "1_6E4F4E4",
    "shop": "Woolworths",
    "weight": "1L",
    "prices": [
      {
        "state": "NSW",
        "price": "290",
        "price_per_unit": "483",
        "price_unit": "L"
      }
    ]
  },
  {
    "source_url": "https://www.woolworths.com.au/shop/productdetails/10384/oak-chocolate-flavoured-milk",
    "name": "OAK Chocolate Flavoured Milk 2L",
    "image_url": "https://cdn1.woolworths.media/content/wowproductimages/large/010384.jpg",
    "source_id": "Woolworths - 10384",
    "barcode": "9342584070033",
    "category_id": "1_6E4F4E4",
    "shop": "Woolworths",
    "weight": "1L",
    "prices": [
      {
        "state": "NSW",
        "price": "650",
        "price_per_unit": "325",
        "price_unit": "L"
      },
      {
        "state": "VIC",
        "price": "650",
        "price_per_unit": "325",
        "price_unit": "L"
      },
      {
        "state": "ACT",
        "price": "650",
        "price_per_unit": "325",
        "price_unit": "L"
      },
      {
        "state": "NT",
        "price": "650",
        "price_per_unit": "325",
        "price_unit": "L"
      }
    ]
  },
  {
    "source_url": "https://www.woolworths.com.au/shop/productdetails/757139/oak-chocolate-flavoured-milk",
    "name": "OAK Chocolate Flavoured Milk 300mL",
    "image_url": "https://cdn1.woolworths.media/content/wowproductimages/large/757139.jpg",
    "source_id": "Woolworths - 757139",
    "barcode": "9342584034868",
    "category_id": "1_6E4F4E4",
    "shop": "Woolworths",
    "weight": "1L",
    "prices": [
      {
        "state": "NSW",
        "price": "260",
        "price_per_unit": "867",
        "price_unit": "L"
      },
      {
        "state": "ACT",
        "price": "260",
        "price_per_unit": "867",
        "price_unit": "L"
      }
    ]
  },
  {
    "source_url": "https://www.woolworths.com.au/shop/productdetails/48728/oak-chocolate-flavoured-milk",
    "name": "OAK Chocolate Flavoured Milk 600mL",
    "image_url": "https://cdn1.woolworths.media/content/wowproductimages/large/048728.jpg",
    "source_id": "Woolworths - 48728",
    "barcode": "9342584073898",
    "category_id": "1_6E4F4E4",
    "shop": "Woolworths",
    "weight": "1L",
    "prices": [
      {
        "state": "NSW",
        "price": "290",
        "price_per_unit": "483",
        "price_unit": "L"
      },
      {
        "state": "VIC",
        "price": "290",
        "price_per_unit": "483",
        "price_unit": "L"
      },
      {
        "state": "QLD",
        "price": "290",
        "price_per_unit": "483",
        "price_unit": "L"
      },
      {
        "state": "ACT",
        "price": "290",
        "price_per_unit": "483",
        "price_unit": "L"
      },
      {
        "state": "NT",
        "price": "290",
        "price_per_unit": "483",
        "price_unit": "L"
      }
    ]
  },
  {
    "source_url": "https://www.woolworths.com.au/shop/productdetails/727161/oak-chocolate-flavoured-milk",
    "name": "OAK Chocolate Flavoured Milk 750mL",
    "image_url": "https://cdn1.woolworths.media/content/wowproductimages/large/727161.jpg",
    "source_id": "Woolworths - 727161",
    "barcode": "9342584042115",
    "category_id": "1_6E4F4E4",
    "shop": "Woolworths",
    "weight": "1L",
    "prices": [
      {
        "state": "NSW",
        "price": "490",
        "price_per_unit": "653",
        "price_unit": "L"
      },
      {
        "state": "VIC",
        "price": "490",
        "price_per_unit": "653",
        "price_unit": "L"
      },
      {
        "state": "QLD",
        "price": "490",
        "price_per_unit": "653",
        "price_unit": "L"
      },
      {
        "state": "SA",
        "price": "490",
        "price_per_unit": "653",
        "price_unit": "L"
      },
      {
        "state": "ACT",
        "price": "490",
        "price_per_unit": "653",
        "price_unit": "L"
      }
    ]
  },
  {
    "source_url": "https://www.woolworths.com.au/shop/productdetails/68971/oak-iced-coffee-flavoured-milk",
    "name": "OAK Iced Coffee Flavoured Milk 600mL",
    "image_url": "https://cdn1.woolworths.media/content/wowproductimages/large/068971.jpg",
    "source_id": "Woolworths - 68971",
    "barcode": "9310295083598",
    "category_id": "1_6E4F4E4",
    "shop": "Woolworths",
    "weight": "1L",
    "prices": [
      {
        "state": "NSW",
        "price": "290",
        "price_per_unit": "483",
        "price_unit": "L"
      },
      {
        "state": "ACT",
        "price": "290",
        "price_per_unit": "483",
        "price_unit": "L"
      }
    ]
  },
  {
    "source_url": "https://www.woolworths.com.au/shop/productdetails/121121/oak-plus-vanilla-flavoured-milk-no-added-sugar-30g-protein",
    "name": "OAK Plus Vanilla Flavoured Milk No Added Sugar, 30g Protein 500ml",
    "image_url": "https://cdn1.woolworths.media/content/wowproductimages/large/121121.jpg",
    "source_id": "Woolworths - 121121",
    "barcode": "9310036070535",
    "category_id": "1_6E4F4E4",
    "shop": "Woolworths",
    "weight": "1L",
    "prices": [
      {
        "state": "NSW",
        "price": "360",
        "price_per_unit": "720",
        "price_unit": "L"
      },
      {
        "state": "WA",
        "price": "360",
        "price_per_unit": "720",
        "price_unit": "L"
      },
      {
        "state": "SA",
        "price": "360",
        "price_per_unit": "720",
        "price_unit": "L"
      },
      {
        "state": "ACT",
        "price": "360",
        "price_per_unit": "720",
        "price_unit": "L"
      }
    ]
  },
  {
    "source_url": "https://www.woolworths.com.au/shop/productdetails/481884/oak-strawberry-flavoured-milk",
    "name": "OAK Strawberry Flavoured Milk 2L",
    "image_url": "https://cdn1.woolworths.media/content/wowproductimages/large/481884.jpg",
    "source_id": "Woolworths - 481884",
    "barcode": "9342584071238",
    "category_id": "1_6E4F4E4",
    "shop": "Woolworths",
    "weight": "1L",
    "prices": [
      {
        "state": "NSW",
        "price": "650",
        "price_per_unit": "325",
        "price_unit": "L"
      },
      {
        "state": "ACT",
        "price": "650",
        "price_per_unit": "325",
        "price_unit": "L"
      }
    ]
  },
  {
    "source_url": "https://www.woolworths.com.au/shop/productdetails/757154/oak-strawberry-flavoured-milk",
    "name": "OAK Strawberry Flavoured Milk 300mL",
    "image_url": "https://cdn1.woolworths.media/content/wowproductimages/large/757154.jpg",
    "source_id": "Woolworths - 757154",
    "barcode": "9342584034967",
    "category_id": "1_6E4F4E4",
    "shop": "Woolworths",
    "weight": "1L",
    "prices": [
      {
        "state": "NSW",
        "price": "260",
        "price_per_unit": "867",
        "price_unit": "L"
      },
      {
        "state": "ACT",
        "price": "260",
        "price_per_unit": "867",
        "price_unit": "L"
      }
    ]
  },
  {
    "source_url": "https://www.woolworths.com.au/shop/productdetails/48729/oak-strawberry-flavoured-milk",
    "name": "OAK Strawberry Flavoured Milk 600mL",
    "image_url": "https://cdn1.woolworths.media/content/wowproductimages/large/048729.jpg",
    "source_id": "Woolworths - 48729",
    "barcode": "9342584071948",
    "category_id": "1_6E4F4E4",
    "shop": "Woolworths",
    "weight": "1L",
    "prices": [
      {
        "state": "NSW",
        "price": "290",
        "price_per_unit": "483",
        "price_unit": "L"
      },
      {
        "state": "VIC",
        "price": "290",
        "price_per_unit": "483",
        "price_unit": "L"
      },
      {
        "state": "QLD",
        "price": "290",
        "price_per_unit": "483",
        "price_unit": "L"
      },
      {
        "state": "ACT",
        "price": "290",
        "price_per_unit": "483",
        "price_unit": "L"
      },
      {
        "state": "NT",
        "price": "290",
        "price_per_unit": "483",
        "price_unit": "L"
      }
    ]
  },
  {
    "source_url": "https://www.woolworths.com.au/shop/productdetails/550583/oak-strawberry-flavoured-milk",
    "name": "OAK Strawberry Flavoured Milk 750mL",
    "image_url": "https://cdn1.woolworths.media/content/wowproductimages/large/550583.jpg",
    "source_id": "Woolworths - 550583",
    "barcode": "9310036047933",
    "category_id": "1_6E4F4E4",
    "shop": "Woolworths",
    "weight": "1L",
    "prices": [
      {
        "state": "NSW",
        "price": "490",
        "price_per_unit": "653",
        "price_unit": "L"
      },
      {
        "state": "SA",
        "price": "490",
        "price_per_unit": "653",
        "price_unit": "L"
      },
      {
        "state": "ACT",
        "price": "490",
        "price_per_unit": "653",
        "price_unit": "L"
      }
    ]
  },
  {
    "source_url": "https://www.woolworths.com.au/shop/productdetails/157312/oak-vanilla-malt-flavoured-milk",
    "name": "OAK Vanilla Malt Flavoured Milk 2L",
    "image_url": "https://cdn1.woolworths.media/content/wowproductimages/large/157312.jpg",
    "source_id": "Woolworths - 157312",
    "barcode": "9310036075424",
    "category_id": "1_6E4F4E4",
    "shop": "Woolworths",
    "weight": "1L",
    "prices": [
      {
        "state": "NSW",
        "price": "650",
        "price_per_unit": "325",
        "price_unit": "L"
      }
    ]
  },
  {
    "source_url": "https://www.woolworths.com.au/shop/productdetails/9537/oak-vanilla-malt-flavoured-milk",
    "name": "OAK Vanilla Malt Flavoured Milk 600mL",
    "image_url": "https://cdn1.woolworths.media/content/wowproductimages/large/009537.jpg",
    "source_id": "Woolworths - 9537",
    "barcode": "9342584070804",
    "category_id": "1_6E4F4E4",
    "shop": "Woolworths",
    "weight": "1L",
    "prices": [
      {
        "state": "NSW",
        "price": "290",
        "price_per_unit": "483",
        "price_unit": "L"
      },
      {
        "state": "ACT",
        "price": "290",
        "price_per_unit": "483",
        "price_unit": "L"
      }
    ]
  },
  {
    "source_url": "https://www.woolworths.com.au/shop/productdetails/156078/pauls-bluey-chocolate-flavoured-milk",
    "name": "Pauls Bluey Chocolate Flavoured Milk 250mL",
    "image_url": "https://cdn1.woolworths.media/content/wowproductimages/large/156078.jpg",
    "source_id": "Woolworths - 156078",
    "barcode": "9310036077886",
    "category_id": "1_6E4F4E4",
    "shop": "Woolworths",
    "weight": "1L",
    "prices": [
      {
        "state": "NSW",
        "price": "240",
        "price_per_unit": "960",
        "price_unit": "L"
      },
      {
        "state": "VIC",
        "price": "240",
        "price_per_unit": "960",
        "price_unit": "L"
      },
      {
        "state": "QLD",
        "price": "240",
        "price_per_unit": "960",
        "price_unit": "L"
      },
      {
        "state": "WA",
        "price": "240",
        "price_per_unit": "960",
        "price_unit": "L"
      },
      {
        "state": "SA",
        "price": "240",
        "price_per_unit": "960",
        "price_unit": "L"
      },
      {
        "state": "TAS",
        "price": "230",
        "price_per_unit": "920",
        "price_unit": "L"
      },
      {
        "state": "ACT",
        "price": "240",
        "price_per_unit": "960",
        "price_unit": "L"
      },
      {
        "state": "NT",
        "price": "240",
        "price_per_unit": "960",
        "price_unit": "L"
      }
    ]
  },
  {
    "source_url": "https://www.woolworths.com.au/shop/productdetails/155910/pauls-bluey-strawberry-flavoured-milk",
    "name": "Pauls Bluey Strawberry Flavoured Milk 250mL",
    "image_url": "https://cdn1.woolworths.media/content/wowproductimages/large/155910.jpg",
    "source_id": "Woolworths - 155910",
    "barcode": "9310036077893",
    "category_id": "1_6E4F4E4",
    "shop": "Woolworths",
    "weight": "1L",
    "prices": [
      {
        "state": "NSW",
        "price": "240",
        "price_per_unit": "960",
        "price_unit": "L"
      },
      {
        "state": "VIC",
        "price": "240",
        "price_per_unit": "960",
        "price_unit": "L"
      },
      {
        "state": "QLD",
        "price": "240",
        "price_per_unit": "960",
        "price_unit": "L"
      },
      {
        "state": "WA",
        "price": "240",
        "price_per_unit": "960",
        "price_unit": "L"
      },
      {
        "state": "SA",
        "price": "240",
        "price_per_unit": "960",
        "price_unit": "L"
      },
      {
        "state": "TAS",
        "price": "230",
        "price_per_unit": "920",
        "price_unit": "L"
      },
      {
        "state": "ACT",
        "price": "240",
        "price_per_unit": "960",
        "price_unit": "L"
      },
      {
        "state": "NT",
        "price": "240",
        "price_per_unit": "960",
        "price_unit": "L"
      }
    ]
  },
  {
    "source_url": "https://www.woolworths.com.au/shop/productdetails/122299/suntory-boss-coffee-iced-latte-cans",
    "name": "Suntory Boss Coffee Iced Latte Cans 237ml x4 Pack",
    "image_url": "https://cdn1.woolworths.media/content/wowproductimages/large/122299.jpg",
    "source_id": "Woolworths - 122299",
    "barcode": "9415767068216",
    "category_id": "1_6E4F4E4",
    "shop": "Woolworths",
    "weight": "100ML",
    "prices": [
      {
        "state": "NSW",
        "price": "1400",
        "price_per_unit": "148",
        "price_unit": "ML"
      },
      {
        "state": "VIC",
        "price": "1400",
        "price_per_unit": "148",
        "price_unit": "ML"
      },
      {
        "state": "QLD",
        "price": "1400",
        "price_per_unit": "148",
        "price_unit": "ML"
      },
      {
        "state": "SA",
        "price": "1400",
        "price_per_unit": "148",
        "price_unit": "ML"
      },
      {
        "state": "TAS",
        "price": "1345",
        "price_per_unit": "142",
        "price_unit": "ML"
      },
      {
        "state": "ACT",
        "price": "1400",
        "price_per_unit": "148",
        "price_unit": "ML"
      },
      {
        "state": "NT",
        "price": "1400",
        "price_per_unit": "148",
        "price_unit": "ML"
      }
    ]
  },
  {
    "source_url": "https://www.woolworths.com.au/shop/productdetails/121501/pauls-zymil-iced-coffee-lactose-free-flavoured-milk",
    "name": "Pauls Zymil Iced Coffee Lactose Free Flavoured Milk 400ml",
    "image_url": "https://cdn1.woolworths.media/content/wowproductimages/large/121501.jpg",
    "source_id": "Woolworths - 121501",
    "barcode": "9310036064084",
    "category_id": "1_6E4F4E4",
    "shop": "Woolworths",
    "weight": "1L",
    "prices": [
      {
        "state": "NSW",
        "price": "400",
        "price_per_unit": "1000",
        "price_unit": "L"
      },
      {
        "state": "SA",
        "price": "400",
        "price_per_unit": "1000",
        "price_unit": "L"
      },
      {
        "state": "ACT",
        "price": "400",
        "price_per_unit": "1000",
        "price_unit": "L"
      },
      {
        "state": "NT",
        "price": "400",
        "price_per_unit": "1000",
        "price_unit": "L"
      }
    ]
  },
  {
    "source_url": "https://www.woolworths.com.au/shop/productdetails/55324/rokeby-bold-brew-iced-latte",
    "name": "Rokeby Bold Brew Iced Latte 500mL",
    "image_url": "https://cdn1.woolworths.media/content/wowproductimages/large/055324.jpg",
    "source_id": "Woolworths - 55324",
    "barcode": "9336243005290",
    "category_id": "1_6E4F4E4",
    "shop": "Woolworths",
    "weight": "1L",
    "prices": [
      {
        "state": "NSW",
        "price": "450",
        "price_per_unit": "900",
        "price_unit": "L"
      },
      {
        "state": "VIC",
        "price": "450",
        "price_per_unit": "900",
        "price_unit": "L"
      },
      {
        "state": "QLD",
        "price": "450",
        "price_per_unit": "900",
        "price_unit": "L"
      },
      {
        "state": "WA",
        "price": "450",
        "price_per_unit": "900",
        "price_unit": "L"
      },
      {
        "state": "SA",
        "price": "450",
        "price_per_unit": "900",
        "price_unit": "L"
      },
      {
        "state": "NT",
        "price": "450",
        "price_per_unit": "900",
        "price_unit": "L"
      }
    ]
  },
  {
    "source_url": "https://www.woolworths.com.au/shop/productdetails/55304/rokeby-bold-brew-iced-mocha",
    "name": "Rokeby Bold Brew Iced Mocha 500mL",
    "image_url": "https://cdn1.woolworths.media/content/wowproductimages/large/055304.jpg",
    "source_id": "Woolworths - 55304",
    "barcode": "9336243005313",
    "category_id": "1_6E4F4E4",
    "shop": "Woolworths",
    "weight": "1L",
    "prices": [
      {
        "state": "NSW",
        "price": "450",
        "price_per_unit": "900",
        "price_unit": "L"
      },
      {
        "state": "VIC",
        "price": "450",
        "price_per_unit": "900",
        "price_unit": "L"
      },
      {
        "state": "QLD",
        "price": "450",
        "price_per_unit": "900",
        "price_unit": "L"
      },
      {
        "state": "WA",
        "price": "450",
        "price_per_unit": "900",
        "price_unit": "L"
      },
      {
        "state": "SA",
        "price": "450",
        "price_per_unit": "900",
        "price_unit": "L"
      },
      {
        "state": "NT",
        "price": "450",
        "price_per_unit": "900",
        "price_unit": "L"
      }
    ]
  },
  {
    "source_url": "https://www.woolworths.com.au/shop/productdetails/788553/rokeby-protein-smoothie-banana-honey-cinnamon",
    "name": "Rokeby Protein Smoothie Banana Honey Cinnamon 425mL",
    "image_url": "https://cdn1.woolworths.media/content/wowproductimages/large/788553.jpg",
    "source_id": "Woolworths - 788553",
    "barcode": "9336243005009",
    "category_id": "1_6E4F4E4",
    "shop": "Woolworths",
    "weight": "1L",
    "prices": [
      {
        "state": "NSW",
        "price": "465",
        "price_per_unit": "1094",
        "price_unit": "L"
      },
      {
        "state": "VIC",
        "price": "460",
        "price_per_unit": "1082",
        "price_unit": "L"
      },
      {
        "state": "WA",
        "price": "465",
        "price_per_unit": "1094",
        "price_unit": "L"
      },
      {
        "state": "SA",
        "price": "465",
        "price_per_unit": "1094",
        "price_unit": "L"
      },
      {
        "state": "ACT",
        "price": "465",
        "price_per_unit": "1094",
        "price_unit": "L"
      },
      {
        "state": "NT",
        "price": "465",
        "price_per_unit": "1094",
        "price_unit": "L"
      }
    ]
  },
  {
    "source_url": "https://www.woolworths.com.au/shop/productdetails/771258/rokeby-protein-smoothie-dutch-chocolate",
    "name": "Rokeby Protein Smoothie Dutch Chocolate 425mL",
    "image_url": "https://cdn1.woolworths.media/content/wowproductimages/large/771258.jpg",
    "source_id": "Woolworths - 771258",
    "barcode": "9336243005023",
    "category_id": "1_6E4F4E4",
    "shop": "Woolworths",
    "weight": "1L",
    "prices": [
      {
        "state": "NSW",
        "price": "465",
        "price_per_unit": "1094",
        "price_unit": "L"
      },
      {
        "state": "VIC",
        "price": "460",
        "price_per_unit": "1082",
        "price_unit": "L"
      },
      {
        "state": "WA",
        "price": "465",
        "price_per_unit": "1094",
        "price_unit": "L"
      },
      {
        "state": "SA",
        "price": "465",
        "price_per_unit": "1094",
        "price_unit": "L"
      },
      {
        "state": "ACT",
        "price": "465",
        "price_per_unit": "1094",
        "price_unit": "L"
      },
      {
        "state": "NT",
        "price": "465",
        "price_per_unit": "1094",
        "price_unit": "L"
      }
    ]
  },
  {
    "source_url": "https://www.woolworths.com.au/shop/productdetails/65575/suntory-boss-coffee-iced-latte",
    "name": "Suntory Boss Coffee Iced Latte 237ml",
    "image_url": "https://cdn1.woolworths.media/content/wowproductimages/large/065575.jpg",
    "source_id": "Woolworths - 65575",
    "barcode": "9415767068018",
    "category_id": "1_6E4F4E4",
    "shop": "Woolworths",
    "weight": "1L",
    "prices": [
      {
        "state": "NSW",
        "price": "250",
        "price_per_unit": "1055",
        "price_unit": "L"
      },
      {
        "state": "WA",
        "price": "250",
        "price_per_unit": "1055",
        "price_unit": "L"
      },
      {
        "state": "SA",
        "price": "250",
        "price_per_unit": "1055",
        "price_unit": "L"
      },
      {
        "state": "TAS",
        "price": "250",
        "price_per_unit": "1055",
        "price_unit": "L"
      },
      {
        "state": "ACT",
        "price": "250",
        "price_per_unit": "1055",
        "price_unit": "L"
      },
      {
        "state": "NT",
        "price": "250",
        "price_per_unit": "1055",
        "price_unit": "L"
      }
    ]
  },
  {
    "source_url": "https://www.woolworths.com.au/shop/productdetails/66122/suntory-boss-coffee-iced-long-black",
    "name": "Suntory Boss Coffee Iced Long Black 237ml",
    "image_url": "https://cdn1.woolworths.media/content/wowproductimages/large/066122.jpg",
    "source_id": "Woolworths - 66122",
    "barcode": "9415767068001",
    "category_id": "1_6E4F4E4",
    "shop": "Woolworths",
    "weight": "1L",
    "prices": [
      {
        "state": "NSW",
        "price": "250",
        "price_per_unit": "1055",
        "price_unit": "L"
      },
      {
        "state": "WA",
        "price": "250",
        "price_per_unit": "1055",
        "price_unit": "L"
      },
      {
        "state": "SA",
        "price": "250",
        "price_per_unit": "1055",
        "price_unit": "L"
      },
      {
        "state": "TAS",
        "price": "250",
        "price_per_unit": "1055",
        "price_unit": "L"
      },
      {
        "state": "ACT",
        "price": "250",
        "price_per_unit": "1055",
        "price_unit": "L"
      },
      {
        "state": "NT",
        "price": "250",
        "price_per_unit": "1055",
        "price_unit": "L"
      }
    ]
  },
  {
    "source_url": "https://www.woolworths.com.au/shop/productdetails/175034/suntory-boss-iced-coffee-double-espresso",
    "name": "Suntory Boss Iced Coffee Double Espresso 237ml",
    "image_url": "https://cdn1.woolworths.media/content/wowproductimages/large/175034.jpg",
    "source_id": "Woolworths - 175034",
    "barcode": "9415767068049",
    "category_id": "1_6E4F4E4",
    "shop": "Woolworths",
    "weight": "1L",
    "prices": [
      {
        "state": "NSW",
        "price": "250",
        "price_per_unit": "1055",
        "price_unit": "L"
      },
      {
        "state": "SA",
        "price": "250",
        "price_per_unit": "1055",
        "price_unit": "L"
      },
      {
        "state": "ACT",
        "price": "250",
        "price_per_unit": "1055",
        "price_unit": "L"
      }
    ]
  },
  {
    "source_url": "https://www.woolworths.com.au/shop/productdetails/804693/the-man-shake-fuel-chocolate-health-shake",
    "name": "The Man Shake Fuel Chocolate Health Shake 375mL",
    "image_url": "https://cdn1.woolworths.media/content/wowproductimages/large/804693.jpg",
    "source_id": "Woolworths - 804693",
    "barcode": "9348378000125",
    "category_id": "1_6E4F4E4",
    "shop": "Woolworths",
    "weight": "1L",
    "prices": [
      {
        "state": "NSW",
        "price": "550",
        "price_per_unit": "1467",
        "price_unit": "L"
      },
      {
        "state": "WA",
        "price": "550",
        "price_per_unit": "1467",
        "price_unit": "L"
      },
      {
        "state": "SA",
        "price": "550",
        "price_per_unit": "1467",
        "price_unit": "L"
      },
      {
        "state": "ACT",
        "price": "550",
        "price_per_unit": "1467",
        "price_unit": "L"
      },
      {
        "state": "NT",
        "price": "550",
        "price_per_unit": "1467",
        "price_unit": "L"
      }
    ]
  },
  {
    "source_url": "https://www.woolworths.com.au/shop/productdetails/676037/the-man-shake-fuel-high-protein-health-shake-iced-coffee",
    "name": "The Man Shake Fuel High Protein Health Shake Iced Coffee 375mL",
    "image_url": "https://cdn1.woolworths.media/content/wowproductimages/large/676037.jpg",
    "source_id": "Woolworths - 676037",
    "barcode": "9348378000132",
    "category_id": "1_6E4F4E4",
    "shop": "Woolworths",
    "weight": "1L",
    "prices": [
      {
        "state": "NSW",
        "price": "550",
        "price_per_unit": "1467",
        "price_unit": "L"
      },
      {
        "state": "QLD",
        "price": "550",
        "price_per_unit": "1467",
        "price_unit": "L"
      },
      {
        "state": "WA",
        "price": "550",
        "price_per_unit": "1467",
        "price_unit": "L"
      },
      {
        "state": "ACT",
        "price": "550",
        "price_per_unit": "1467",
        "price_unit": "L"
      },
      {
        "state": "NT",
        "price": "550",
        "price_per_unit": "1467",
        "price_unit": "L"
      }
    ]
  },
  {
    "source_url": "https://www.woolworths.com.au/shop/productdetails/190840/up-go-protein-energize-strawberry-flavour-drink",
    "name": "Up&Go Protein Energize Strawberry Flavour Drink 500mL",
    "image_url": "https://cdn1.woolworths.media/content/wowproductimages/large/190840.jpg",
    "source_id": "Woolworths - 190840",
    "barcode": "9300652810486",
    "category_id": "1_6E4F4E4",
    "shop": "Woolworths",
    "weight": "1L",
    "prices": [
      {
        "state": "NSW",
        "price": "440",
        "price_per_unit": "880",
        "price_unit": "L"
      },
      {
        "state": "QLD",
        "price": "440",
        "price_per_unit": "880",
        "price_unit": "L"
      },
      {
        "state": "WA",
        "price": "440",
        "price_per_unit": "880",
        "price_unit": "L"
      },
      {
        "state": "SA",
        "price": "440",
        "price_per_unit": "880",
        "price_unit": "L"
      },
      {
        "state": "TAS",
        "price": "440",
        "price_per_unit": "880",
        "price_unit": "L"
      },
      {
        "state": "ACT",
        "price": "440",
        "price_per_unit": "880",
        "price_unit": "L"
      },
      {
        "state": "NT",
        "price": "440",
        "price_per_unit": "880",
        "price_unit": "L"
      }
    ]
  },
  {
    "source_url": "https://www.woolworths.com.au/shop/productdetails/807017/vitasoy-almond-double-espresso",
    "name": "Vitasoy Almond Double Espresso 330ml",
    "image_url": "https://cdn1.woolworths.media/content/wowproductimages/large/807017.jpg",
    "source_id": "Woolworths - 807017",
    "barcode": "9341650001223",
    "category_id": "1_6E4F4E4",
    "shop": "Woolworths",
    "weight": "1L",
    "prices": [
      {
        "state": "NSW",
        "price": "360",
        "price_per_unit": "1091",
        "price_unit": "L"
      },
      {
        "state": "WA",
        "price": "360",
        "price_per_unit": "1091",
        "price_unit": "L"
      },
      {
        "state": "NT",
        "price": "360",
        "price_per_unit": "1091",
        "price_unit": "L"
      }
    ]
  },
  {
    "source_url": "https://www.woolworths.com.au/shop/productdetails/807018/vitasoy-almond-milk-chocolate",
    "name": "Vitasoy Almond Milk Chocolate 330ml",
    "image_url": "https://cdn1.woolworths.media/content/wowproductimages/large/807018.jpg",
    "source_id": "Woolworths - 807018",
    "barcode": "9341650001230",
    "category_id": "1_6E4F4E4",
    "shop": "Woolworths",
    "weight": "1L",
    "prices": [
      {
        "state": "NSW",
        "price": "360",
        "price_per_unit": "1091",
        "price_unit": "L"
      },
      {
        "state": "SA",
        "price": "360",
        "price_per_unit": "1091",
        "price_unit": "L"
      },
      {
        "state": "NT",
        "price": "360",
        "price_per_unit": "1091",
        "price_unit": "L"
      }
    ]
  },
  {
    "source_url": "https://www.woolworths.com.au/shop/productdetails/212722/vitasoy-oat-milk-cafe-latte",
    "name": "Vitasoy Oat Milk Cafe Latte 330ml",
    "image_url": "https://cdn1.woolworths.media/content/wowproductimages/large/212722.jpg",
    "source_id": "Woolworths - 212722",
    "barcode": "9341650001407",
    "category_id": "1_6E4F4E4",
    "shop": "Woolworths",
    "weight": "1L",
    "prices": [
      {
        "state": "NSW",
        "price": "360",
        "price_per_unit": "1091",
        "price_unit": "L"
      },
      {
        "state": "SA",
        "price": "360",
        "price_per_unit": "1091",
        "price_unit": "L"
      },
      {
        "state": "ACT",
        "price": "360",
        "price_per_unit": "1091",
        "price_unit": "L"
      },
      {
        "state": "NT",
        "price": "360",
        "price_per_unit": "1091",
        "price_unit": "L"
      }
    ]
  },
  {
    "source_url": "https://www.woolworths.com.au/shop/productdetails/392129/beanstalk-iced-chocolate",
    "name": "Beanstalk Iced Chocolate 490ml",
    "image_url": "https://cdn1.woolworths.media/content/wowproductimages/large/392129.jpg",
    "source_id": "Woolworths - 392129",
    "barcode": "9335463003062",
    "category_id": "1_6E4F4E4",
    "shop": "Woolworths",
    "weight": "1L",
    "prices": [
      {
        "state": "VIC",
        "price": "480",
        "price_per_unit": "980",
        "price_unit": "L"
      },
      {
        "state": "QLD",
        "price": "480",
        "price_per_unit": "980",
        "price_unit": "L"
      },
      {
        "state": "WA",
        "price": "480",
        "price_per_unit": "980",
        "price_unit": "L"
      },
      {
        "state": "SA",
        "price": "480",
        "price_per_unit": "980",
        "price_unit": "L"
      },
      {
        "state": "TAS",
        "price": "480",
        "price_per_unit": "980",
        "price_unit": "L"
      },
      {
        "state": "ACT",
        "price": "480",
        "price_per_unit": "980",
        "price_unit": "L"
      },
      {
        "state": "NT",
        "price": "480",
        "price_per_unit": "980",
        "price_unit": "L"
      }
    ]
  },
  {
    "source_url": "https://www.woolworths.com.au/shop/productdetails/392382/beanstalk-iced-coffee-latte",
    "name": "Beanstalk Iced Coffee Latte 490ml",
    "image_url": "https://cdn1.woolworths.media/content/wowproductimages/large/392382.jpg",
    "source_id": "Woolworths - 392382",
    "barcode": "9335463003055",
    "category_id": "1_6E4F4E4",
    "shop": "Woolworths",
    "weight": "1L",
    "prices": [
      {
        "state": "VIC",
        "price": "480",
        "price_per_unit": "980",
        "price_unit": "L"
      },
      {
        "state": "QLD",
        "price": "480",
        "price_per_unit": "980",
        "price_unit": "L"
      },
      {
        "state": "WA",
        "price": "480",
        "price_per_unit": "980",
        "price_unit": "L"
      },
      {
        "state": "SA",
        "price": "480",
        "price_per_unit": "980",
        "price_unit": "L"
      },
      {
        "state": "TAS",
        "price": "480",
        "price_per_unit": "980",
        "price_unit": "L"
      },
      {
        "state": "ACT",
        "price": "480",
        "price_per_unit": "980",
        "price_unit": "L"
      },
      {
        "state": "NT",
        "price": "480",
        "price_per_unit": "980",
        "price_unit": "L"
      }
    ]
  },
  {
    "source_url": "https://www.woolworths.com.au/shop/productdetails/3170/big-m-chocolate-milk",
    "name": "Big M Chocolate Milk 2l",
    "image_url": "https://cdn1.woolworths.media/content/wowproductimages/large/003170.jpg",
    "source_id": "Woolworths - 3170",
    "barcode": "9310232000022",
    "category_id": "1_6E4F4E4",
    "shop": "Woolworths",
    "weight": "1L",
    "prices": [
      {
        "state": "VIC",
        "price": "650",
        "price_per_unit": "325",
        "price_unit": "L"
      }
    ]
  },
  {
    "source_url": "https://www.woolworths.com.au/shop/productdetails/824759/big-m-chocolate-milk",
    "name": "Big M Chocolate Milk 600ml",
    "image_url": "https://cdn1.woolworths.media/content/wowproductimages/large/824759.jpg",
    "source_id": "Woolworths - 824759",
    "barcode": "9310232956237",
    "category_id": "1_6E4F4E4",
    "shop": "Woolworths",
    "weight": "1L",
    "prices": [
      {
        "state": "VIC",
        "price": "370",
        "price_per_unit": "617",
        "price_unit": "L"
      },
      {
        "state": "ACT",
        "price": "350",
        "price_per_unit": "583",
        "price_unit": "L"
      }
    ]
  },
  {
    "source_url": "https://www.woolworths.com.au/shop/productdetails/590383/big-m-flavoured-milk-double-choc",
    "name": "Big M Flavoured Milk Double Choc 500ml Bottle",
    "image_url": "https://cdn1.woolworths.media/content/wowproductimages/large/590383.jpg",
    "source_id": "Woolworths - 590383",
    "barcode": "9310232957210",
    "category_id": "1_6E4F4E4",
    "shop": "Woolworths",
    "weight": "1L",
    "prices": [
      {
        "state": "VIC",
        "price": "370",
        "price_per_unit": "740",
        "price_unit": "L"
      },
      {
        "state": "ACT",
        "price": "350",
        "price_per_unit": "700",
        "price_unit": "L"
      }
    ]
  },
  {
    "source_url": "https://www.woolworths.com.au/shop/productdetails/591943/big-m-flavoured-milk-strawberry",
    "name": "Big M Flavoured Milk Strawberry 300ml Bottle",
    "image_url": "https://cdn1.woolworths.media/content/wowproductimages/large/591943.jpg",
    "source_id": "Woolworths - 591943",
    "barcode": "9310232957784",
    "category_id": "1_6E4F4E4",
    "shop": "Woolworths",
    "weight": "1L",
    "prices": [
      {
        "state": "VIC",
        "price": "250",
        "price_per_unit": "833",
        "price_unit": "L"
      }
    ]
  },
  {
    "source_url": "https://www.woolworths.com.au/shop/productdetails/70761/big-m-iced-coffee",
    "name": "Big M Iced Coffee 2l",
    "image_url": "https://cdn1.woolworths.media/content/wowproductimages/large/070761.jpg",
    "source_id": "Woolworths - 70761",
    "barcode": "9310232000053",
    "category_id": "1_6E4F4E4",
    "shop": "Woolworths",
    "weight": "1L",
    "prices": [
      {
        "state": "VIC",
        "price": "650",
        "price_per_unit": "325",
        "price_unit": "L"
      }
    ]
  },
  {
    "source_url": "https://www.woolworths.com.au/shop/productdetails/79015/big-m-milk-strawberry",
    "name": "Big M Milk Strawberry 2l",
    "image_url": "https://cdn1.woolworths.media/content/wowproductimages/large/079015.jpg",
    "source_id": "Woolworths - 79015",
    "barcode": "9310232000114",
    "category_id": "1_6E4F4E4",
    "shop": "Woolworths",
    "weight": "1L",
    "prices": [
      {
        "state": "VIC",
        "price": "650",
        "price_per_unit": "325",
        "price_unit": "L"
      },
      {
        "state": "ACT",
        "price": "600",
        "price_per_unit": "300",
        "price_unit": "L"
      }
    ]
  },
  {
    "source_url": "https://www.woolworths.com.au/shop/productdetails/897942/cafecino-iced-latte",
    "name": "Cafecino Iced Latte 240mL",
    "image_url": "https://cdn1.woolworths.media/content/wowproductimages/large/897942.jpg",
    "source_id": "Woolworths - 897942",
    "barcode": "9349277002746",
    "category_id": "1_6E4F4E4",
    "shop": "Woolworths",
    "weight": "1L",
    "prices": [
      {
        "state": "VIC",
        "price": "360",
        "price_per_unit": "1500",
        "price_unit": "L"
      },
      {
        "state": "QLD",
        "price": "360",
        "price_per_unit": "1500",
        "price_unit": "L"
      },
      {
        "state": "WA",
        "price": "360",
        "price_per_unit": "1500",
        "price_unit": "L"
      },
      {
        "state": "SA",
        "price": "360",
        "price_per_unit": "1500",
        "price_unit": "L"
      }
    ]
  },
  {
    "source_url": "https://www.woolworths.com.au/shop/productdetails/889306/cafecino-premium-double-shot-espresso-with-milk-coffee-drink",
    "name": "Cafecino Premium Double Shot Espresso With Milk Coffee Drink 240mL",
    "image_url": "https://cdn1.woolworths.media/content/wowproductimages/large/889306.jpg",
    "source_id": "Woolworths - 889306",
    "barcode": "9349277002753",
    "category_id": "1_6E4F4E4",
    "shop": "Woolworths",
    "weight": "1L",
    "prices": [
      {
        "state": "VIC",
        "price": "360",
        "price_per_unit": "1500",
        "price_unit": "L"
      },
      {
        "state": "QLD",
        "price": "360",
        "price_per_unit": "1500",
        "price_unit": "L"
      },
      {
        "state": "WA",
        "price": "360",
        "price_per_unit": "1500",
        "price_unit": "L"
      },
      {
        "state": "SA",
        "price": "360",
        "price_per_unit": "1500",
        "price_unit": "L"
      }
    ]
  },
  {
    "source_url": "https://www.woolworths.com.au/shop/productdetails/261043/dare-espresso-iced-coffee",
    "name": "Dare Espresso Iced Coffee 2l",
    "image_url": "https://cdn1.woolworths.media/content/wowproductimages/large/261043.jpg",
    "source_id": "Woolworths - 261043",
    "barcode": "9310199080846",
    "category_id": "1_6E4F4E4",
    "shop": "Woolworths",
    "weight": "1L",
    "prices": [
      {
        "state": "VIC",
        "price": "630",
        "price_per_unit": "315",
        "price_unit": "L"
      },
      {
        "state": "QLD",
        "price": "630",
        "price_per_unit": "315",
        "price_unit": "L"
      },
      {
        "state": "WA",
        "price": "630",
        "price_per_unit": "315",
        "price_unit": "L"
      },
      {
        "state": "TAS",
        "price": "630",
        "price_per_unit": "315",
        "price_unit": "L"
      },
      {
        "state": "ACT",
        "price": "630",
        "price_per_unit": "315",
        "price_unit": "L"
      }
    ]
  },
  {
    "source_url": "https://www.woolworths.com.au/shop/productdetails/72375/dare-intense-espresso-iced-coffee",
    "name": "Dare Intense Espresso Iced Coffee 500mL",
    "image_url": "https://cdn1.woolworths.media/content/wowproductimages/large/072375.jpg",
    "source_id": "Woolworths - 72375",
    "barcode": "9310232961996",
    "category_id": "1_6E4F4E4",
    "shop": "Woolworths",
    "weight": "1L",
    "prices": [
      {
        "state": "VIC",
        "price": "415",
        "price_per_unit": "830",
        "price_unit": "L"
      },
      {
        "state": "QLD",
        "price": "415",
        "price_per_unit": "830",
        "price_unit": "L"
      },
      {
        "state": "SA",
        "price": "420",
        "price_per_unit": "840",
        "price_unit": "L"
      },
      {
        "state": "NT",
        "price": "420",
        "price_per_unit": "840",
        "price_unit": "L"
      }
    ]
  },
  {
    "source_url": "https://www.woolworths.com.au/shop/productdetails/119346/famous-kids-protein-shake-strawberry-flavour",
    "name": "Famous Kids Protein Shake Strawberry Flavour 250mL",
    "image_url": "https://cdn1.woolworths.media/content/wowproductimages/large/119346.jpg",
    "source_id": "Woolworths - 119346",
    "barcode": "9356745000432",
    "category_id": "1_6E4F4E4",
    "shop": "Woolworths",
    "weight": "1L",
    "prices": [
      {
        "state": "VIC",
        "price": "350",
        "price_per_unit": "1400",
        "price_unit": "L"
      },
      {
        "state": "QLD",
        "price": "350",
        "price_per_unit": "1400",
        "price_unit": "L"
      }
    ]
  },
  {
    "source_url": "https://www.woolworths.com.au/shop/productdetails/214163/hunt-and-brew-australia-iced-coffee-flavoured-milk",
    "name": "Hunt And Brew Australia Iced Coffee Flavoured Milk 400mL",
    "image_url": "https://cdn1.woolworths.media/content/wowproductimages/large/214163.jpg",
    "source_id": "Woolworths - 214163",
    "barcode": "9300662889908",
    "category_id": "1_6E4F4E4",
    "shop": "Woolworths",
    "weight": "1L",
    "prices": [
      {
        "state": "VIC",
        "price": "495",
        "price_per_unit": "1238",
        "price_unit": "L"
      },
      {
        "state": "QLD",
        "price": "495",
        "price_per_unit": "1238",
        "price_unit": "L"
      },
      {
        "state": "WA",
        "price": "495",
        "price_per_unit": "1238",
        "price_unit": "L"
      },
      {
        "state": "SA",
        "price": "495",
        "price_per_unit": "1238",
        "price_unit": "L"
      },
      {
        "state": "TAS",
        "price": "495",
        "price_per_unit": "1238",
        "price_unit": "L"
      },
      {
        "state": "NT",
        "price": "495",
        "price_per_unit": "1238",
        "price_unit": "L"
      }
    ]
  },
  {
    "source_url": "https://www.woolworths.com.au/shop/productdetails/226775/ice-break-iced-coffee-regular-flavoured-milk",
    "name": "Ice Break Iced Coffee Regular Flavoured Milk 2L",
    "image_url": "https://cdn1.woolworths.media/content/wowproductimages/large/226775.jpg",
    "source_id": "Woolworths - 226775",
    "barcode": "9310036038276",
    "category_id": "1_6E4F4E4",
    "shop": "Woolworths",
    "weight": "1L",
    "prices": [
      {
        "state": "VIC",
        "price": "650",
        "price_per_unit": "325",
        "price_unit": "L"
      },
      {
        "state": "QLD",
        "price": "690",
        "price_per_unit": "345",
        "price_unit": "L"
      }
    ]
  },
  {
    "source_url": "https://www.woolworths.com.au/shop/productdetails/119584/norco-minecraft-flavoured-milk-strawberry",
    "name": "Norco Minecraft Flavoured Milk Strawberry 375mL",
    "image_url": "https://cdn1.woolworths.media/content/wowproductimages/large/119584.jpg",
    "source_id": "Woolworths - 119584",
    "barcode": "9310272002499",
    "category_id": "1_6E4F4E4",
    "shop": "Woolworths",
    "weight": "1L",
    "prices": [
      {
        "state": "VIC",
        "price": "350",
        "price_per_unit": "933",
        "price_unit": "L"
      },
      {
        "state": "QLD",
        "price": "350",
        "price_per_unit": "933",
        "price_unit": "L"
      }
    ]
  },
  {
    "source_url": "https://www.woolworths.com.au/shop/productdetails/121502/oak-plus-chocolate-flavoured-milk-no-added-sugar-30g-protein",
    "name": "OAK Plus Chocolate Flavoured Milk No Added Sugar, 30g Protein 500ml",
    "image_url": "https://cdn1.woolworths.media/content/wowproductimages/large/121502.jpg",
    "source_id": "Woolworths - 121502",
    "barcode": "9310036070528",
    "category_id": "1_6E4F4E4",
    "shop": "Woolworths",
    "weight": "1L",
    "prices": [
      {
        "state": "VIC",
        "price": "360",
        "price_per_unit": "720",
        "price_unit": "L"
      },
      {
        "state": "QLD",
        "price": "360",
        "price_per_unit": "720",
        "price_unit": "L"
      },
      {
        "state": "WA",
        "price": "360",
        "price_per_unit": "720",
        "price_unit": "L"
      },
      {
        "state": "SA",
        "price": "360",
        "price_per_unit": "720",
        "price_unit": "L"
      },
      {
        "state": "TAS",
        "price": "360",
        "price_per_unit": "720",
        "price_unit": "L"
      },
      {
        "state": "ACT",
        "price": "360",
        "price_per_unit": "720",
        "price_unit": "L"
      },
      {
        "state": "NT",
        "price": "360",
        "price_per_unit": "720",
        "price_unit": "L"
      }
    ]
  },
  {
    "source_url": "https://www.woolworths.com.au/shop/productdetails/54305/rokeby-bold-brew-iced-coffee-double-shot",
    "name": "Rokeby Bold Brew Iced Coffee Double Shot 500mL",
    "image_url": "https://cdn1.woolworths.media/content/wowproductimages/large/054305.jpg",
    "source_id": "Woolworths - 54305",
    "barcode": "9336243005306",
    "category_id": "1_6E4F4E4",
    "shop": "Woolworths",
    "weight": "1L",
    "prices": [
      {
        "state": "VIC",
        "price": "450",
        "price_per_unit": "900",
        "price_unit": "L"
      },
      {
        "state": "WA",
        "price": "450",
        "price_per_unit": "900",
        "price_unit": "L"
      },
      {
        "state": "SA",
        "price": "450",
        "price_per_unit": "900",
        "price_unit": "L"
      },
      {
        "state": "NT",
        "price": "450",
        "price_per_unit": "900",
        "price_unit": "L"
      }
    ]
  },
  {
    "source_url": "https://www.woolworths.com.au/shop/productdetails/121532/rokeby-protein-smoothie-choc-honeycomb",
    "name": "Rokeby Protein Smoothie Choc Honeycomb 425mL",
    "image_url": "https://cdn1.woolworths.media/content/wowproductimages/large/121532.jpg",
    "source_id": "Woolworths - 121532",
    "barcode": "9336243004590",
    "category_id": "1_6E4F4E4",
    "shop": "Woolworths",
    "weight": "1L",
    "prices": [
      {
        "state": "VIC",
        "price": "460",
        "price_per_unit": "1082",
        "price_unit": "L"
      },
      {
        "state": "QLD",
        "price": "465",
        "price_per_unit": "1094",
        "price_unit": "L"
      },
      {
        "state": "WA",
        "price": "465",
        "price_per_unit": "1094",
        "price_unit": "L"
      }
    ]
  },
  {
    "source_url": "https://www.woolworths.com.au/shop/productdetails/771267/rokeby-protein-smoothie-double-espresso",
    "name": "Rokeby Protein Smoothie Double Espresso 425mL",
    "image_url": "https://cdn1.woolworths.media/content/wowproductimages/large/771267.jpg",
    "source_id": "Woolworths - 771267",
    "barcode": "9336243005030",
    "category_id": "1_6E4F4E4",
    "shop": "Woolworths",
    "weight": "1L",
    "prices": [
      {
        "state": "VIC",
        "price": "460",
        "price_per_unit": "1082",
        "price_unit": "L"
      },
      {
        "state": "WA",
        "price": "465",
        "price_per_unit": "1094",
        "price_unit": "L"
      },
      {
        "state": "ACT",
        "price": "465",
        "price_per_unit": "1094",
        "price_unit": "L"
      }
    ]
  },
  {
    "source_url": "https://www.woolworths.com.au/shop/productdetails/263703/rokeby-protein-smoothie-vanilla-wafer",
    "name": "Rokeby Protein Smoothie Vanilla Wafer 425mL",
    "image_url": "https://cdn1.woolworths.media/content/wowproductimages/large/263703.jpg",
    "source_id": "Woolworths - 263703",
    "barcode": "9336243005061",
    "category_id": "1_6E4F4E4",
    "shop": "Woolworths",
    "weight": "1L",
    "prices": [
      {
        "state": "VIC",
        "price": "460",
        "price_per_unit": "1082",
        "price_unit": "L"
      },
      {
        "state": "QLD",
        "price": "465",
        "price_per_unit": "1094",
        "price_unit": "L"
      },
      {
        "state": "WA",
        "price": "465",
        "price_per_unit": "1094",
        "price_unit": "L"
      }
    ]
  },
  {
    "source_url": "https://www.woolworths.com.au/shop/productdetails/222977/suntory-boss-coffee-iced-vanilla-latte-cans",
    "name": "Suntory Boss Coffee Iced Vanilla Latte Cans 237ml x4 Pack",
    "image_url": "https://cdn1.woolworths.media/content/wowproductimages/large/222977.jpg",
    "source_id": "Woolworths - 222977",
    "barcode": "9415767068223",
    "category_id": "1_6E4F4E4",
    "shop": "Woolworths",
    "weight": "1L",
    "prices": [
      {
        "state": "VIC",
        "price": "1400",
        "price_per_unit": "1477",
        "price_unit": "L"
      },
      {
        "state": "QLD",
        "price": "1400",
        "price_per_unit": "1477",
        "price_unit": "L"
      },
      {
        "state": "WA",
        "price": "1400",
        "price_per_unit": "1477",
        "price_unit": "L"
      },
      {
        "state": "SA",
        "price": "1400",
        "price_per_unit": "1477",
        "price_unit": "L"
      },
      {
        "state": "TAS",
        "price": "1345",
        "price_per_unit": "1419",
        "price_unit": "L"
      },
      {
        "state": "ACT",
        "price": "1400",
        "price_per_unit": "1477",
        "price_unit": "L"
      },
      {
        "state": "NT",
        "price": "1400",
        "price_per_unit": "1477",
        "price_unit": "L"
      }
    ]
  },
  {
    "source_url": "https://www.woolworths.com.au/shop/productdetails/239294/starbucks-double-shot-espresso-latte-iced-coffee",
    "name": "Starbucks Double Shot Espresso Latte Iced Coffee 220ml",
    "image_url": "https://cdn1.woolworths.media/content/wowproductimages/large/239294.jpg",
    "source_id": "Woolworths - 239294",
    "barcode": "9556001298539",
    "category_id": "1_6E4F4E4",
    "shop": "Woolworths",
    "weight": "1L",
    "prices": [
      {
        "state": "VIC",
        "price": "300",
        "price_per_unit": "1364",
        "price_unit": "L"
      },
      {
        "state": "QLD",
        "price": "300",
        "price_per_unit": "1364",
        "price_unit": "L"
      },
      {
        "state": "WA",
        "price": "300",
        "price_per_unit": "1364",
        "price_unit": "L"
      },
      {
        "state": "SA",
        "price": "300",
        "price_per_unit": "1364",
        "price_unit": "L"
      },
      {
        "state": "ACT",
        "price": "300",
        "price_per_unit": "1364",
        "price_unit": "L"
      },
      {
        "state": "NT",
        "price": "300",
        "price_per_unit": "1364",
        "price_unit": "L"
      }
    ]
  },
  {
    "source_url": "https://www.woolworths.com.au/shop/productdetails/239013/starbucks-double-shot-mocha-iced-coffee",
    "name": "Starbucks Double Shot Mocha Iced Coffee 220ml",
    "image_url": "https://cdn1.woolworths.media/content/wowproductimages/large/239013.jpg",
    "source_id": "Woolworths - 239013",
    "barcode": "9556001298553",
    "category_id": "1_6E4F4E4",
    "shop": "Woolworths",
    "weight": "1L",
    "prices": [
      {
        "state": "VIC",
        "price": "300",
        "price_per_unit": "1364",
        "price_unit": "L"
      },
      {
        "state": "WA",
        "price": "300",
        "price_per_unit": "1364",
        "price_unit": "L"
      },
      {
        "state": "SA",
        "price": "300",
        "price_per_unit": "1364",
        "price_unit": "L"
      },
      {
        "state": "ACT",
        "price": "300",
        "price_per_unit": "1364",
        "price_unit": "L"
      }
    ]
  },
  {
    "source_url": "https://www.woolworths.com.au/shop/productdetails/630947/woolworths-chocolate-flavoured-milk",
    "name": "Woolworths Chocolate Flavoured Milk 2l",
    "image_url": "https://cdn1.woolworths.media/content/wowproductimages/large/630947.jpg",
    "source_id": "Woolworths - 630947",
    "barcode": "9300633679965",
    "category_id": "1_6E4F4E4",
    "shop": "Woolworths",
    "weight": "1L",
    "prices": [
      {
        "state": "VIC",
        "price": "500",
        "price_per_unit": "250",
        "price_unit": "L"
      },
      {
        "state": "QLD",
        "price": "500",
        "price_per_unit": "250",
        "price_unit": "L"
      },
      {
        "state": "ACT",
        "price": "500",
        "price_per_unit": "250",
        "price_unit": "L"
      }
    ]
  },
  {
    "source_url": "https://www.woolworths.com.au/shop/productdetails/76192/breaka-chocolate-flavoured-milk",
    "name": "Breaka Chocolate Flavoured Milk 2L",
    "image_url": "https://cdn1.woolworths.media/content/wowproductimages/large/076192.jpg",
    "source_id": "Woolworths - 76192",
    "barcode": "9310036001423",
    "category_id": "1_6E4F4E4",
    "shop": "Woolworths",
    "weight": "1L",
    "prices": [
      {
        "state": "QLD",
        "price": "630",
        "price_per_unit": "315",
        "price_unit": "L"
      }
    ]
  },
  {
    "source_url": "https://www.woolworths.com.au/shop/productdetails/342043/breaka-chocolate-flavoured-milk",
    "name": "Breaka Chocolate Flavoured Milk 300mL",
    "image_url": "https://cdn1.woolworths.media/content/wowproductimages/large/342043.jpg",
    "source_id": "Woolworths - 342043",
    "barcode": "9310036039716",
    "category_id": "1_6E4F4E4",
    "shop": "Woolworths",
    "weight": "1L",
    "prices": [
      {
        "state": "QLD",
        "price": "260",
        "price_per_unit": "867",
        "price_unit": "L"
      }
    ]
  },
  {
    "source_url": "https://www.woolworths.com.au/shop/productdetails/42123/breaka-chocolate-flavoured-milk",
    "name": "Breaka Chocolate Flavoured Milk 500mL",
    "image_url": "https://cdn1.woolworths.media/content/wowproductimages/large/042123.jpg",
    "source_id": "Woolworths - 42123",
    "barcode": "9310036001690",
    "category_id": "1_6E4F4E4",
    "shop": "Woolworths",
    "weight": "1L",
    "prices": [
      {
        "state": "QLD",
        "price": "395",
        "price_per_unit": "790",
        "price_unit": "L"
      }
    ]
  },
  {
    "source_url": "https://www.woolworths.com.au/shop/productdetails/39007/breaka-iced-coffee-flavoured-milk",
    "name": "Breaka Iced Coffee Flavoured Milk 2L",
    "image_url": "https://cdn1.woolworths.media/content/wowproductimages/large/039007.jpg",
    "source_id": "Woolworths - 39007",
    "barcode": "9310036001430",
    "category_id": "1_6E4F4E4",
    "shop": "Woolworths",
    "weight": "1L",
    "prices": [
      {
        "state": "QLD",
        "price": "630",
        "price_per_unit": "315",
        "price_unit": "L"
      }
    ]
  },
  {
    "source_url": "https://www.woolworths.com.au/shop/productdetails/342041/breaka-iced-coffee-flavoured-milk",
    "name": "Breaka Iced Coffee Flavoured Milk 300mL",
    "image_url": "https://cdn1.woolworths.media/content/wowproductimages/large/342041.jpg",
    "source_id": "Woolworths - 342041",
    "barcode": "9310036040149",
    "category_id": "1_6E4F4E4",
    "shop": "Woolworths",
    "weight": "1L",
    "prices": [
      {
        "state": "QLD",
        "price": "260",
        "price_per_unit": "867",
        "price_unit": "L"
      }
    ]
  },
  {
    "source_url": "https://www.woolworths.com.au/shop/productdetails/76091/breaka-iced-coffee-flavoured-milk",
    "name": "Breaka Iced Coffee Flavoured Milk 500mL",
    "image_url": "https://cdn1.woolworths.media/content/wowproductimages/large/076091.jpg",
    "source_id": "Woolworths - 76091",
    "barcode": "9310036001706",
    "category_id": "1_6E4F4E4",
    "shop": "Woolworths",
    "weight": "1L",
    "prices": [
      {
        "state": "QLD",
        "price": "395",
        "price_per_unit": "790",
        "price_unit": "L"
      }
    ]
  },
  {
    "source_url": "https://www.woolworths.com.au/shop/productdetails/24692/breaka-strawberry-flavoured-milk",
    "name": "Breaka Strawberry Flavoured Milk 2L",
    "image_url": "https://cdn1.woolworths.media/content/wowproductimages/large/024692.jpg",
    "source_id": "Woolworths - 24692",
    "barcode": "9310036001737",
    "category_id": "1_6E4F4E4",
    "shop": "Woolworths",
    "weight": "1L",
    "prices": [
      {
        "state": "QLD",
        "price": "630",
        "price_per_unit": "315",
        "price_unit": "L"
      }
    ]
  },
  {
    "source_url": "https://www.woolworths.com.au/shop/productdetails/66593/breaka-strawberry-flavoured-milk",
    "name": "Breaka Strawberry Flavoured Milk 500mL",
    "image_url": "https://cdn1.woolworths.media/content/wowproductimages/large/066593.jpg",
    "source_id": "Woolworths - 66593",
    "barcode": "9310036001713",
    "category_id": "1_6E4F4E4",
    "shop": "Woolworths",
    "weight": "1L",
    "prices": [
      {
        "state": "QLD",
        "price": "395",
        "price_per_unit": "790",
        "price_unit": "L"
      }
    ]
  },
  {
    "source_url": "https://www.woolworths.com.au/shop/productdetails/366903/dairy-farmers-chocolate-milk",
    "name": "Dairy Farmers Chocolate Milk 2l",
    "image_url": "https://cdn1.woolworths.media/content/wowproductimages/large/366903.jpg",
    "source_id": "Woolworths - 366903",
    "barcode": "9310199100339",
    "category_id": "1_6E4F4E4",
    "shop": "Woolworths",
    "weight": "1L",
    "prices": [
      {
        "state": "QLD",
        "price": "600",
        "price_per_unit": "300",
        "price_unit": "L"
      },
      {
        "state": "TAS",
        "price": "650",
        "price_per_unit": "325",
        "price_unit": "L"
      }
    ]
  },
  {
    "source_url": "https://www.woolworths.com.au/shop/productdetails/67148/dairy-farmers-classic-milk-mint-choc-chip",
    "name": "Dairy Farmers Classic Milk Mint Choc Chip 500mL",
    "image_url": "https://cdn1.woolworths.media/content/wowproductimages/large/067148.jpg",
    "source_id": "Woolworths - 67148",
    "barcode": "9310232961767",
    "category_id": "1_6E4F4E4",
    "shop": "Woolworths",
    "weight": "1L",
    "prices": [
      {
        "state": "QLD",
        "price": "360",
        "price_per_unit": "720",
        "price_unit": "L"
      },
      {
        "state": "SA",
        "price": "390",
        "price_per_unit": "780",
        "price_unit": "L"
      },
      {
        "state": "NT",
        "price": "390",
        "price_per_unit": "780",
        "price_unit": "L"
      }
    ]
  },
  {
    "source_url": "https://www.woolworths.com.au/shop/productdetails/72280/dare-iced-double-espresso-protein-no-added-sugar",
    "name": "Dare Iced Double Espresso Protein No Added Sugar 500mL",
    "image_url": "https://cdn1.woolworths.media/content/wowproductimages/large/072280.jpg",
    "source_id": "Woolworths - 72280",
    "barcode": "9310232962016",
    "category_id": "1_6E4F4E4",
    "shop": "Woolworths",
    "weight": "1L",
    "prices": [
      {
        "state": "QLD",
        "price": "450",
        "price_per_unit": "900",
        "price_unit": "L"
      },
      {
        "state": "SA",
        "price": "450",
        "price_per_unit": "900",
        "price_unit": "L"
      },
      {
        "state": "NT",
        "price": "450",
        "price_per_unit": "900",
        "price_unit": "L"
      }
    ]
  },
  {
    "source_url": "https://www.woolworths.com.au/shop/productdetails/27790/farmers-union-iced-coffee",
    "name": "Farmers Union Iced Coffee 600ml",
    "image_url": "https://cdn1.woolworths.media/content/wowproductimages/large/027790.jpg",
    "source_id": "Woolworths - 27790",
    "barcode": "9310232957715",
    "category_id": "1_6E4F4E4",
    "shop": "Woolworths",
    "weight": "1L",
    "prices": [
      {
        "state": "QLD",
        "price": "360",
        "price_per_unit": "600",
        "price_unit": "L"
      },
      {
        "state": "SA",
        "price": "390",
        "price_per_unit": "650",
        "price_unit": "L"
      },
      {
        "state": "NT",
        "price": "390",
        "price_per_unit": "650",
        "price_unit": "L"
      }
    ]
  },
  {
    "source_url": "https://www.woolworths.com.au/shop/productdetails/157313/ice-break-iced-coffee-no-sugar-add-flavoured-milk",
    "name": "Ice Break Iced Coffee No Sugar Add Flavoured Milk 500mL",
    "image_url": "https://cdn1.woolworths.media/content/wowproductimages/large/157313.jpg",
    "source_id": "Woolworths - 157313",
    "barcode": "9310036070993",
    "category_id": "1_6E4F4E4",
    "shop": "Woolworths",
    "weight": "1L",
    "prices": [
      {
        "state": "QLD",
        "price": "290",
        "price_per_unit": "580",
        "price_unit": "L"
      }
    ]
  },
  {
    "source_url": "https://www.woolworths.com.au/shop/productdetails/629978/ice-break-iced-coffee-triple-shot-flavoured-milk",
    "name": "Ice Break Iced Coffee Triple Shot Flavoured Milk 2L",
    "image_url": "https://cdn1.woolworths.media/content/wowproductimages/large/629978.jpg",
    "source_id": "Woolworths - 629978",
    "barcode": "9310036060536",
    "category_id": "1_6E4F4E4",
    "shop": "Woolworths",
    "weight": "1L",
    "prices": [
      {
        "state": "QLD",
        "price": "690",
        "price_per_unit": "345",
        "price_unit": "L"
      }
    ]
  },
  {
    "source_url": "https://www.woolworths.com.au/shop/productdetails/375551/ice-break-iced-coffee-triple-shot-flavoured-milk",
    "name": "Ice Break Iced Coffee Triple Shot Flavoured Milk 500mL",
    "image_url": "https://cdn1.woolworths.media/content/wowproductimages/large/375551.jpg",
    "source_id": "Woolworths - 375551",
    "barcode": "9310036041276",
    "category_id": "1_6E4F4E4",
    "shop": "Woolworths",
    "weight": "1L",
    "prices": [
      {
        "state": "QLD",
        "price": "290",
        "price_per_unit": "580",
        "price_unit": "L"
      },
      {
        "state": "ACT",
        "price": "290",
        "price_per_unit": "580",
        "price_unit": "L"
      },
      {
        "state": "NT",
        "price": "290",
        "price_per_unit": "580",
        "price_unit": "L"
      }
    ]
  },
  {
    "source_url": "https://www.woolworths.com.au/shop/productdetails/755228/norco-double-shot-real-iced-coffee",
    "name": "Norco Double Shot Real Iced Coffee 500ml",
    "image_url": "https://cdn1.woolworths.media/content/wowproductimages/large/755228.jpg",
    "source_id": "Woolworths - 755228",
    "barcode": "9310272006251",
    "category_id": "1_6E4F4E4",
    "shop": "Woolworths",
    "weight": "1L",
    "prices": [
      {
        "state": "QLD",
        "price": "370",
        "price_per_unit": "740",
        "price_unit": "L"
      }
    ]
  },
  {
    "source_url": "https://www.woolworths.com.au/shop/productdetails/755264/norco-original-real-iced-coffee",
    "name": "Norco Original Real Iced Coffee 750ml",
    "image_url": "https://cdn1.woolworths.media/content/wowproductimages/large/755264.jpg",
    "source_id": "Woolworths - 755264",
    "barcode": "9310272006213",
    "category_id": "1_6E4F4E4",
    "shop": "Woolworths",
    "weight": "1L",
    "prices": [
      {
        "state": "QLD",
        "price": "400",
        "price_per_unit": "533",
        "price_unit": "L"
      }
    ]
  },
  {
    "source_url": "https://www.woolworths.com.au/shop/productdetails/556934/norco-real-iced-chocolate-milk-ultimate",
    "name": "Norco Real Iced Chocolate Milk Ultimate 500ml",
    "image_url": "https://cdn1.woolworths.media/content/wowproductimages/large/556934.jpg",
    "source_id": "Woolworths - 556934",
    "barcode": "9310272006312",
    "category_id": "1_6E4F4E4",
    "shop": "Woolworths",
    "weight": "1L",
    "prices": [
      {
        "state": "QLD",
        "price": "370",
        "price_per_unit": "740",
        "price_unit": "L"
      }
    ]
  },
  {
    "source_url": "https://www.woolworths.com.au/shop/productdetails/613368/norco-real-iced-chocolate-ultimate",
    "name": "Norco Real Iced Chocolate Ultimate 750ml",
    "image_url": "https://cdn1.woolworths.media/content/wowproductimages/large/613368.jpg",
    "source_id": "Woolworths - 613368",
    "barcode": "9310272006329",
    "category_id": "1_6E4F4E4",
    "shop": "Woolworths",
    "weight": "1L",
    "prices": [
      {
        "state": "QLD",
        "price": "400",
        "price_per_unit": "533",
        "price_unit": "L"
      }
    ]
  },
  {
    "source_url": "https://www.woolworths.com.au/shop/productdetails/556932/norco-real-iced-coffee-triple-shot",
    "name": "Norco Real Iced Coffee Triple Shot 500ml",
    "image_url": "https://cdn1.woolworths.media/content/wowproductimages/large/556932.jpg",
    "source_id": "Woolworths - 556932",
    "barcode": "9310272007142",
    "category_id": "1_6E4F4E4",
    "shop": "Woolworths",
    "weight": "1L",
    "prices": [
      {
        "state": "QLD",
        "price": "370",
        "price_per_unit": "740",
        "price_unit": "L"
      }
    ]
  },
  {
    "source_url": "https://www.woolworths.com.au/shop/productdetails/122222/norco-real-iced-latte-caramel",
    "name": "Norco Real Iced Latte Caramel 500ml",
    "image_url": "https://cdn1.woolworths.media/content/wowproductimages/large/122222.jpg",
    "source_id": "Woolworths - 122222",
    "barcode": "9310272002932",
    "category_id": "1_6E4F4E4",
    "shop": "Woolworths",
    "weight": "1L",
    "prices": [
      {
        "state": "QLD",
        "price": "370",
        "price_per_unit": "740",
        "price_unit": "L"
      }
    ]
  },
  {
    "source_url": "https://www.woolworths.com.au/shop/productdetails/122232/norco-real-no-added-sugar-coffee-double-shot",
    "name": "Norco Real No Added Sugar Coffee Double Shot 500ml",
    "image_url": "https://cdn1.woolworths.media/content/wowproductimages/large/122232.jpg",
    "source_id": "Woolworths - 122232",
    "barcode": "9310272004110",
    "category_id": "1_6E4F4E4",
    "shop": "Woolworths",
    "weight": "1L",
    "prices": [
      {
        "state": "QLD",
        "price": "370",
        "price_per_unit": "740",
        "price_unit": "L"
      }
    ]
  },
  {
    "source_url": "https://www.woolworths.com.au/shop/productdetails/684141/norco-real-triple-shot",
    "name": "Norco Real Triple Shot 750ml",
    "image_url": "https://cdn1.woolworths.media/content/wowproductimages/large/684141.jpg",
    "source_id": "Woolworths - 684141",
    "barcode": "9310272001560",
    "category_id": "1_6E4F4E4",
    "shop": "Woolworths",
    "weight": "1L",
    "prices": [
      {
        "state": "QLD",
        "price": "400",
        "price_per_unit": "533",
        "price_unit": "L"
      }
    ]
  },
  {
    "source_url": "https://www.woolworths.com.au/shop/productdetails/122693/suntory-boss-coffee-iced-long-black-cans",
    "name": "Suntory Boss Coffee Iced Long Black Cans 237ml x4 Pack",
    "image_url": "https://cdn1.woolworths.media/content/wowproductimages/large/122693.jpg",
    "source_id": "Woolworths - 122693",
    "barcode": "9415767068209",
    "category_id": "1_6E4F4E4",
    "shop": "Woolworths",
    "weight": "100ML",
    "prices": [
      {
        "state": "QLD",
        "price": "1400",
        "price_per_unit": "148",
        "price_unit": "ML"
      },
      {
        "state": "WA",
        "price": "1400",
        "price_per_unit": "148",
        "price_unit": "ML"
      },
      {
        "state": "NT",
        "price": "1400",
        "price_per_unit": "148",
        "price_unit": "ML"
      }
    ]
  },
  {
    "source_url": "https://www.woolworths.com.au/shop/productdetails/150129/woolworths-iced-coffee-flavoured-milk",
    "name": "Woolworths Iced Coffee Flavoured Milk 2l",
    "image_url": "https://cdn1.woolworths.media/content/wowproductimages/large/150129.jpg",
    "source_id": "Woolworths - 150129",
    "barcode": "9339687246205",
    "category_id": "1_6E4F4E4",
    "shop": "Woolworths",
    "weight": "1L",
    "prices": [
      {
        "state": "QLD",
        "price": "500",
        "price_per_unit": "250",
        "price_unit": "L"
      },
      {
        "state": "ACT",
        "price": "500",
        "price_per_unit": "250",
        "price_unit": "L"
      }
    ]
  },
  {
    "source_url": "https://www.woolworths.com.au/shop/productdetails/51979/brownes-chill-protein-chocolate-milk",
    "name": "Brownes Chill +Protein Chocolate Milk 500mL",
    "image_url": "https://cdn1.woolworths.media/content/wowproductimages/large/051979.jpg",
    "source_id": "Woolworths - 51979",
    "barcode": "9300662892519",
    "category_id": "1_6E4F4E4",
    "shop": "Woolworths",
    "weight": "1L",
    "prices": [
      {
        "state": "WA",
        "price": "395",
        "price_per_unit": "790",
        "price_unit": "L"
      }
    ]
  },
  {
    "source_url": "https://www.woolworths.com.au/shop/productdetails/772284/brownes-dairy-chill-choc",
    "name": "Brownes Chill Choc 2l",
    "image_url": "https://cdn1.woolworths.media/content/wowproductimages/large/772284.jpg",
    "source_id": "Woolworths - 772284",
    "barcode": "9300662882312",
    "category_id": "1_6E4F4E4",
    "shop": "Woolworths",
    "weight": "1L",
    "prices": [
      {
        "state": "WA",
        "price": "520",
        "price_per_unit": "260",
        "price_unit": "L"
      }
    ]
  },
  {
    "source_url": "https://www.woolworths.com.au/shop/productdetails/763761/brownes-dairy-chill-choc-honeycomb-shake-n-shake",
    "name": "Brownes Chill Choc Honeycomb Shake 'n' Shake 500ml",
    "image_url": "https://cdn1.woolworths.media/content/wowproductimages/large/763761.jpg",
    "source_id": "Woolworths - 763761",
    "barcode": "9300662882121",
    "category_id": "1_6E4F4E4",
    "shop": "Woolworths",
    "weight": "1L",
    "prices": [
      {
        "state": "WA",
        "price": "295",
        "price_per_unit": "590",
        "price_unit": "L"
      }
    ]
  },
  {
    "source_url": "https://www.woolworths.com.au/shop/productdetails/11439/brownes-dairy-chill-iced-coffee-no-added-sugar",
    "name": "Brownes Chill Iced Coffee No Added Sugar 600ml",
    "image_url": "https://cdn1.woolworths.media/content/wowproductimages/large/011439.jpg",
    "source_id": "Woolworths - 11439",
    "barcode": "9300662887096",
    "category_id": "1_6E4F4E4",
    "shop": "Woolworths",
    "weight": "1L",
    "prices": [
      {
        "state": "WA",
        "price": "295",
        "price_per_unit": "492",
        "price_unit": "L"
      }
    ]
  },
  {
    "source_url": "https://www.woolworths.com.au/shop/productdetails/82805/brownes-dairy-chill-original-mocha",
    "name": "Brownes Chill Original Mocha 600ml",
    "image_url": "https://cdn1.woolworths.media/content/wowproductimages/large/082805.jpg",
    "source_id": "Woolworths - 82805",
    "barcode": "9300662887973",
    "category_id": "1_6E4F4E4",
    "shop": "Woolworths",
    "weight": "1L",
    "prices": [
      {
        "state": "WA",
        "price": "295",
        "price_per_unit": "492",
        "price_unit": "L"
      }
    ]
  },
  {
    "source_url": "https://www.woolworths.com.au/shop/productdetails/180766/brownes-chill-triple-espresso-iced-coffee",
    "name": "Brownes Chill Triple Espresso Iced Coffee 750mL",
    "image_url": "https://cdn1.woolworths.media/content/wowproductimages/large/180766.jpg",
    "source_id": "Woolworths - 180766",
    "barcode": "9300662885252",
    "category_id": "1_6E4F4E4",
    "shop": "Woolworths",
    "weight": "1L",
    "prices": [
      {
        "state": "WA",
        "price": "450",
        "price_per_unit": "600",
        "price_unit": "L"
      }
    ]
  },
  {
    "source_url": "https://www.woolworths.com.au/shop/productdetails/763751/brownes-dairy-chill-vanilla-shake-n-shake",
    "name": "Brownes Chill Vanilla Shake 'n' Shake 500ml",
    "image_url": "https://cdn1.woolworths.media/content/wowproductimages/large/763751.jpg",
    "source_id": "Woolworths - 763751",
    "barcode": "9300662882114",
    "category_id": "1_6E4F4E4",
    "shop": "Woolworths",
    "weight": "1L",
    "prices": [
      {
        "state": "WA",
        "price": "295",
        "price_per_unit": "590",
        "price_unit": "L"
      }
    ]
  },
  {
    "source_url": "https://www.woolworths.com.au/shop/productdetails/45394/brownes-dairy-choc-chill",
    "name": "Brownes Choc Chill 600ml",
    "image_url": "https://cdn1.woolworths.media/content/wowproductimages/large/045394.jpg",
    "source_id": "Woolworths - 45394",
    "barcode": "9300662105381",
    "category_id": "1_6E4F4E4",
    "shop": "Woolworths",
    "weight": "1L",
    "prices": [
      {
        "state": "WA",
        "price": "295",
        "price_per_unit": "492",
        "price_unit": "L"
      }
    ]
  },
  {
    "source_url": "https://www.woolworths.com.au/shop/productdetails/555173/brownes-dairy-choc-chill",
    "name": "Brownes Choc Chill 750ml",
    "image_url": "https://cdn1.woolworths.media/content/wowproductimages/large/555173.jpg",
    "source_id": "Woolworths - 555173",
    "barcode": "9300662885450",
    "category_id": "1_6E4F4E4",
    "shop": "Woolworths",
    "weight": "1L",
    "prices": [
      {
        "state": "WA",
        "price": "450",
        "price_per_unit": "600",
        "price_unit": "L"
      }
    ]
  },
  {
    "source_url": "https://www.woolworths.com.au/shop/productdetails/772250/brownes-dairy-coffee-chill",
    "name": "Brownes Coffee Chill 2l",
    "image_url": "https://cdn1.woolworths.media/content/wowproductimages/large/772250.jpg",
    "source_id": "Woolworths - 772250",
    "barcode": "9300662882329",
    "category_id": "1_6E4F4E4",
    "shop": "Woolworths",
    "weight": "1L",
    "prices": [
      {
        "state": "WA",
        "price": "520",
        "price_per_unit": "260",
        "price_unit": "L"
      }
    ]
  },
  {
    "source_url": "https://www.woolworths.com.au/shop/productdetails/45392/brownes-dairy-coffee-chill",
    "name": "Brownes Coffee Chill 600ml",
    "image_url": "https://cdn1.woolworths.media/content/wowproductimages/large/045392.jpg",
    "source_id": "Woolworths - 45392",
    "barcode": "9300662317579",
    "category_id": "1_6E4F4E4",
    "shop": "Woolworths",
    "weight": "1L",
    "prices": [
      {
        "state": "WA",
        "price": "295",
        "price_per_unit": "492",
        "price_unit": "L"
      }
    ]
  },
  {
    "source_url": "https://www.woolworths.com.au/shop/productdetails/18869/brownes-dairy-chill-protein-iced-coffee",
    "name": "Brownes Dairy Chill + Protein Iced Coffee 500mL",
    "image_url": "https://cdn1.woolworths.media/content/wowproductimages/large/018869.jpg",
    "source_id": "Woolworths - 18869",
    "barcode": "9300662892526",
    "category_id": "1_6E4F4E4",
    "shop": "Woolworths",
    "weight": "1L",
    "prices": [
      {
        "state": "WA",
        "price": "395",
        "price_per_unit": "790",
        "price_unit": "L"
      }
    ]
  },
  {
    "source_url": "https://www.woolworths.com.au/shop/productdetails/899807/dc-specialty-coffee-roasters-strong-iced-latte",
    "name": "DC Specialty Coffee Roasters Strong Iced Latte 375ml",
    "image_url": "https://cdn1.woolworths.media/content/wowproductimages/large/899807.jpg",
    "source_id": "Woolworths - 899807",
    "barcode": "9349700000219",
    "category_id": "1_6E4F4E4",
    "shop": "Woolworths",
    "weight": "1L",
    "prices": [
      {
        "state": "WA",
        "price": "245",
        "price_per_unit": "653",
        "price_unit": "L"
      },
      {
        "state": "SA",
        "price": "245",
        "price_per_unit": "653",
        "price_unit": "L"
      },
      {
        "state": "ACT",
        "price": "245",
        "price_per_unit": "653",
        "price_unit": "L"
      }
    ]
  },
  {
    "source_url": "https://www.woolworths.com.au/shop/productdetails/898441/dc-specialty-coffee-roasters-x-strong-iced-latte",
    "name": "DC Specialty Coffee Roasters X-Strong Iced Latte 375ml",
    "image_url": "https://cdn1.woolworths.media/content/wowproductimages/large/898441.jpg",
    "source_id": "Woolworths - 898441",
    "barcode": "9349700000226",
    "category_id": "1_6E4F4E4",
    "shop": "Woolworths",
    "weight": "1L",
    "prices": [
      {
        "state": "WA",
        "price": "245",
        "price_per_unit": "653",
        "price_unit": "L"
      },
      {
        "state": "SA",
        "price": "245",
        "price_per_unit": "653",
        "price_unit": "L"
      },
      {
        "state": "TAS",
        "price": "245",
        "price_per_unit": "653",
        "price_unit": "L"
      },
      {
        "state": "ACT",
        "price": "245",
        "price_per_unit": "653",
        "price_unit": "L"
      }
    ]
  },
  {
    "source_url": "https://www.woolworths.com.au/shop/productdetails/621283/hunt-and-brew-cold-brew-coffee-colombia",
    "name": "Hunt And Brew Cold Brew Coffee Colombia 400ml",
    "image_url": "https://cdn1.woolworths.media/content/wowproductimages/large/621283.jpg",
    "source_id": "Woolworths - 621283",
    "barcode": "9300662886501",
    "category_id": "1_6E4F4E4",
    "shop": "Woolworths",
    "weight": "1L",
    "prices": [
      {
        "state": "WA",
        "price": "495",
        "price_per_unit": "1238",
        "price_unit": "L"
      }
    ]
  },
  {
    "source_url": "https://www.woolworths.com.au/shop/productdetails/621267/hunt-and-brew-cold-brew-coffee-honduras",
    "name": "Hunt And Brew Cold Brew Coffee Honduras 400ml",
    "image_url": "https://cdn1.woolworths.media/content/wowproductimages/large/621267.jpg",
    "source_id": "Woolworths - 621267",
    "barcode": "9300662886495",
    "category_id": "1_6E4F4E4",
    "shop": "Woolworths",
    "weight": "1L",
    "prices": [
      {
        "state": "WA",
        "price": "495",
        "price_per_unit": "1238",
        "price_unit": "L"
      }
    ]
  },
  {
    "source_url": "https://www.woolworths.com.au/shop/productdetails/772536/ice-break-iced-coffee-regular-flavoured-milk",
    "name": "Ice Break Iced Coffee Regular Flavoured Milk 750mL",
    "image_url": "https://cdn1.woolworths.media/content/wowproductimages/large/772536.jpg",
    "source_id": "Woolworths - 772536",
    "barcode": "9310036067139",
    "category_id": "1_6E4F4E4",
    "shop": "Woolworths",
    "weight": "1L",
    "prices": [
      {
        "state": "WA",
        "price": "495",
        "price_per_unit": "660",
        "price_unit": "L"
      },
      {
        "state": "SA",
        "price": "495",
        "price_per_unit": "660",
        "price_unit": "L"
      }
    ]
  },
  {
    "source_url": "https://www.woolworths.com.au/shop/productdetails/772547/ice-break-triple-shot-iced-coffee",
    "name": "Ice Break Triple Shot Iced Coffee 500mL",
    "image_url": "https://cdn1.woolworths.media/content/wowproductimages/large/772547.jpg",
    "source_id": "Woolworths - 772547",
    "barcode": "9310036045106",
    "category_id": "1_6E4F4E4",
    "shop": "Woolworths",
    "weight": "1L",
    "prices": [
      {
        "state": "WA",
        "price": "270",
        "price_per_unit": "540",
        "price_unit": "L"
      }
    ]
  },
  {
    "source_url": "https://www.woolworths.com.au/shop/productdetails/45350/masters-chocolate-flavoured-milk-milk",
    "name": "Masters Chocolate Flavoured Milk 600mL",
    "image_url": "https://cdn1.woolworths.media/content/wowproductimages/large/045350.jpg",
    "source_id": "Woolworths - 45350",
    "barcode": "9310078101402",
    "category_id": "1_6E4F4E4",
    "shop": "Woolworths",
    "weight": "1L",
    "prices": [
      {
        "state": "WA",
        "price": "360",
        "price_per_unit": "600",
        "price_unit": "L"
      }
    ]
  },
  {
    "source_url": "https://www.woolworths.com.au/shop/productdetails/79699/masters-chocolate-milk",
    "name": "Masters Chocolate Milk 2l",
    "image_url": "https://cdn1.woolworths.media/content/wowproductimages/large/079699.jpg",
    "source_id": "Woolworths - 79699",
    "barcode": "9310078101907",
    "category_id": "1_6E4F4E4",
    "shop": "Woolworths",
    "weight": "1L",
    "prices": [
      {
        "state": "WA",
        "price": "650",
        "price_per_unit": "325",
        "price_unit": "L"
      }
    ]
  },
  {
    "source_url": "https://www.woolworths.com.au/shop/productdetails/45349/masters-chocolate-milk",
    "name": "Masters Chocolate Milk 300ml",
    "image_url": "https://cdn1.woolworths.media/content/wowproductimages/large/045349.jpg",
    "source_id": "Woolworths - 45349",
    "barcode": "9310078101600",
    "category_id": "1_6E4F4E4",
    "shop": "Woolworths",
    "weight": "1L",
    "prices": [
      {
        "state": "WA",
        "price": "250",
        "price_per_unit": "833",
        "price_unit": "L"
      }
    ]
  },
  {
    "source_url": "https://www.woolworths.com.au/shop/productdetails/686185/masters-chocolate-milk",
    "name": "Masters Chocolate Milk 750ml",
    "image_url": "https://cdn1.woolworths.media/content/wowproductimages/large/686185.jpg",
    "source_id": "Woolworths - 686185",
    "barcode": "9310232958101",
    "category_id": "1_6E4F4E4",
    "shop": "Woolworths",
    "weight": "1L",
    "prices": [
      {
        "state": "WA",
        "price": "450",
        "price_per_unit": "600",
        "price_unit": "L"
      }
    ]
  },
  {
    "source_url": "https://www.woolworths.com.au/shop/productdetails/263408/masters-flavoured-milk-double-shot-iced-coffee",
    "name": "Masters Flavoured Milk Double Shot Iced Coffee 600ml",
    "image_url": "https://cdn1.woolworths.media/content/wowproductimages/large/263408.jpg",
    "source_id": "Woolworths - 263408",
    "barcode": "9310232954042",
    "category_id": "1_6E4F4E4",
    "shop": "Woolworths",
    "weight": "1L",
    "prices": [
      {
        "state": "WA",
        "price": "360",
        "price_per_unit": "600",
        "price_unit": "L"
      }
    ]
  },
  {
    "source_url": "https://www.woolworths.com.au/shop/productdetails/145287/masters-flavoured-milk-iced-coffee-light",
    "name": "Masters Flavoured Milk Iced Coffee Light 600ml",
    "image_url": "https://cdn1.woolworths.media/content/wowproductimages/large/145287.jpg",
    "source_id": "Woolworths - 145287",
    "barcode": "9310078150042",
    "category_id": "1_6E4F4E4",
    "shop": "Woolworths",
    "weight": "1L",
    "prices": [
      {
        "state": "WA",
        "price": "360",
        "price_per_unit": "600",
        "price_unit": "L"
      }
    ]
  },
  {
    "source_url": "https://www.woolworths.com.au/shop/productdetails/8864/masters-iced-coffee",
    "name": "Masters Iced Coffee 2l",
    "image_url": "https://cdn1.woolworths.media/content/wowproductimages/large/008864.jpg",
    "source_id": "Woolworths - 8864",
    "barcode": "9310078103901",
    "category_id": "1_6E4F4E4",
    "shop": "Woolworths",
    "weight": "1L",
    "prices": [
      {
        "state": "WA",
        "price": "650",
        "price_per_unit": "325",
        "price_unit": "L"
      }
    ]
  },
  {
    "source_url": "https://www.woolworths.com.au/shop/productdetails/1746/masters-iced-coffee",
    "name": "Masters Iced Coffee 300ml",
    "image_url": "https://cdn1.woolworths.media/content/wowproductimages/large/001746.jpg",
    "source_id": "Woolworths - 1746",
    "barcode": "9310078103802",
    "category_id": "1_6E4F4E4",
    "shop": "Woolworths",
    "weight": "1L",
    "prices": [
      {
        "state": "WA",
        "price": "250",
        "price_per_unit": "833",
        "price_unit": "L"
      }
    ]
  },
  {
    "source_url": "https://www.woolworths.com.au/shop/productdetails/1824/masters-iced-coffee",
    "name": "Masters Iced Coffee 600ml",
    "image_url": "https://cdn1.woolworths.media/content/wowproductimages/large/001824.jpg",
    "source_id": "Woolworths - 1824",
    "barcode": "9310078103604",
    "category_id": "1_6E4F4E4",
    "shop": "Woolworths",
    "weight": "1L",
    "prices": [
      {
        "state": "WA",
        "price": "360",
        "price_per_unit": "600",
        "price_unit": "L"
      }
    ]
  },
  {
    "source_url": "https://www.woolworths.com.au/shop/productdetails/971040/masters-mocha",
    "name": "Masters Mocha 2l",
    "image_url": "https://cdn1.woolworths.media/content/wowproductimages/large/971040.jpg",
    "source_id": "Woolworths - 971040",
    "barcode": "9310232956664",
    "category_id": "1_6E4F4E4",
    "shop": "Woolworths",
    "weight": "1L",
    "prices": [
      {
        "state": "WA",
        "price": "650",
        "price_per_unit": "325",
        "price_unit": "L"
      }
    ]
  },
  {
    "source_url": "https://www.woolworths.com.au/shop/productdetails/41709/masters-mocha",
    "name": "Masters Mocha 600ml",
    "image_url": "https://cdn1.woolworths.media/content/wowproductimages/large/041709.jpg",
    "source_id": "Woolworths - 41709",
    "barcode": "9310078111180",
    "category_id": "1_6E4F4E4",
    "shop": "Woolworths",
    "weight": "1L",
    "prices": [
      {
        "state": "WA",
        "price": "360",
        "price_per_unit": "600",
        "price_unit": "L"
      }
    ]
  },
  {
    "source_url": "https://www.woolworths.com.au/shop/productdetails/1825/masters-spearmint-flavoured-milk-milk",
    "name": "Masters Spearmint Flavoured Milk 600mL",
    "image_url": "https://cdn1.woolworths.media/content/wowproductimages/large/001825.jpg",
    "source_id": "Woolworths - 1825",
    "barcode": "9310078130150",
    "category_id": "1_6E4F4E4",
    "shop": "Woolworths",
    "weight": "1L",
    "prices": [
      {
        "state": "WA",
        "price": "360",
        "price_per_unit": "600",
        "price_unit": "L"
      }
    ]
  },
  {
    "source_url": "https://www.woolworths.com.au/shop/productdetails/686283/masters-strawberry-flavoured-milk",
    "name": "Masters Strawberry Flavoured Milk 300ml",
    "image_url": "https://cdn1.woolworths.media/content/wowproductimages/large/686283.jpg",
    "source_id": "Woolworths - 686283",
    "barcode": "9310232958170",
    "category_id": "1_6E4F4E4",
    "shop": "Woolworths",
    "weight": "1L",
    "prices": [
      {
        "state": "WA",
        "price": "250",
        "price_per_unit": "833",
        "price_unit": "L"
      }
    ]
  },
  {
    "source_url": "https://www.woolworths.com.au/shop/productdetails/686186/masters-strawberry-flavoured-milk-milk",
    "name": "Masters Strawberry Flavoured Milk 750mL",
    "image_url": "https://cdn1.woolworths.media/content/wowproductimages/large/686186.jpg",
    "source_id": "Woolworths - 686186",
    "barcode": "9310232958132",
    "category_id": "1_6E4F4E4",
    "shop": "Woolworths",
    "weight": "1L",
    "prices": [
      {
        "state": "WA",
        "price": "450",
        "price_per_unit": "600",
        "price_unit": "L"
      }
    ]
  },
  {
    "source_url": "https://www.woolworths.com.au/shop/productdetails/420585/nedd-s-choccy-milk",
    "name": "Nedd's Choccy Milk 500mL",
    "image_url": "https://cdn1.woolworths.media/content/wowproductimages/large/420585.jpg",
    "source_id": "Woolworths - 420585",
    "barcode": "9309000708048",
    "category_id": "1_6E4F4E4",
    "shop": "Woolworths",
    "weight": "1L",
    "prices": [
      {
        "state": "WA",
        "price": "450",
        "price_per_unit": "900",
        "price_unit": "L"
      },
      {
        "state": "SA",
        "price": "450",
        "price_per_unit": "900",
        "price_unit": "L"
      },
      {
        "state": "ACT",
        "price": "450",
        "price_per_unit": "900",
        "price_unit": "L"
      },
      {
        "state": "NT",
        "price": "450",
        "price_per_unit": "900",
        "price_unit": "L"
      }
    ]
  },
  {
    "source_url": "https://www.woolworths.com.au/shop/productdetails/420782/nedd-s-ice-coffee",
    "name": "Nedd's Ice Coffee 500mL",
    "image_url": "https://cdn1.woolworths.media/content/wowproductimages/large/420782.jpg",
    "source_id": "Woolworths - 420782",
    "barcode": "9309000708055",
    "category_id": "1_6E4F4E4",
    "shop": "Woolworths",
    "weight": "1L",
    "prices": [
      {
        "state": "WA",
        "price": "450",
        "price_per_unit": "900",
        "price_unit": "L"
      },
      {
        "state": "SA",
        "price": "450",
        "price_per_unit": "900",
        "price_unit": "L"
      },
      {
        "state": "TAS",
        "price": "450",
        "price_per_unit": "900",
        "price_unit": "L"
      },
      {
        "state": "ACT",
        "price": "450",
        "price_per_unit": "900",
        "price_unit": "L"
      },
      {
        "state": "NT",
        "price": "450",
        "price_per_unit": "900",
        "price_unit": "L"
      }
    ]
  },
  {
    "source_url": "https://www.woolworths.com.au/shop/productdetails/391924/oak-caramel-coffee-flavoured-milk",
    "name": "OAK Caramel Coffee Flavoured Milk 600mL",
    "image_url": "https://cdn1.woolworths.media/content/wowproductimages/large/391924.jpg",
    "source_id": "Woolworths - 391924",
    "barcode": "9310036079064",
    "category_id": "1_6E4F4E4",
    "shop": "Woolworths",
    "weight": "1L",
    "prices": [
      {
        "state": "WA",
        "price": "280",
        "price_per_unit": "467",
        "price_unit": "L"
      },
      {
        "state": "SA",
        "price": "280",
        "price_per_unit": "467",
        "price_unit": "L"
      },
      {
        "state": "NT",
        "price": "290",
        "price_per_unit": "483",
        "price_unit": "L"
      }
    ]
  },
  {
    "source_url": "https://www.woolworths.com.au/shop/productdetails/847775/sanitarium-up-go-protein-energize-vanilla-milk",
    "name": "Sanitarium Up & Go Protein Energize Vanilla Milk 500ml",
    "image_url": "https://cdn1.woolworths.media/content/wowproductimages/large/847775.jpg",
    "source_id": "Woolworths - 847775",
    "barcode": "9300652806069",
    "category_id": "1_6E4F4E4",
    "shop": "Woolworths",
    "weight": "1L",
    "prices": [
      {
        "state": "WA",
        "price": "440",
        "price_per_unit": "880",
        "price_unit": "L"
      },
      {
        "state": "SA",
        "price": "440",
        "price_per_unit": "880",
        "price_unit": "L"
      },
      {
        "state": "TAS",
        "price": "440",
        "price_per_unit": "880",
        "price_unit": "L"
      },
      {
        "state": "ACT",
        "price": "440",
        "price_per_unit": "880",
        "price_unit": "L"
      },
      {
        "state": "NT",
        "price": "440",
        "price_per_unit": "880",
        "price_unit": "L"
      }
    ]
  },
  {
    "source_url": "https://www.woolworths.com.au/shop/productdetails/250655/up-go-protein-energize-banana-flavour-drink",
    "name": "Up&Go Protein Energize Banana Flavour Drink 500ml",
    "image_url": "https://cdn1.woolworths.media/content/wowproductimages/large/250655.jpg",
    "source_id": "Woolworths - 250655",
    "barcode": "9300652810493",
    "category_id": "1_6E4F4E4",
    "shop": "Woolworths",
    "weight": "1L",
    "prices": [
      {
        "state": "WA",
        "price": "440",
        "price_per_unit": "880",
        "price_unit": "L"
      },
      {
        "state": "SA",
        "price": "440",
        "price_per_unit": "880",
        "price_unit": "L"
      },
      {
        "state": "TAS",
        "price": "440",
        "price_per_unit": "880",
        "price_unit": "L"
      },
      {
        "state": "ACT",
        "price": "440",
        "price_per_unit": "880",
        "price_unit": "L"
      },
      {
        "state": "NT",
        "price": "440",
        "price_per_unit": "880",
        "price_unit": "L"
      }
    ]
  },
  {
    "source_url": "https://www.woolworths.com.au/shop/productdetails/103915/99th-monkey-plant-based-20g-protein-chocolate-smoothie",
    "name": "99th Monkey Plant-Based 20g Protein Chocolate Smoothie 350mL",
    "image_url": "https://cdn1.woolworths.media/content/wowproductimages/large/103915.jpg",
    "source_id": "Woolworths - 103915",
    "barcode": "9354147000425",
    "category_id": "1_6E4F4E4",
    "shop": "Woolworths",
    "weight": "1L",
    "prices": [
      {
        "state": "SA",
        "price": "550",
        "price_per_unit": "1571",
        "price_unit": "L"
      },
      {
        "state": "ACT",
        "price": "550",
        "price_per_unit": "1571",
        "price_unit": "L"
      }
    ]
  },
  {
    "source_url": "https://www.woolworths.com.au/shop/productdetails/103287/99th-monkey-plant-based-20g-protein-coffee-smoothie",
    "name": "99th Monkey Plant-Based 20g Protein Coffee Smoothie 350mL",
    "image_url": "https://cdn1.woolworths.media/content/wowproductimages/large/103287.jpg",
    "source_id": "Woolworths - 103287",
    "barcode": "9354147000432",
    "category_id": "1_6E4F4E4",
    "shop": "Woolworths",
    "weight": "100ML",
    "prices": [
      {
        "state": "SA",
        "price": "550",
        "price_per_unit": "157",
        "price_unit": "ML"
      },
      {
        "state": "TAS",
        "price": "550",
        "price_per_unit": "157",
        "price_unit": "ML"
      },
      {
        "state": "ACT",
        "price": "550",
        "price_per_unit": "157",
        "price_unit": "ML"
      },
      {
        "state": "NT",
        "price": "550",
        "price_per_unit": "157",
        "price_unit": "ML"
      }
    ]
  },
  {
    "source_url": "https://www.woolworths.com.au/shop/productdetails/72378/amp-coffee-co-coffee-co-iced-latte",
    "name": "Amp Coffee Co Coffee Co Iced Latte 250mL",
    "image_url": "https://cdn1.woolworths.media/content/wowproductimages/large/072378.jpg",
    "source_id": "Woolworths - 72378",
    "barcode": "9348496000724",
    "category_id": "1_6E4F4E4",
    "shop": "Woolworths",
    "weight": "1L",
    "prices": [
      {
        "state": "SA",
        "price": "400",
        "price_per_unit": "1600",
        "price_unit": "L"
      },
      {
        "state": "ACT",
        "price": "400",
        "price_per_unit": "1600",
        "price_unit": "L"
      },
      {
        "state": "NT",
        "price": "400",
        "price_per_unit": "1600",
        "price_unit": "L"
      }
    ]
  },
  {
    "source_url": "https://www.woolworths.com.au/shop/productdetails/72086/amp-coffee-co-double-shot",
    "name": "Amp Coffee Co Double Shot 250mL",
    "image_url": "https://cdn1.woolworths.media/content/wowproductimages/large/072086.jpg",
    "source_id": "Woolworths - 72086",
    "barcode": "9348496000786",
    "category_id": "1_6E4F4E4",
    "shop": "Woolworths",
    "weight": "1L",
    "prices": [
      {
        "state": "SA",
        "price": "400",
        "price_per_unit": "1600",
        "price_unit": "L"
      },
      {
        "state": "ACT",
        "price": "400",
        "price_per_unit": "1600",
        "price_unit": "L"
      },
      {
        "state": "NT",
        "price": "400",
        "price_per_unit": "1600",
        "price_unit": "L"
      }
    ]
  },
  {
    "source_url": "https://www.woolworths.com.au/shop/productdetails/277564/cafe-peak-iced-coffee-latte",
    "name": "Cafe Peak Iced Coffee Latte 240ml",
    "image_url": "https://cdn1.woolworths.media/content/wowproductimages/large/277564.jpg",
    "source_id": "Woolworths - 277564",
    "barcode": "9335463002447",
    "category_id": "1_6E4F4E4",
    "shop": "Woolworths",
    "weight": "1L",
    "prices": [
      {
        "state": "SA",
        "price": "175",
        "price_per_unit": "729",
        "price_unit": "L"
      },
      {
        "state": "NT",
        "price": "175",
        "price_per_unit": "729",
        "price_unit": "L"
      }
    ]
  },
  {
    "source_url": "https://www.woolworths.com.au/shop/productdetails/71921/cor-de-coco-strong-long-black-cold-brew",
    "name": "Cor De Coco Strong Long Black Cold Brew 250mL",
    "image_url": "https://cdn1.woolworths.media/content/wowproductimages/large/071921.jpg",
    "source_id": "Woolworths - 71921",
    "barcode": "9311357024009",
    "category_id": "1_6E4F4E4",
    "shop": "Woolworths",
    "weight": "1L",
    "prices": [
      {
        "state": "SA",
        "price": "200",
        "price_per_unit": "800",
        "price_unit": "L"
      },
      {
        "state": "ACT",
        "price": "200",
        "price_per_unit": "800",
        "price_unit": "L"
      }
    ]
  },
  {
    "source_url": "https://www.woolworths.com.au/shop/productdetails/77107/cor-de-coco-vanilla-flavoured-latte-cold-brew",
    "name": "Cor De Coco Vanilla Flavoured Latte Cold Brew 250mL",
    "image_url": "https://cdn1.woolworths.media/content/wowproductimages/large/077107.jpg",
    "source_id": "Woolworths - 77107",
    "barcode": "9311357021008",
    "category_id": "1_6E4F4E4",
    "shop": "Woolworths",
    "weight": "1L",
    "prices": [
      {
        "state": "SA",
        "price": "200",
        "price_per_unit": "800",
        "price_unit": "L"
      },
      {
        "state": "ACT",
        "price": "200",
        "price_per_unit": "800",
        "price_unit": "L"
      }
    ]
  },
  {
    "source_url": "https://www.woolworths.com.au/shop/productdetails/43908/dairy-farmers-classic-chocolate",
    "name": "Dairy Farmers Classic Chocolate 2l",
    "image_url": "https://cdn1.woolworths.media/content/wowproductimages/large/043908.jpg",
    "source_id": "Woolworths - 43908",
    "barcode": "9310232959528",
    "category_id": "1_6E4F4E4",
    "shop": "Woolworths",
    "weight": "1L",
    "prices": [
      {
        "state": "SA",
        "price": "650",
        "price_per_unit": "325",
        "price_unit": "L"
      },
      {
        "state": "NT",
        "price": "650",
        "price_per_unit": "325",
        "price_unit": "L"
      }
    ]
  },
  {
    "source_url": "https://www.woolworths.com.au/shop/productdetails/43621/dairy-farmers-classic-chocolate",
    "name": "Dairy Farmers Classic Chocolate 375ml",
    "image_url": "https://cdn1.woolworths.media/content/wowproductimages/large/043621.jpg",
    "source_id": "Woolworths - 43621",
    "barcode": "9310232959504",
    "category_id": "1_6E4F4E4",
    "shop": "Woolworths",
    "weight": "1L",
    "prices": [
      {
        "state": "SA",
        "price": "270",
        "price_per_unit": "720",
        "price_unit": "L"
      }
    ]
  },
  {
    "source_url": "https://www.woolworths.com.au/shop/productdetails/43680/dairy-farmers-classic-chocolate",
    "name": "Dairy Farmers Classic Chocolate 600ml",
    "image_url": "https://cdn1.woolworths.media/content/wowproductimages/large/043680.jpg",
    "source_id": "Woolworths - 43680",
    "barcode": "9310232959511",
    "category_id": "1_6E4F4E4",
    "shop": "Woolworths",
    "weight": "1L",
    "prices": [
      {
        "state": "SA",
        "price": "390",
        "price_per_unit": "650",
        "price_unit": "L"
      },
      {
        "state": "NT",
        "price": "390",
        "price_per_unit": "650",
        "price_unit": "L"
      }
    ]
  },
  {
    "source_url": "https://www.woolworths.com.au/shop/productdetails/43667/dairy-farmers-classic-iced-coffee",
    "name": "Dairy Farmers Classic Iced Coffee 600mL",
    "image_url": "https://cdn1.woolworths.media/content/wowproductimages/large/043667.jpg",
    "source_id": "Woolworths - 43667",
    "barcode": "9310232959337",
    "category_id": "1_6E4F4E4",
    "shop": "Woolworths",
    "weight": "1L",
    "prices": [
      {
        "state": "SA",
        "price": "390",
        "price_per_unit": "650",
        "price_unit": "L"
      },
      {
        "state": "NT",
        "price": "390",
        "price_per_unit": "650",
        "price_unit": "L"
      }
    ]
  },
  {
    "source_url": "https://www.woolworths.com.au/shop/productdetails/43694/dairy-farmers-classic-mocha",
    "name": "Dairy Farmers Classic Mocha 600ml",
    "image_url": "https://cdn1.woolworths.media/content/wowproductimages/large/043694.jpg",
    "source_id": "Woolworths - 43694",
    "barcode": "9310232959368",
    "category_id": "1_6E4F4E4",
    "shop": "Woolworths",
    "weight": "1L",
    "prices": [
      {
        "state": "SA",
        "price": "390",
        "price_per_unit": "650",
        "price_unit": "L"
      }
    ]
  },
  {
    "source_url": "https://www.woolworths.com.au/shop/productdetails/43693/dairy-farmers-classic-strawberry",
    "name": "Dairy Farmers Classic Strawberry 600ml",
    "image_url": "https://cdn1.woolworths.media/content/wowproductimages/large/043693.jpg",
    "source_id": "Woolworths - 43693",
    "barcode": "9310232959351",
    "category_id": "1_6E4F4E4",
    "shop": "Woolworths",
    "weight": "1L",
    "prices": [
      {
        "state": "SA",
        "price": "390",
        "price_per_unit": "650",
        "price_unit": "L"
      },
      {
        "state": "NT",
        "price": "390",
        "price_per_unit": "650",
        "price_unit": "L"
      }
    ]
  },
  {
    "source_url": "https://www.woolworths.com.au/shop/productdetails/11816/farmers-union-feel-good-iced-coffee",
    "name": "Farmers Union Feel Good Iced Coffee 300ml",
    "image_url": "https://cdn1.woolworths.media/content/wowproductimages/large/011816.jpg",
    "source_id": "Woolworths - 11816",
    "barcode": "9310232959474",
    "category_id": "1_6E4F4E4",
    "shop": "Woolworths",
    "weight": "1L",
    "prices": [
      {
        "state": "SA",
        "price": "250",
        "price_per_unit": "833",
        "price_unit": "L"
      },
      {
        "state": "NT",
        "price": "250",
        "price_per_unit": "833",
        "price_unit": "L"
      }
    ]
  },
  {
    "source_url": "https://www.woolworths.com.au/shop/productdetails/696077/farmers-union-iced-coffee",
    "name": "Farmers Union Iced Coffee 2l",
    "image_url": "https://cdn1.woolworths.media/content/wowproductimages/large/696077.jpg",
    "source_id": "Woolworths - 696077",
    "barcode": "9300664020613",
    "category_id": "1_6E4F4E4",
    "shop": "Woolworths",
    "weight": "1L",
    "prices": [
      {
        "state": "SA",
        "price": "650",
        "price_per_unit": "325",
        "price_unit": "L"
      },
      {
        "state": "NT",
        "price": "650",
        "price_per_unit": "325",
        "price_unit": "L"
      }
    ]
  },
  {
    "source_url": "https://www.woolworths.com.au/shop/productdetails/11769/farmers-union-iced-coffee",
    "name": "Farmers Union Iced Coffee 300ml",
    "image_url": "https://cdn1.woolworths.media/content/wowproductimages/large/011769.jpg",
    "source_id": "Woolworths - 11769",
    "barcode": "9310232959467",
    "category_id": "1_6E4F4E4",
    "shop": "Woolworths",
    "weight": "1L",
    "prices": [
      {
        "state": "SA",
        "price": "250",
        "price_per_unit": "833",
        "price_unit": "L"
      },
      {
        "state": "NT",
        "price": "250",
        "price_per_unit": "833",
        "price_unit": "L"
      }
    ]
  },
  {
    "source_url": "https://www.woolworths.com.au/shop/productdetails/67150/farmers-union-iced-coffee-36g-protein",
    "name": "Farmers Union Iced Coffee 36g Protein 600mL",
    "image_url": "https://cdn1.woolworths.media/content/wowproductimages/large/067150.jpg",
    "source_id": "Woolworths - 67150",
    "barcode": "9310232962009",
    "category_id": "1_6E4F4E4",
    "shop": "Woolworths",
    "weight": "1L",
    "prices": [
      {
        "state": "SA",
        "price": "410",
        "price_per_unit": "683",
        "price_unit": "L"
      },
      {
        "state": "NT",
        "price": "410",
        "price_per_unit": "683",
        "price_unit": "L"
      }
    ]
  },
  {
    "source_url": "https://www.woolworths.com.au/shop/productdetails/335809/farmers-union-iced-coffee",
    "name": "Farmers Union Iced Coffee 750ml",
    "image_url": "https://cdn1.woolworths.media/content/wowproductimages/large/335809.jpg",
    "source_id": "Woolworths - 335809",
    "barcode": "9310232954806",
    "category_id": "1_6E4F4E4",
    "shop": "Woolworths",
    "weight": "1L",
    "prices": [
      {
        "state": "SA",
        "price": "470",
        "price_per_unit": "627",
        "price_unit": "L"
      },
      {
        "state": "TAS",
        "price": "470",
        "price_per_unit": "627",
        "price_unit": "L"
      },
      {
        "state": "NT",
        "price": "470",
        "price_per_unit": "627",
        "price_unit": "L"
      }
    ]
  },
  {
    "source_url": "https://www.woolworths.com.au/shop/productdetails/71914/farmers-union-iced-coffee-lactose-free",
    "name": "Farmers Union Iced Coffee Lactose Free 2L",
    "image_url": "https://cdn1.woolworths.media/content/wowproductimages/large/071914.jpg",
    "source_id": "Woolworths - 71914",
    "barcode": "9310232961842",
    "category_id": "1_6E4F4E4",
    "shop": "Woolworths",
    "weight": "1L",
    "prices": [
      {
        "state": "SA",
        "price": "650",
        "price_per_unit": "325",
        "price_unit": "L"
      }
    ]
  },
  {
    "source_url": "https://www.woolworths.com.au/shop/productdetails/212793/farmers-union-lactose-free-iced-coffee",
    "name": "Farmers Union Lactose Free Iced Coffee 600ml",
    "image_url": "https://cdn1.woolworths.media/content/wowproductimages/large/212793.jpg",
    "source_id": "Woolworths - 212793",
    "barcode": "9310232960982",
    "category_id": "1_6E4F4E4",
    "shop": "Woolworths",
    "weight": "1L",
    "prices": [
      {
        "state": "SA",
        "price": "390",
        "price_per_unit": "650",
        "price_unit": "L"
      },
      {
        "state": "NT",
        "price": "390",
        "price_per_unit": "650",
        "price_unit": "L"
      }
    ]
  },
  {
    "source_url": "https://www.woolworths.com.au/shop/productdetails/122276/farmers-union-no-added-sugar-iced-coffee",
    "name": "Farmers Union No Added Sugar Iced Coffee 2l",
    "image_url": "https://cdn1.woolworths.media/content/wowproductimages/large/122276.jpg",
    "source_id": "Woolworths - 122276",
    "barcode": "9310232959672",
    "category_id": "1_6E4F4E4",
    "shop": "Woolworths",
    "weight": "1L",
    "prices": [
      {
        "state": "SA",
        "price": "650",
        "price_per_unit": "325",
        "price_unit": "L"
      }
    ]
  },
  {
    "source_url": "https://www.woolworths.com.au/shop/productdetails/65793/farmers-union-no-sugar-added-iced-coffee",
    "name": "Farmers Union No Sugar Added Iced Coffee 600ml",
    "image_url": "https://cdn1.woolworths.media/content/wowproductimages/large/065793.jpg",
    "source_id": "Woolworths - 65793",
    "barcode": "9310232959665",
    "category_id": "1_6E4F4E4",
    "shop": "Woolworths",
    "weight": "1L",
    "prices": [
      {
        "state": "SA",
        "price": "390",
        "price_per_unit": "650",
        "price_unit": "L"
      },
      {
        "state": "NT",
        "price": "390",
        "price_per_unit": "650",
        "price_unit": "L"
      }
    ]
  },
  {
    "source_url": "https://www.woolworths.com.au/shop/productdetails/255245/farmers-union-strong-iced-coffee",
    "name": "Farmers Union Strong Iced Coffee 2l",
    "image_url": "https://cdn1.woolworths.media/content/wowproductimages/large/255245.jpg",
    "source_id": "Woolworths - 255245",
    "barcode": "9310232953625",
    "category_id": "1_6E4F4E4",
    "shop": "Woolworths",
    "weight": "1L",
    "prices": [
      {
        "state": "SA",
        "price": "650",
        "price_per_unit": "325",
        "price_unit": "L"
      },
      {
        "state": "NT",
        "price": "650",
        "price_per_unit": "325",
        "price_unit": "L"
      }
    ]
  },
  {
    "source_url": "https://www.woolworths.com.au/shop/productdetails/255259/farmers-union-strong-iced-coffee",
    "name": "Farmers Union Strong Iced Coffee 600ml",
    "image_url": "https://cdn1.woolworths.media/content/wowproductimages/large/255259.jpg",
    "source_id": "Woolworths - 255259",
    "barcode": "9310232953618",
    "category_id": "1_6E4F4E4",
    "shop": "Woolworths",
    "weight": "1L",
    "prices": [
      {
        "state": "SA",
        "price": "390",
        "price_per_unit": "650",
        "price_unit": "L"
      },
      {
        "state": "NT",
        "price": "390",
        "price_per_unit": "650",
        "price_unit": "L"
      }
    ]
  },
  {
    "source_url": "https://www.woolworths.com.au/shop/productdetails/98251/feel-good-ice-coffee-low-fat-coffee",
    "name": "Feel Good Ice Coffee Low Fat 2L",
    "image_url": "https://cdn1.woolworths.media/content/wowproductimages/large/098251.jpg",
    "source_id": "Woolworths - 98251",
    "barcode": "9300664042646",
    "category_id": "1_6E4F4E4",
    "shop": "Woolworths",
    "weight": "1L",
    "prices": [
      {
        "state": "SA",
        "price": "650",
        "price_per_unit": "325",
        "price_unit": "L"
      },
      {
        "state": "NT",
        "price": "650",
        "price_per_unit": "325",
        "price_unit": "L"
      }
    ]
  },
  {
    "source_url": "https://www.woolworths.com.au/shop/productdetails/157352/feelgood-australia-coffee",
    "name": "Feelgood Australia Coffee 600ml",
    "image_url": "https://cdn1.woolworths.media/content/wowproductimages/large/157352.jpg",
    "source_id": "Woolworths - 157352",
    "barcode": "9300664300548",
    "category_id": "1_6E4F4E4",
    "shop": "Woolworths",
    "weight": "1L",
    "prices": [
      {
        "state": "SA",
        "price": "390",
        "price_per_unit": "650",
        "price_unit": "L"
      },
      {
        "state": "NT",
        "price": "390",
        "price_per_unit": "650",
        "price_unit": "L"
      }
    ]
  },
  {
    "source_url": "https://www.woolworths.com.au/shop/productdetails/104160/first-press-4-shot-dairy-iced-coffee",
    "name": "First Press 4-Shot Dairy Iced Coffee 350mL",
    "image_url": "https://cdn1.woolworths.media/content/wowproductimages/large/104160.jpg",
    "source_id": "Woolworths - 104160",
    "barcode": "9349499005501",
    "category_id": "1_6E4F4E4",
    "shop": "Woolworths",
    "weight": "1L",
    "prices": [
      {
        "state": "SA",
        "price": "350",
        "price_per_unit": "1000",
        "price_unit": "L"
      },
      {
        "state": "ACT",
        "price": "350",
        "price_per_unit": "1000",
        "price_unit": "L"
      },
      {
        "state": "NT",
        "price": "350",
        "price_per_unit": "1000",
        "price_unit": "L"
      }
    ]
  },
  {
    "source_url": "https://www.woolworths.com.au/shop/productdetails/122208/first-press-iced-coffee-almond-milk",
    "name": "First Press Iced Coffee Almond Milk 350ml",
    "image_url": "https://cdn1.woolworths.media/content/wowproductimages/large/122208.jpg",
    "source_id": "Woolworths - 122208",
    "barcode": "9349499005129",
    "category_id": "1_6E4F4E4",
    "shop": "Woolworths",
    "weight": "1L",
    "prices": [
      {
        "state": "SA",
        "price": "350",
        "price_per_unit": "1000",
        "price_unit": "L"
      },
      {
        "state": "ACT",
        "price": "350",
        "price_per_unit": "1000",
        "price_unit": "L"
      },
      {
        "state": "NT",
        "price": "350",
        "price_per_unit": "1000",
        "price_unit": "L"
      }
    ]
  },
  {
    "source_url": "https://www.woolworths.com.au/shop/productdetails/122978/first-press-iced-coffee-oat-milk-double-shot",
    "name": "First Press Iced Coffee Oat Milk Double Shot 350ml",
    "image_url": "https://cdn1.woolworths.media/content/wowproductimages/large/122978.jpg",
    "source_id": "Woolworths - 122978",
    "barcode": "9349499008021",
    "category_id": "1_6E4F4E4",
    "shop": "Woolworths",
    "weight": "1L",
    "prices": [
      {
        "state": "SA",
        "price": "350",
        "price_per_unit": "1000",
        "price_unit": "L"
      },
      {
        "state": "ACT",
        "price": "350",
        "price_per_unit": "1000",
        "price_unit": "L"
      },
      {
        "state": "NT",
        "price": "350",
        "price_per_unit": "1000",
        "price_unit": "L"
      }
    ]
  },
  {
    "source_url": "https://www.woolworths.com.au/shop/productdetails/95979/fleurieu-double-shot-iced-coffee-flavoured-milk",
    "name": "Fleurieu Double Shot Iced Coffee Flavoured Milk 500ml",
    "image_url": "https://cdn1.woolworths.media/content/wowproductimages/large/095979.jpg",
    "source_id": "Woolworths - 95979",
    "barcode": "9337536000565",
    "category_id": "1_6E4F4E4",
    "shop": "Woolworths",
    "weight": "1L",
    "prices": [
      {
        "state": "SA",
        "price": "300",
        "price_per_unit": "600",
        "price_unit": "L"
      }
    ]
  },
  {
    "source_url": "https://www.woolworths.com.au/shop/productdetails/95791/fleurieu-iced-coffee-flavoured-milk",
    "name": "Fleurieu Iced Coffee Flavoured Milk 500ml",
    "image_url": "https://cdn1.woolworths.media/content/wowproductimages/large/095791.jpg",
    "source_id": "Woolworths - 95791",
    "barcode": "9337536000046",
    "category_id": "1_6E4F4E4",
    "shop": "Woolworths",
    "weight": "1L",
    "prices": [
      {
        "state": "SA",
        "price": "300",
        "price_per_unit": "600",
        "price_unit": "L"
      }
    ]
  },
  {
    "source_url": "https://www.woolworths.com.au/shop/productdetails/97272/fleurieu-iced-coffee-no-added-sugar",
    "name": "Fleurieu Iced Coffee No Added Sugar 500ml",
    "image_url": "https://cdn1.woolworths.media/content/wowproductimages/large/097272.jpg",
    "source_id": "Woolworths - 97272",
    "barcode": "9337536000787",
    "category_id": "1_6E4F4E4",
    "shop": "Woolworths",
    "weight": "1L",
    "prices": [
      {
        "state": "SA",
        "price": "300",
        "price_per_unit": "600",
        "price_unit": "L"
      }
    ]
  },
  {
    "source_url": "https://www.woolworths.com.au/shop/productdetails/772567/ice-break-iced-coffee-regular-flavoured-milk",
    "name": "Ice Break Iced Coffee Regular Flavoured Milk 500mL",
    "image_url": "https://cdn1.woolworths.media/content/wowproductimages/large/772567.jpg",
    "source_id": "Woolworths - 772567",
    "barcode": "9310036043263",
    "category_id": "1_6E4F4E4",
    "shop": "Woolworths",
    "weight": "1L",
    "prices": [
      {
        "state": "SA",
        "price": "290",
        "price_per_unit": "580",
        "price_unit": "L"
      }
    ]
  },
  {
    "source_url": "https://www.woolworths.com.au/shop/productdetails/805966/ice-break-strong-espresso-iced-coffee-with-30g-protein",
    "name": "Ice Break Strong Espresso Iced Coffee With 30g Protein 500mL",
    "image_url": "https://cdn1.woolworths.media/content/wowproductimages/large/805966.jpg",
    "source_id": "Woolworths - 805966",
    "barcode": "9310036073079",
    "category_id": "1_6E4F4E4",
    "shop": "Woolworths",
    "weight": "1L",
    "prices": [
      {
        "state": "SA",
        "price": "290",
        "price_per_unit": "580",
        "price_unit": "L"
      },
      {
        "state": "ACT",
        "price": "290",
        "price_per_unit": "580",
        "price_unit": "L"
      }
    ]
  },
  {
    "source_url": "https://www.woolworths.com.au/shop/productdetails/772537/ice-break-triple-shot-iced-coffee",
    "name": "Ice Break Triple Shot Iced Coffee 750mL",
    "image_url": "https://cdn1.woolworths.media/content/wowproductimages/large/772537.jpg",
    "source_id": "Woolworths - 772537",
    "barcode": "9310036047049",
    "category_id": "1_6E4F4E4",
    "shop": "Woolworths",
    "weight": "1L",
    "prices": [
      {
        "state": "SA",
        "price": "495",
        "price_per_unit": "660",
        "price_unit": "L"
      }
    ]
  },
  {
    "source_url": "https://www.woolworths.com.au/shop/productdetails/269633/nippy-s-ice-coffee-flavoured-milk",
    "name": "Nippy's Ice Coffee Flavoured Milk 375ml",
    "image_url": "https://cdn1.woolworths.media/content/wowproductimages/large/269633.jpg",
    "source_id": "Woolworths - 269633",
    "barcode": "9311336030014",
    "category_id": "1_6E4F4E4",
    "shop": "Woolworths",
    "weight": "1L",
    "prices": [
      {
        "state": "SA",
        "price": "250",
        "price_per_unit": "667",
        "price_unit": "L"
      },
      {
        "state": "NT",
        "price": "250",
        "price_per_unit": "667",
        "price_unit": "L"
      }
    ]
  },
  {
    "source_url": "https://www.woolworths.com.au/shop/productdetails/269750/nippy-s-ice-strawberry-flavoured-milk",
    "name": "Nippy's Ice Strawberry Flavoured Milk 375ml",
    "image_url": "https://cdn1.woolworths.media/content/wowproductimages/large/269750.jpg",
    "source_id": "Woolworths - 269750",
    "barcode": "9311336030021",
    "category_id": "1_6E4F4E4",
    "shop": "Woolworths",
    "weight": "1L",
    "prices": [
      {
        "state": "SA",
        "price": "250",
        "price_per_unit": "667",
        "price_unit": "L"
      },
      {
        "state": "NT",
        "price": "250",
        "price_per_unit": "667",
        "price_unit": "L"
      }
    ]
  },
  {
    "source_url": "https://www.woolworths.com.au/shop/productdetails/668182/nippy-s-iced-chocolate-flavoured-milk",
    "name": "Nippy's Iced Chocolate Flavoured Milk 500ml",
    "image_url": "https://cdn1.woolworths.media/content/wowproductimages/large/668182.jpg",
    "source_id": "Woolworths - 668182",
    "barcode": "9311336030243",
    "category_id": "1_6E4F4E4",
    "shop": "Woolworths",
    "weight": "1L",
    "prices": [
      {
        "state": "SA",
        "price": "400",
        "price_per_unit": "800",
        "price_unit": "L"
      },
      {
        "state": "NT",
        "price": "400",
        "price_per_unit": "800",
        "price_unit": "L"
      }
    ]
  },
  {
    "source_url": "https://www.woolworths.com.au/shop/productdetails/269634/nippy-s-iced-chocolate-milk",
    "name": "Nippy's Iced Chocolate Milk 375ml",
    "image_url": "https://cdn1.woolworths.media/content/wowproductimages/large/269634.jpg",
    "source_id": "Woolworths - 269634",
    "barcode": "9311336030007",
    "category_id": "1_6E4F4E4",
    "shop": "Woolworths",
    "weight": "1L",
    "prices": [
      {
        "state": "SA",
        "price": "250",
        "price_per_unit": "667",
        "price_unit": "L"
      },
      {
        "state": "NT",
        "price": "250",
        "price_per_unit": "667",
        "price_unit": "L"
      }
    ]
  },
  {
    "source_url": "https://www.woolworths.com.au/shop/productdetails/668168/nippy-s-iced-coffee-flavoured-milk",
    "name": "Nippy's Iced Coffee Flavoured Milk 500ml",
    "image_url": "https://cdn1.woolworths.media/content/wowproductimages/large/668168.jpg",
    "source_id": "Woolworths - 668168",
    "barcode": "9311336030250",
    "category_id": "1_6E4F4E4",
    "shop": "Woolworths",
    "weight": "1L",
    "prices": [
      {
        "state": "SA",
        "price": "400",
        "price_per_unit": "800",
        "price_unit": "L"
      },
      {
        "state": "NT",
        "price": "400",
        "price_per_unit": "800",
        "price_unit": "L"
      }
    ]
  },
  {
    "source_url": "https://www.woolworths.com.au/shop/productdetails/738375/nippy-s-iced-honeycomb-milk",
    "name": "Nippy's Iced Honeycomb Milk 375ml",
    "image_url": "https://cdn1.woolworths.media/content/wowproductimages/large/738375.jpg",
    "source_id": "Woolworths - 738375",
    "barcode": "9311336030052",
    "category_id": "1_6E4F4E4",
    "shop": "Woolworths",
    "weight": "1L",
    "prices": [
      {
        "state": "SA",
        "price": "250",
        "price_per_unit": "667",
        "price_unit": "L"
      },
      {
        "state": "NT",
        "price": "250",
        "price_per_unit": "667",
        "price_unit": "L"
      }
    ]
  },
  {
    "source_url": "https://www.woolworths.com.au/shop/productdetails/263900/oak-choc-lactose-free-flavoured-milk",
    "name": "OAK Choc Lactose Free Flavoured Milk 600mL",
    "image_url": "https://cdn1.woolworths.media/content/wowproductimages/large/263900.jpg",
    "source_id": "Woolworths - 263900",
    "barcode": "9310036073659",
    "category_id": "1_6E4F4E4",
    "shop": "Woolworths",
    "weight": "1L",
    "prices": [
      {
        "state": "SA",
        "price": "280",
        "price_per_unit": "467",
        "price_unit": "L"
      },
      {
        "state": "ACT",
        "price": "290",
        "price_per_unit": "483",
        "price_unit": "L"
      }
    ]
  },
  {
    "source_url": "https://www.woolworths.com.au/shop/productdetails/772296/oak-chocolate-flavoured-milk",
    "name": "Oak Chocolate Flavoured Milk 2l",
    "image_url": "https://cdn1.woolworths.media/content/wowproductimages/large/772296.jpg",
    "source_id": "Woolworths - 772296",
    "barcode": "9342584046427",
    "category_id": "1_6E4F4E4",
    "shop": "Woolworths",
    "weight": "1L",
    "prices": [
      {
        "state": "SA",
        "price": "650",
        "price_per_unit": "325",
        "price_unit": "L"
      }
    ]
  },
  {
    "source_url": "https://www.woolworths.com.au/shop/productdetails/772309/oak-chocolate-flavoured-milk",
    "name": "OAK Chocolate Flavoured Milk 600mL",
    "image_url": "https://cdn1.woolworths.media/content/wowproductimages/large/772309.jpg",
    "source_id": "Woolworths - 772309",
    "barcode": "9342584049770",
    "category_id": "1_6E4F4E4",
    "shop": "Woolworths",
    "weight": "1L",
    "prices": [
      {
        "state": "SA",
        "price": "280",
        "price_per_unit": "467",
        "price_unit": "L"
      },
      {
        "state": "TAS",
        "price": "290",
        "price_per_unit": "483",
        "price_unit": "L"
      }
    ]
  },
  {
    "source_url": "https://www.woolworths.com.au/shop/productdetails/788642/oak-egg-nog-flavoured-milk",
    "name": "Oak Egg Nog Flavoured Milk 600ml",
    "image_url": "https://cdn1.woolworths.media/content/wowproductimages/large/788642.jpg",
    "source_id": "Woolworths - 788642",
    "barcode": "9342584065053",
    "category_id": "1_6E4F4E4",
    "shop": "Woolworths",
    "weight": "1L",
    "prices": []
  },
  {
    "source_url": "https://www.woolworths.com.au/shop/productdetails/772341/oak-iced-coffee",
    "name": "Oak Iced Coffee 600ml",
    "image_url": "https://cdn1.woolworths.media/content/wowproductimages/large/772341.jpg",
    "source_id": "Woolworths - 772341",
    "barcode": "9342584047189",
    "category_id": "1_6E4F4E4",
    "shop": "Woolworths",
    "weight": "1L",
    "prices": [
      {
        "state": "SA",
        "price": "280",
        "price_per_unit": "467",
        "price_unit": "L"
      }
    ]
  },
  {
    "source_url": "https://www.woolworths.com.au/shop/productdetails/6264/oak-milkybar-flavoured-milk",
    "name": "Oak Milkybar Flavoured Milk 600mL",
    "image_url": "https://cdn1.woolworths.media/content/wowproductimages/large/006264.jpg",
    "source_id": "Woolworths - 6264",
    "barcode": "9310036070870",
    "category_id": "1_6E4F4E4",
    "shop": "Woolworths",
    "weight": "1L",
    "prices": [
      {
        "state": "SA",
        "price": "280",
        "price_per_unit": "467",
        "price_unit": "L"
      },
      {
        "state": "ACT",
        "price": "290",
        "price_per_unit": "483",
        "price_unit": "L"
      }
    ]
  },
  {
    "source_url": "https://www.woolworths.com.au/shop/productdetails/484385/oak-strawberry-flavoured-milk",
    "name": "Oak Strawberry Flavoured Milk 2l",
    "image_url": "https://cdn1.woolworths.media/content/wowproductimages/large/484385.jpg",
    "source_id": "Woolworths - 484385",
    "barcode": "9342584066913",
    "category_id": "1_6E4F4E4",
    "shop": "Woolworths",
    "weight": "1L",
    "prices": [
      {
        "state": "SA",
        "price": "650",
        "price_per_unit": "325",
        "price_unit": "L"
      }
    ]
  },
  {
    "source_url": "https://www.woolworths.com.au/shop/productdetails/788645/oak-strawberry-flavoured-milk",
    "name": "OAK Strawberry Flavoured Milk 600mL",
    "image_url": "https://cdn1.woolworths.media/content/wowproductimages/large/788645.jpg",
    "source_id": "Woolworths - 788645",
    "barcode": "9342584047295",
    "category_id": "1_6E4F4E4",
    "shop": "Woolworths",
    "weight": "1L",
    "prices": [
      {
        "state": "SA",
        "price": "280",
        "price_per_unit": "467",
        "price_unit": "L"
      },
      {
        "state": "TAS",
        "price": "290",
        "price_per_unit": "483",
        "price_unit": "L"
      }
    ]
  },
  {
    "source_url": "https://www.woolworths.com.au/shop/productdetails/677886/oat-milk-goodness-omg-chocolate-protein-oat-milk",
    "name": "Oat Milk Goodness OMG Chocolate Protein Oat Milk 350mL",
    "image_url": "https://cdn1.woolworths.media/content/wowproductimages/large/677886.jpg",
    "source_id": "Woolworths - 677886",
    "barcode": "9358989000049",
    "category_id": "1_6E4F4E4",
    "shop": "Woolworths",
    "weight": "1L",
    "prices": [
      {
        "state": "SA",
        "price": "330",
        "price_per_unit": "943",
        "price_unit": "L"
      },
      {
        "state": "ACT",
        "price": "330",
        "price_per_unit": "943",
        "price_unit": "L"
      }
    ]
  },
  {
    "source_url": "https://www.woolworths.com.au/shop/productdetails/52741/omg-oat-milk-coffee-proatein",
    "name": "OMG Oat Milk Coffee Proatein 350mL",
    "image_url": "https://cdn1.woolworths.media/content/wowproductimages/large/052741.jpg",
    "source_id": "Woolworths - 52741",
    "barcode": "9358989000094",
    "category_id": "1_6E4F4E4",
    "shop": "Woolworths",
    "weight": "1L",
    "prices": [
      {
        "state": "SA",
        "price": "330",
        "price_per_unit": "943",
        "price_unit": "L"
      },
      {
        "state": "NT",
        "price": "330",
        "price_per_unit": "943",
        "price_unit": "L"
      }
    ]
  },
  {
    "source_url": "https://www.woolworths.com.au/shop/productdetails/263356/pauls-iced-coffee-flavoured-milk",
    "name": "Pauls Iced Coffee Flavoured Milk 600ml",
    "image_url": "https://cdn1.woolworths.media/content/wowproductimages/large/263356.jpg",
    "source_id": "Woolworths - 263356",
    "barcode": "9310036073611",
    "category_id": "1_6E4F4E4",
    "shop": "Woolworths",
    "weight": "1L",
    "prices": [
      {
        "state": "SA",
        "price": "280",
        "price_per_unit": "467",
        "price_unit": "L"
      }
    ]
  },
  {
    "source_url": "https://www.woolworths.com.au/shop/productdetails/263664/pauls-just-natural-chocolate-malt-flavoured-milk",
    "name": "Pauls Just Natural Chocolate & Malt Flavoured Milk 600mL",
    "image_url": "https://cdn1.woolworths.media/content/wowproductimages/large/263664.jpg",
    "source_id": "Woolworths - 263664",
    "barcode": "9310036078203",
    "category_id": "1_6E4F4E4",
    "shop": "Woolworths",
    "weight": "1L",
    "prices": [
      {
        "state": "SA",
        "price": "400",
        "price_per_unit": "667",
        "price_unit": "L"
      },
      {
        "state": "ACT",
        "price": "400",
        "price_per_unit": "667",
        "price_unit": "L"
      },
      {
        "state": "NT",
        "price": "400",
        "price_per_unit": "667",
        "price_unit": "L"
      }
    ]
  },
  {
    "source_url": "https://www.woolworths.com.au/shop/productdetails/667992/pauls-zymil-chocolate-lactose-free-flavoured-milk",
    "name": "Pauls Zymil Chocolate  Lactose Free Flavoured Milk 400ml",
    "image_url": "https://cdn1.woolworths.media/content/wowproductimages/large/667992.jpg",
    "source_id": "Woolworths - 667992",
    "barcode": "9310036060444",
    "category_id": "1_6E4F4E4",
    "shop": "Woolworths",
    "weight": "1L",
    "prices": [
      {
        "state": "SA",
        "price": "400",
        "price_per_unit": "1000",
        "price_unit": "L"
      },
      {
        "state": "ACT",
        "price": "400",
        "price_per_unit": "1000",
        "price_unit": "L"
      },
      {
        "state": "NT",
        "price": "400",
        "price_per_unit": "1000",
        "price_unit": "L"
      }
    ]
  },
  {
    "source_url": "https://www.woolworths.com.au/shop/productdetails/858583/betta-milk-jive-chocolate-flavoured-milk",
    "name": "Betta Milk Jive Chocolate Flavoured Milk 600mL",
    "image_url": "https://cdn1.woolworths.media/content/wowproductimages/large/858583.jpg",
    "source_id": "Woolworths - 858583",
    "barcode": "9310232961712",
    "category_id": "1_6E4F4E4",
    "shop": "Woolworths",
    "weight": "1L",
    "prices": [
      {
        "state": "TAS",
        "price": "320",
        "price_per_unit": "533",
        "price_unit": "L"
      }
    ]
  },
  {
    "source_url": "https://www.woolworths.com.au/shop/productdetails/858603/betta-milk-jive-honey-crunch-flavoured-milk",
    "name": "Betta Milk Jive Honey Crunch Flavoured Milk 600mL",
    "image_url": "https://cdn1.woolworths.media/content/wowproductimages/large/858603.jpg",
    "source_id": "Woolworths - 858603",
    "barcode": "9310232961743",
    "category_id": "1_6E4F4E4",
    "shop": "Woolworths",
    "weight": "1L",
    "prices": [
      {
        "state": "TAS",
        "price": "320",
        "price_per_unit": "533",
        "price_unit": "L"
      }
    ]
  },
  {
    "source_url": "https://www.woolworths.com.au/shop/productdetails/858578/betta-milk-jive-iced-coffee-flavoured-milk",
    "name": "Betta Milk Jive Iced Coffee Flavoured Milk 600mL",
    "image_url": "https://cdn1.woolworths.media/content/wowproductimages/large/858578.jpg",
    "source_id": "Woolworths - 858578",
    "barcode": "9310232961729",
    "category_id": "1_6E4F4E4",
    "shop": "Woolworths",
    "weight": "1L",
    "prices": [
      {
        "state": "TAS",
        "price": "320",
        "price_per_unit": "533",
        "price_unit": "L"
      }
    ]
  },
  {
    "source_url": "https://www.woolworths.com.au/shop/productdetails/804697/betta-milk-jive-strawberry-flavoured-milk",
    "name": "Betta Milk Jive Strawberry Flavoured Milk 600mL",
    "image_url": "https://cdn1.woolworths.media/content/wowproductimages/large/804697.jpg",
    "source_id": "Woolworths - 804697",
    "barcode": "9310232961736",
    "category_id": "1_6E4F4E4",
    "shop": "Woolworths",
    "weight": "1L",
    "prices": [
      {
        "state": "TAS",
        "price": "320",
        "price_per_unit": "533",
        "price_unit": "L"
      }
    ]
  },
  {
    "source_url": "https://www.woolworths.com.au/shop/productdetails/43952/dairy-farmers-classic-banana",
    "name": "Dairy Farmers Classic Banana 500ml",
    "image_url": "https://cdn1.woolworths.media/content/wowproductimages/large/043952.jpg",
    "source_id": "Woolworths - 43952",
    "barcode": "9310232959115",
    "category_id": "1_6E4F4E4",
    "shop": "Woolworths",
    "weight": "1L",
    "prices": [
      {
        "state": "TAS",
        "price": "360",
        "price_per_unit": "720",
        "price_unit": "L"
      }
    ]
  },
  {
    "source_url": "https://www.woolworths.com.au/shop/productdetails/239020/dairy-farmers-classic-caramel-flavoured-milk",
    "name": "Dairy Farmers Classic Caramel Flavoured Milk 2l",
    "image_url": "https://cdn1.woolworths.media/content/wowproductimages/large/239020.jpg",
    "source_id": "Woolworths - 239020",
    "barcode": "9310232961156",
    "category_id": "1_6E4F4E4",
    "shop": "Woolworths",
    "weight": "1L",
    "prices": [
      {
        "state": "TAS",
        "price": "650",
        "price_per_unit": "325",
        "price_unit": "L"
      }
    ]
  },
  {
    "source_url": "https://www.woolworths.com.au/shop/productdetails/239783/dairy-farmers-classic-caramel-flavoured-milk",
    "name": "Dairy Farmers Classic Caramel Flavoured Milk 500ml",
    "image_url": "https://cdn1.woolworths.media/content/wowproductimages/large/239783.jpg",
    "source_id": "Woolworths - 239783",
    "barcode": "9310232961132",
    "category_id": "1_6E4F4E4",
    "shop": "Woolworths",
    "weight": "1L",
    "prices": [
      {
        "state": "TAS",
        "price": "360",
        "price_per_unit": "720",
        "price_unit": "L"
      }
    ]
  },
  {
    "source_url": "https://www.woolworths.com.au/shop/productdetails/122615/dairy-farmers-classic-chocolate-milk",
    "name": "Dairy Farmers Classic Chocolate Milk 300ml",
    "image_url": "https://cdn1.woolworths.media/content/wowproductimages/large/122615.jpg",
    "source_id": "Woolworths - 122615",
    "barcode": "9310232960104",
    "category_id": "1_6E4F4E4",
    "shop": "Woolworths",
    "weight": "1L",
    "prices": [
      {
        "state": "TAS",
        "price": "250",
        "price_per_unit": "833",
        "price_unit": "L"
      }
    ]
  },
  {
    "source_url": "https://www.woolworths.com.au/shop/productdetails/43918/dairy-farmers-classic-strawberry",
    "name": "Dairy Farmers Classic Strawberry 2l",
    "image_url": "https://cdn1.woolworths.media/content/wowproductimages/large/043918.jpg",
    "source_id": "Woolworths - 43918",
    "barcode": "9310232959139",
    "category_id": "1_6E4F4E4",
    "shop": "Woolworths",
    "weight": "1L",
    "prices": [
      {
        "state": "TAS",
        "price": "650",
        "price_per_unit": "325",
        "price_unit": "L"
      }
    ]
  },
  {
    "source_url": "https://www.woolworths.com.au/shop/productdetails/808839/dare-triple-espresso-iced-coffee",
    "name": "Dare Triple Espresso Iced Coffee 500ml",
    "image_url": "https://cdn1.woolworths.media/content/wowproductimages/large/808839.jpg",
    "source_id": "Woolworths - 808839",
    "barcode": "9310232959085",
    "category_id": "1_6E4F4E4",
    "shop": "Woolworths",
    "weight": "1L",
    "prices": [
      {
        "state": "TAS",
        "price": "400",
        "price_per_unit": "800",
        "price_unit": "L"
      }
    ]
  },
  {
    "source_url": "https://www.woolworths.com.au/shop/productdetails/58130/farmers-union-iced-coffee",
    "name": "Farmers Union Iced Coffee 2l",
    "image_url": "https://cdn1.woolworths.media/content/wowproductimages/large/058130.jpg",
    "source_id": "Woolworths - 58130",
    "barcode": "9310232958507",
    "category_id": "1_6E4F4E4",
    "shop": "Woolworths",
    "weight": "1L",
    "prices": [
      {
        "state": "TAS",
        "price": "650",
        "price_per_unit": "325",
        "price_unit": "L"
      }
    ]
  },
  {
    "source_url": "https://www.woolworths.com.au/shop/productdetails/120944/farmers-union-iced-coffee",
    "name": "Farmers Union Iced Coffee 500ml",
    "image_url": "https://cdn1.woolworths.media/content/wowproductimages/large/120944.jpg",
    "source_id": "Woolworths - 120944",
    "barcode": "9310232960043",
    "category_id": "1_6E4F4E4",
    "shop": "Woolworths",
    "weight": "1L",
    "prices": [
      {
        "state": "TAS",
        "price": "380",
        "price_per_unit": "760",
        "price_unit": "L"
      }
    ]
  },
  {
    "source_url": "https://www.woolworths.com.au/shop/productdetails/120943/farmers-union-iced-coffee-strong",
    "name": "Farmers Union Iced Coffee Strong 500ml",
    "image_url": "https://cdn1.woolworths.media/content/wowproductimages/large/120943.jpg",
    "source_id": "Woolworths - 120943",
    "barcode": "9310232960050",
    "category_id": "1_6E4F4E4",
    "shop": "Woolworths",
    "weight": "1L",
    "prices": [
      {
        "state": "TAS",
        "price": "380",
        "price_per_unit": "760",
        "price_unit": "L"
      }
    ]
  },
  {
    "source_url": "https://www.woolworths.com.au/shop/productdetails/262109/ice-break-iced-coffee-double-espresso-flavoured-milk",
    "name": "Ice Break Iced Coffee Double Espresso Flavoured Milk 320mL",
    "image_url": "https://cdn1.woolworths.media/content/wowproductimages/large/262109.jpg",
    "source_id": "Woolworths - 262109",
    "barcode": "9310036075141",
    "category_id": "1_6E4F4E4",
    "shop": "Woolworths",
    "weight": "1L",
    "prices": [
      {
        "state": "TAS",
        "price": "265",
        "price_per_unit": "828",
        "price_unit": "L"
      },
      {
        "state": "ACT",
        "price": "265",
        "price_per_unit": "828",
        "price_unit": "L"
      }
    ]
  },
  {
    "source_url": "https://www.woolworths.com.au/shop/productdetails/262811/ice-break-iced-coffee-single-shot-espresso-flavoured-milk",
    "name": "Ice Break Iced Coffee Single Shot Espresso Flavoured Milk 320mL",
    "image_url": "https://cdn1.woolworths.media/content/wowproductimages/large/262811.jpg",
    "source_id": "Woolworths - 262811",
    "barcode": "9310036075103",
    "category_id": "1_6E4F4E4",
    "shop": "Woolworths",
    "weight": "1L",
    "prices": [
      {
        "state": "TAS",
        "price": "265",
        "price_per_unit": "828",
        "price_unit": "L"
      },
      {
        "state": "ACT",
        "price": "265",
        "price_per_unit": "828",
        "price_unit": "L"
      }
    ]
  },
  {
    "source_url": "https://www.woolworths.com.au/shop/productdetails/239021/suntory-boss-coffee-iced-caramel-latte",
    "name": "Suntory Boss Coffee Iced Caramel Latte 237ml",
    "image_url": "https://cdn1.woolworths.media/content/wowproductimages/large/239021.jpg",
    "source_id": "Woolworths - 239021",
    "barcode": "9415767067035",
    "category_id": "1_6E4F4E4",
    "shop": "Woolworths",
    "weight": "1L",
    "prices": [
      {
        "state": "TAS",
        "price": "250",
        "price_per_unit": "1055",
        "price_unit": "L"
      }
    ]
  },
  {
    "source_url": "https://www.woolworths.com.au/shop/productdetails/117739/suntory-boss-coffee-iced-vanilla-latte",
    "name": "Suntory Boss Coffee Iced Vanilla Latte 237ml",
    "image_url": "https://cdn1.woolworths.media/content/wowproductimages/large/117739.jpg",
    "source_id": "Woolworths - 117739",
    "barcode": "9415767068025",
    "category_id": "1_6E4F4E4",
    "shop": "Woolworths",
    "weight": "1L",
    "prices": [
      {
        "state": "TAS",
        "price": "250",
        "price_per_unit": "1055",
        "price_unit": "L"
      },
      {
        "state": "NT",
        "price": "250",
        "price_per_unit": "1055",
        "price_unit": "L"
      }
    ]
  },
  {
    "source_url": "https://www.woolworths.com.au/shop/productdetails/592042/big-m-flavoured-milk-chocolate",
    "name": "Big M Flavoured Milk Chocolate 300ml Bottle",
    "image_url": "https://cdn1.woolworths.media/content/wowproductimages/large/592042.jpg",
    "source_id": "Woolworths - 592042",
    "barcode": "9310232957722",
    "category_id": "1_6E4F4E4",
    "shop": "Woolworths",
    "weight": "1L",
    "prices": [
      {
        "state": "ACT",
        "price": "230",
        "price_per_unit": "767",
        "price_unit": "L"
      }
    ]
  },
  {
    "source_url": "https://www.woolworths.com.au/shop/productdetails/590390/big-m-flavoured-milk-strawberry",
    "name": "Big M Flavoured Milk Strawberry 500ml Bottle",
    "image_url": "https://cdn1.woolworths.media/content/wowproductimages/large/590390.jpg",
    "source_id": "Woolworths - 590390",
    "barcode": "9310232957760",
    "category_id": "1_6E4F4E4",
    "shop": "Woolworths",
    "weight": "1L",
    "prices": [
      {
        "state": "ACT",
        "price": "350",
        "price_per_unit": "700",
        "price_unit": "L"
      }
    ]
  },
  {
    "source_url": "https://www.woolworths.com.au/shop/productdetails/334315/boss-rainbow-mountain-blend-iced-latte",
    "name": "Boss Rainbow Mountain Blend Iced Latte 179ml",
    "image_url": "https://cdn1.woolworths.media/content/wowproductimages/large/334315.jpg",
    "source_id": "Woolworths - 334315",
    "barcode": "94207293",
    "category_id": "1_6E4F4E4",
    "shop": "Woolworths",
    "weight": "1L",
    "prices": [
      {
        "state": "ACT",
        "price": "250",
        "price_per_unit": "1397",
        "price_unit": "L"
      }
    ]
  },
  {
    "source_url": "https://www.woolworths.com.au/shop/productdetails/265081/dare-double-espresso-lactose-free",
    "name": "Dare Double Espresso Lactose Free 500ml",
    "image_url": "https://cdn1.woolworths.media/content/wowproductimages/large/265081.jpg",
    "source_id": "Woolworths - 265081",
    "barcode": "9310232961279",
    "category_id": "1_6E4F4E4",
    "shop": "Woolworths",
    "weight": "1L",
    "prices": [
      {
        "state": "ACT",
        "price": "415",
        "price_per_unit": "830",
        "price_unit": "L"
      }
    ]
  },
  {
    "source_url": "https://www.woolworths.com.au/shop/productdetails/213873/ice-break-iced-coffee-no-sugar-add-flavoured-milk",
    "name": "Ice Break Iced Coffee No Sugar Add Flavoured Milk 500mL",
    "image_url": "https://cdn1.woolworths.media/content/wowproductimages/large/213873.jpg",
    "source_id": "Woolworths - 213873",
    "barcode": "9310036070948",
    "category_id": "1_6E4F4E4",
    "shop": "Woolworths",
    "weight": "1L",
    "prices": [
      {
        "state": "ACT",
        "price": "290",
        "price_per_unit": "580",
        "price_unit": "L"
      }
    ]
  },
  {
    "source_url": "https://www.woolworths.com.au/shop/productdetails/772287/ice-break-iced-coffee-regular-flavoured-milk",
    "name": "Ice Break Iced Coffee Regular Flavoured Milk 2L",
    "image_url": "https://cdn1.woolworths.media/content/wowproductimages/large/772287.jpg",
    "source_id": "Woolworths - 772287",
    "barcode": "9310036046349",
    "category_id": "1_6E4F4E4",
    "shop": "Woolworths",
    "weight": "1L",
    "prices": [
      {
        "state": "ACT",
        "price": "650",
        "price_per_unit": "325",
        "price_unit": "L"
      }
    ]
  },
  {
    "source_url": "https://www.woolworths.com.au/shop/productdetails/76834/dairy-farmers-flavoured-milk-classic-waffle-cone",
    "name": "Dairy Farmers Flavoured Milk Classic Waffle Cone 500mL",
    "image_url": "https://cdn1.woolworths.media/content/wowproductimages/large/076834.jpg",
    "source_id": "Woolworths - 76834",
    "barcode": "9310232961873",
    "category_id": "1_6E4F4E4",
    "shop": "Woolworths",
    "weight": "1L",
    "prices": [
      {
        "state": "NT",
        "price": "390",
        "price_per_unit": "780",
        "price_unit": "L"
      }
    ]
  },
  {
    "source_url": "https://www.woolworths.com.au/shop/productdetails/260416/pauls-double-shot-iced-coffee",
    "name": "Pauls Double Shot Iced Coffee 600ml",
    "image_url": "https://cdn1.woolworths.media/content/wowproductimages/large/260416.jpg",
    "source_id": "Woolworths - 260416",
    "barcode": "9310036039617",
    "category_id": "1_6E4F4E4",
    "shop": "Woolworths",
    "weight": "1L",
    "prices": [
      {
        "state": "NT",
        "price": "395",
        "price_per_unit": "658",
        "price_unit": "L"
      }
    ]
  },
  {
    "source_url": "https://www.woolworths.com.au/shop/productdetails/362355/pauls-double-shot-iced-coffee",
    "name": "Pauls Double Shot Iced Coffee 750ml",
    "image_url": "https://cdn1.woolworths.media/content/wowproductimages/large/362355.jpg",
    "source_id": "Woolworths - 362355",
    "barcode": "9310036041900",
    "category_id": "1_6E4F4E4",
    "shop": "Woolworths",
    "weight": "1L",
    "prices": [
      {
        "state": "NT",
        "price": "450",
        "price_per_unit": "600",
        "price_unit": "L"
      }
    ]
  },
  {
    "source_url": "https://www.woolworths.com.au/shop/productdetails/84946/pauls-iced-coffee",
    "name": "Pauls Iced Coffee 2l",
    "image_url": "https://cdn1.woolworths.media/content/wowproductimages/large/084946.jpg",
    "source_id": "Woolworths - 84946",
    "barcode": "9310036196648",
    "category_id": "1_6E4F4E4",
    "shop": "Woolworths",
    "weight": "1L",
    "prices": [
      {
        "state": "NT",
        "price": "790",
        "price_per_unit": "395",
        "price_unit": "L"
      }
    ]
  },
  {
    "source_url": "https://www.woolworths.com.au/shop/productdetails/26458/pauls-iced-coffee",
    "name": "Pauls Iced Coffee 600ml",
    "image_url": "https://cdn1.woolworths.media/content/wowproductimages/large/026458.jpg",
    "source_id": "Woolworths - 26458",
    "barcode": "9310036014119",
    "category_id": "1_6E4F4E4",
    "shop": "Woolworths",
    "weight": "1L",
    "prices": [
      {
        "state": "NT",
        "price": "395",
        "price_per_unit": "658",
        "price_unit": "L"
      }
    ]
  },
  {
    "source_url": "https://www.woolworths.com.au/shop/productdetails/66115/pauls-iced-coffee-triple-shot",
    "name": "Pauls Iced Coffee Triple Shot 600ml",
    "image_url": "https://cdn1.woolworths.media/content/wowproductimages/large/066115.jpg",
    "source_id": "Woolworths - 66115",
    "barcode": "9310036062912",
    "category_id": "1_6E4F4E4",
    "shop": "Woolworths",
    "weight": "1L",
    "prices": [
      {
        "state": "NT",
        "price": "395",
        "price_per_unit": "658",
        "price_unit": "L"
      }
    ]
  },
  {
    "source_url": "https://www.woolworths.com.au/shop/productdetails/76143/pauls-lite-iced-coffee",
    "name": "Pauls Lite Iced Coffee 2l",
    "image_url": "https://cdn1.woolworths.media/content/wowproductimages/large/076143.jpg",
    "source_id": "Woolworths - 76143",
    "barcode": "9310036012412",
    "category_id": "1_6E4F4E4",
    "shop": "Woolworths",
    "weight": "1L",
    "prices": [
      {
        "state": "NT",
        "price": "790",
        "price_per_unit": "395",
        "price_unit": "L"
      }
    ]
  },
  {
    "source_url": "https://www.woolworths.com.au/shop/productdetails/25193/pauls-lite-iced-coffee",
    "name": "Pauls Lite Iced Coffee 600ml",
    "image_url": "https://cdn1.woolworths.media/content/wowproductimages/large/025193.jpg",
    "source_id": "Woolworths - 25193",
    "barcode": "9310036001447",
    "category_id": "1_6E4F4E4",
    "shop": "Woolworths",
    "weight": "1L",
    "prices": [
      {
        "state": "NT",
        "price": "395",
        "price_per_unit": "658",
        "price_unit": "L"
      }
    ]
  },
  {
    "source_url": "https://www.woolworths.com.au/shop/productdetails/145523/pauls-territory-own-iced-coffee",
    "name": "Pauls Territory Own Iced Coffee 750ml",
    "image_url": "https://cdn1.woolworths.media/content/wowproductimages/large/145523.jpg",
    "source_id": "Woolworths - 145523",
    "barcode": "9310036097884",
    "category_id": "1_6E4F4E4",
    "shop": "Woolworths",
    "weight": "1L",
    "prices": [
      {
        "state": "NT",
        "price": "450",
        "price_per_unit": "600",
        "price_unit": "L"
      }
    ]
  },
  {
    "source_url": "https://www.woolworths.com.au/shop/productdetails/481234/pauls-the-territory-s-own-iced-coffee",
    "name": "Pauls The Territory's Own Iced Coffee 300ml",
    "image_url": "https://cdn1.woolworths.media/content/wowproductimages/large/481234.jpg",
    "source_id": "Woolworths - 481234",
    "barcode": "9310036050469",
    "category_id": "1_6E4F4E4",
    "shop": "Woolworths",
    "weight": "1L",
    "prices": [
      {
        "state": "NT",
        "price": "275",
        "price_per_unit": "917",
        "price_unit": "L"
      }
    ]
  }
]