[
  {
    "source_url": "https://www.woolworths.com.au/shop/productdetails/1074424921/australian-bush-spices-riberry-raspberry-jam-300g-2pk",
    "name": "Australian Bush Spices Riberry & Raspberry Jam 300g 2PK",
    "image_url": "https://cdn1.woolworths.media/content/wowproductimages/large/1074424921.jpg",
    "source_id": "Woolworths - 1074424921",
    "barcode": null,
    "shop": "Woolworths",
    "weight": "1EA",
    "prices": [
      {
        "state": "NSW",
        "price": "3999",
        "price_per_unit": "3999",
        "price_unit": "EA"
      },
      {
        "state": "VIC",
        "price": "3999",
        "price_per_unit": "3999",
        "price_unit": "EA"
      },
      {
        "state": "QLD",
        "price": "3999",
        "price_per_unit": "3999",
        "price_unit": "EA"
      },
      {
        "state": "WA",
        "price": "3999",
        "price_per_unit": "3999",
        "price_unit": "EA"
      },
      {
        "state": "SA",
        "price": "3999",
        "price_per_unit": "3999",
        "price_unit": "EA"
      },
      {
        "state": "TAS",
        "price": "3999",
        "price_per_unit": "3999",
        "price_unit": "EA"
      },
      {
        "state": "ACT",
        "price": "3999",
        "price_per_unit": "3999",
        "price_unit": "EA"
      },
      {
        "state": "NT",
        "price": "3999",
        "price_per_unit": "3999",
        "price_unit": "EA"
      }
    ]
  },
  {
    "source_url": "https://www.woolworths.com.au/shop/productdetails/326802/beerenberg-raspberry-jam",
    "name": "Beerenberg Raspberry Jam 300g",
    "image_url": "https://cdn1.woolworths.media/content/wowproductimages/large/326802.jpg",
    "source_id": "Woolworths - 326802",
    "barcode": "9311485600205",
    "shop": "Woolworths",
    "weight": "100G",
    "prices": [
      {
        "state": "NSW",
        "price": "600",
        "price_per_unit": "200",
        "price_unit": "G"
      },
      {
        "state": "VIC",
        "price": "600",
        "price_per_unit": "200",
        "price_unit": "G"
      },
      {
        "state": "QLD",
        "price": "600",
        "price_per_unit": "200",
        "price_unit": "G"
      },
      {
        "state": "WA",
        "price": "600",
        "price_per_unit": "200",
        "price_unit": "G"
      },
      {
        "state": "SA",
        "price": "600",
        "price_per_unit": "200",
        "price_unit": "G"
      },
      {
        "state": "TAS",
        "price": "600",
        "price_per_unit": "200",
        "price_unit": "G"
      },
      {
        "state": "ACT",
        "price": "600",
        "price_per_unit": "200",
        "price_unit": "G"
      },
      {
        "state": "NT",
        "price": "600",
        "price_per_unit": "200",
        "price_unit": "G"
      }
    ]
  },
  {
    "source_url": "https://www.woolworths.com.au/shop/productdetails/321571/beerenberg-strawberry-jam",
    "name": "Beerenberg Strawberry Jam 300g",
    "image_url": "https://cdn1.woolworths.media/content/wowproductimages/large/321571.jpg",
    "source_id": "Woolworths - 321571",
    "barcode": "9311485600137",
    "shop": "Woolworths",
    "weight": "100G",
    "prices": [
      {
        "state": "NSW",
        "price": "600",
        "price_per_unit": "200",
        "price_unit": "G"
      },
      {
        "state": "VIC",
        "price": "600",
        "price_per_unit": "200",
        "price_unit": "G"
      },
      {
        "state": "QLD",
        "price": "600",
        "price_per_unit": "200",
        "price_unit": "G"
      },
      {
        "state": "WA",
        "price": "600",
        "price_per_unit": "200",
        "price_unit": "G"
      },
      {
        "state": "SA",
        "price": "600",
        "price_per_unit": "200",
        "price_unit": "G"
      },
      {
        "state": "TAS",
        "price": "600",
        "price_per_unit": "200",
        "price_unit": "G"
      },
      {
        "state": "ACT",
        "price": "600",
        "price_per_unit": "200",
        "price_unit": "G"
      },
      {
        "state": "NT",
        "price": "600",
        "price_per_unit": "200",
        "price_unit": "G"
      }
    ]
  },
  {
    "source_url": "https://www.woolworths.com.au/shop/productdetails/63083/bonne-maman-apricot-jam",
    "name": "Bonne Maman Apricot Jam 370g",
    "image_url": "https://cdn1.woolworths.media/content/wowproductimages/large/063083.jpg",
    "source_id": "Woolworths - 63083",
    "barcode": "3045320016062",
    "shop": "Woolworths",
    "weight": "100G",
    "prices": [
      {
        "state": "NSW",
        "price": "670",
        "price_per_unit": "181",
        "price_unit": "G"
      },
      {
        "state": "VIC",
        "price": "670",
        "price_per_unit": "181",
        "price_unit": "G"
      },
      {
        "state": "QLD",
        "price": "670",
        "price_per_unit": "181",
        "price_unit": "G"
      },
      {
        "state": "WA",
        "price": "670",
        "price_per_unit": "181",
        "price_unit": "G"
      },
      {
        "state": "SA",
        "price": "670",
        "price_per_unit": "181",
        "price_unit": "G"
      },
      {
        "state": "TAS",
        "price": "670",
        "price_per_unit": "181",
        "price_unit": "G"
      },
      {
        "state": "ACT",
        "price": "670",
        "price_per_unit": "181",
        "price_unit": "G"
      },
      {
        "state": "NT",
        "price": "705",
        "price_per_unit": "191",
        "price_unit": "G"
      }
    ]
  },
  {
    "source_url": "https://www.woolworths.com.au/shop/productdetails/237080/bonne-maman-apricot-spread",
    "name": "Bonne Maman Apricot Spread 335g",
    "image_url": "https://cdn1.woolworths.media/content/wowproductimages/large/237080.jpg",
    "source_id": "Woolworths - 237080",
    "barcode": "3608580070344",
    "shop": "Woolworths",
    "weight": "100G",
    "prices": [
      {
        "state": "NSW",
        "price": "495",
        "price_per_unit": "148",
        "price_unit": "G"
      },
      {
        "state": "VIC",
        "price": "495",
        "price_per_unit": "148",
        "price_unit": "G"
      },
      {
        "state": "QLD",
        "price": "495",
        "price_per_unit": "148",
        "price_unit": "G"
      },
      {
        "state": "WA",
        "price": "495",
        "price_per_unit": "148",
        "price_unit": "G"
      },
      {
        "state": "SA",
        "price": "495",
        "price_per_unit": "148",
        "price_unit": "G"
      },
      {
        "state": "TAS",
        "price": "695",
        "price_per_unit": "207",
        "price_unit": "G"
      },
      {
        "state": "ACT",
        "price": "695",
        "price_per_unit": "207",
        "price_unit": "G"
      },
      {
        "state": "NT",
        "price": "730",
        "price_per_unit": "218",
        "price_unit": "G"
      }
    ]
  },
  {
    "source_url": "https://www.woolworths.com.au/shop/productdetails/49905/bonne-maman-raspberry-jam",
    "name": "Bonne Maman Raspberry Jam 370g",
    "image_url": "https://cdn1.woolworths.media/content/wowproductimages/large/049905.jpg",
    "source_id": "Woolworths - 49905",
    "barcode": "3045320017052",
    "shop": "Woolworths",
    "weight": "100G",
    "prices": [
      {
        "state": "NSW",
        "price": "670",
        "price_per_unit": "181",
        "price_unit": "G"
      },
      {
        "state": "VIC",
        "price": "670",
        "price_per_unit": "181",
        "price_unit": "G"
      },
      {
        "state": "QLD",
        "price": "670",
        "price_per_unit": "181",
        "price_unit": "G"
      },
      {
        "state": "WA",
        "price": "670",
        "price_per_unit": "181",
        "price_unit": "G"
      },
      {
        "state": "SA",
        "price": "670",
        "price_per_unit": "181",
        "price_unit": "G"
      },
      {
        "state": "TAS",
        "price": "670",
        "price_per_unit": "181",
        "price_unit": "G"
      },
      {
        "state": "ACT",
        "price": "670",
        "price_per_unit": "181",
        "price_unit": "G"
      },
      {
        "state": "NT",
        "price": "705",
        "price_per_unit": "191",
        "price_unit": "G"
      }
    ]
  },
  {
    "source_url": "https://www.woolworths.com.au/shop/productdetails/63040/bonne-maman-strawberry-conserve",
    "name": "Bonne Maman Strawberry Conserve 370g",
    "image_url": "https://cdn1.woolworths.media/content/wowproductimages/large/063040.jpg",
    "source_id": "Woolworths - 63040",
    "barcode": "3045320016055",
    "shop": "Woolworths",
    "weight": "100G",
    "prices": [
      {
        "state": "NSW",
        "price": "670",
        "price_per_unit": "181",
        "price_unit": "G"
      },
      {
        "state": "VIC",
        "price": "670",
        "price_per_unit": "181",
        "price_unit": "G"
      },
      {
        "state": "QLD",
        "price": "670",
        "price_per_unit": "181",
        "price_unit": "G"
      },
      {
        "state": "WA",
        "price": "670",
        "price_per_unit": "181",
        "price_unit": "G"
      },
      {
        "state": "SA",
        "price": "670",
        "price_per_unit": "181",
        "price_unit": "G"
      },
      {
        "state": "TAS",
        "price": "670",
        "price_per_unit": "181",
        "price_unit": "G"
      },
      {
        "state": "ACT",
        "price": "670",
        "price_per_unit": "181",
        "price_unit": "G"
      },
      {
        "state": "NT",
        "price": "705",
        "price_per_unit": "191",
        "price_unit": "G"
      }
    ]
  },
  {
    "source_url": "https://www.woolworths.com.au/shop/productdetails/237398/bonne-maman-strawberry-spread",
    "name": "Bonne Maman Strawberry Spread 335g",
    "image_url": "https://cdn1.woolworths.media/content/wowproductimages/large/237398.jpg",
    "source_id": "Woolworths - 237398",
    "barcode": "3608580070313",
    "shop": "Woolworths",
    "weight": "100G",
    "prices": [
      {
        "state": "NSW",
        "price": "495",
        "price_per_unit": "148",
        "price_unit": "G"
      },
      {
        "state": "VIC",
        "price": "495",
        "price_per_unit": "148",
        "price_unit": "G"
      },
      {
        "state": "QLD",
        "price": "495",
        "price_per_unit": "148",
        "price_unit": "G"
      },
      {
        "state": "WA",
        "price": "495",
        "price_per_unit": "148",
        "price_unit": "G"
      },
      {
        "state": "SA",
        "price": "495",
        "price_per_unit": "148",
        "price_unit": "G"
      },
      {
        "state": "TAS",
        "price": "695",
        "price_per_unit": "207",
        "price_unit": "G"
      },
      {
        "state": "ACT",
        "price": "695",
        "price_per_unit": "207",
        "price_unit": "G"
      },
      {
        "state": "NT",
        "price": "730",
        "price_per_unit": "218",
        "price_unit": "G"
      }
    ]
  },
  {
    "source_url": "https://www.woolworths.com.au/shop/productdetails/249361/buderim-ginger-ginger-marmalade",
    "name": "Buderim Ginger Marmalade 365g",
    "image_url": "https://cdn1.woolworths.media/content/wowproductimages/large/249361.jpg",
    "source_id": "Woolworths - 249361",
    "barcode": "9310371293071",
    "shop": "Woolworths",
    "weight": "100G",
    "prices": [
      {
        "state": "NSW",
        "price": "500",
        "price_per_unit": "137",
        "price_unit": "G"
      },
      {
        "state": "VIC",
        "price": "500",
        "price_per_unit": "137",
        "price_unit": "G"
      },
      {
        "state": "QLD",
        "price": "500",
        "price_per_unit": "137",
        "price_unit": "G"
      },
      {
        "state": "WA",
        "price": "500",
        "price_per_unit": "137",
        "price_unit": "G"
      },
      {
        "state": "SA",
        "price": "500",
        "price_per_unit": "137",
        "price_unit": "G"
      },
      {
        "state": "TAS",
        "price": "450",
        "price_per_unit": "123",
        "price_unit": "G"
      },
      {
        "state": "ACT",
        "price": "450",
        "price_per_unit": "123",
        "price_unit": "G"
      },
      {
        "state": "NT",
        "price": "450",
        "price_per_unit": "123",
        "price_unit": "G"
      }
    ]
  },
  {
    "source_url": "https://www.woolworths.com.au/shop/productdetails/292599/cottee-s-apricot-jam",
    "name": "Cottee's Apricot Jam 375g",
    "image_url": "https://cdn1.woolworths.media/content/wowproductimages/large/292599.jpg",
    "source_id": "Woolworths - 292599",
    "barcode": "9300657802066",
    "shop": "Woolworths",
    "weight": "100G",
    "prices": [
      {
        "state": "NSW",
        "price": "350",
        "price_per_unit": "93",
        "price_unit": "G"
      },
      {
        "state": "VIC",
        "price": "350",
        "price_per_unit": "93",
        "price_unit": "G"
      },
      {
        "state": "QLD",
        "price": "350",
        "price_per_unit": "93",
        "price_unit": "G"
      },
      {
        "state": "WA",
        "price": "350",
        "price_per_unit": "93",
        "price_unit": "G"
      },
      {
        "state": "SA",
        "price": "350",
        "price_per_unit": "93",
        "price_unit": "G"
      },
      {
        "state": "TAS",
        "price": "350",
        "price_per_unit": "93",
        "price_unit": "G"
      },
      {
        "state": "ACT",
        "price": "350",
        "price_per_unit": "93",
        "price_unit": "G"
      },
      {
        "state": "NT",
        "price": "350",
        "price_per_unit": "93",
        "price_unit": "G"
      }
    ]
  },
  {
    "source_url": "https://www.woolworths.com.au/shop/productdetails/291866/cottee-s-breakfast-marmalade",
    "name": "Cottee's Breakfast Marmalade 375g",
    "image_url": "https://cdn1.woolworths.media/content/wowproductimages/large/291866.jpg",
    "source_id": "Woolworths - 291866",
    "barcode": "9300657801502",
    "shop": "Woolworths",
    "weight": "100G",
    "prices": [
      {
        "state": "NSW",
        "price": "350",
        "price_per_unit": "93",
        "price_unit": "G"
      },
      {
        "state": "VIC",
        "price": "350",
        "price_per_unit": "93",
        "price_unit": "G"
      },
      {
        "state": "QLD",
        "price": "350",
        "price_per_unit": "93",
        "price_unit": "G"
      },
      {
        "state": "WA",
        "price": "350",
        "price_per_unit": "93",
        "price_unit": "G"
      },
      {
        "state": "SA",
        "price": "350",
        "price_per_unit": "93",
        "price_unit": "G"
      },
      {
        "state": "TAS",
        "price": "350",
        "price_per_unit": "93",
        "price_unit": "G"
      },
      {
        "state": "ACT",
        "price": "350",
        "price_per_unit": "93",
        "price_unit": "G"
      },
      {
        "state": "NT",
        "price": "350",
        "price_per_unit": "93",
        "price_unit": "G"
      }
    ]
  },
  {
    "source_url": "https://www.woolworths.com.au/shop/productdetails/291867/cottee-s-plum-jam",
    "name": "Cottee's Plum Jam 375g",
    "image_url": "https://cdn1.woolworths.media/content/wowproductimages/large/291867.jpg",
    "source_id": "Woolworths - 291867",
    "barcode": "9300657802073",
    "shop": "Woolworths",
    "weight": "100G",
    "prices": [
      {
        "state": "NSW",
        "price": "350",
        "price_per_unit": "93",
        "price_unit": "G"
      },
      {
        "state": "VIC",
        "price": "350",
        "price_per_unit": "93",
        "price_unit": "G"
      },
      {
        "state": "QLD",
        "price": "350",
        "price_per_unit": "93",
        "price_unit": "G"
      },
      {
        "state": "WA",
        "price": "350",
        "price_per_unit": "93",
        "price_unit": "G"
      },
      {
        "state": "SA",
        "price": "350",
        "price_per_unit": "93",
        "price_unit": "G"
      },
      {
        "state": "TAS",
        "price": "350",
        "price_per_unit": "93",
        "price_unit": "G"
      },
      {
        "state": "ACT",
        "price": "350",
        "price_per_unit": "93",
        "price_unit": "G"
      },
      {
        "state": "NT",
        "price": "350",
        "price_per_unit": "93",
        "price_unit": "G"
      }
    ]
  },
  {
    "source_url": "https://www.woolworths.com.au/shop/productdetails/292592/cottee-s-raspberry-jam",
    "name": "Cottee's Raspberry Jam 375g",
    "image_url": "https://cdn1.woolworths.media/content/wowproductimages/large/292592.jpg",
    "source_id": "Woolworths - 292592",
    "barcode": "9300657802042",
    "shop": "Woolworths",
    "weight": "100G",
    "prices": [
      {
        "state": "NSW",
        "price": "350",
        "price_per_unit": "93",
        "price_unit": "G"
      },
      {
        "state": "VIC",
        "price": "350",
        "price_per_unit": "93",
        "price_unit": "G"
      },
      {
        "state": "QLD",
        "price": "350",
        "price_per_unit": "93",
        "price_unit": "G"
      },
      {
        "state": "WA",
        "price": "350",
        "price_per_unit": "93",
        "price_unit": "G"
      },
      {
        "state": "SA",
        "price": "350",
        "price_per_unit": "93",
        "price_unit": "G"
      },
      {
        "state": "TAS",
        "price": "350",
        "price_per_unit": "93",
        "price_unit": "G"
      },
      {
        "state": "ACT",
        "price": "350",
        "price_per_unit": "93",
        "price_unit": "G"
      },
      {
        "state": "NT",
        "price": "350",
        "price_per_unit": "93",
        "price_unit": "G"
      }
    ]
  },
  {
    "source_url": "https://www.woolworths.com.au/shop/productdetails/292796/cottee-s-strawberry-jam",
    "name": "Cottee's Strawberry Jam 375g",
    "image_url": "https://cdn1.woolworths.media/content/wowproductimages/large/292796.jpg",
    "source_id": "Woolworths - 292796",
    "barcode": "9300657801755",
    "shop": "Woolworths",
    "weight": "100G",
    "prices": [
      {
        "state": "NSW",
        "price": "350",
        "price_per_unit": "93",
        "price_unit": "G"
      },
      {
        "state": "VIC",
        "price": "350",
        "price_per_unit": "93",
        "price_unit": "G"
      },
      {
        "state": "QLD",
        "price": "350",
        "price_per_unit": "93",
        "price_unit": "G"
      },
      {
        "state": "WA",
        "price": "350",
        "price_per_unit": "93",
        "price_unit": "G"
      },
      {
        "state": "SA",
        "price": "350",
        "price_per_unit": "93",
        "price_unit": "G"
      },
      {
        "state": "TAS",
        "price": "350",
        "price_per_unit": "93",
        "price_unit": "G"
      },
      {
        "state": "ACT",
        "price": "350",
        "price_per_unit": "93",
        "price_unit": "G"
      },
      {
        "state": "NT",
        "price": "350",
        "price_per_unit": "93",
        "price_unit": "G"
      }
    ]
  },
  {
    "source_url": "https://www.woolworths.com.au/shop/productdetails/198247/gardener-orange-marmalade",
    "name": "Gardener Orange Marmalade 450g",
    "image_url": "https://cdn1.woolworths.media/content/wowproductimages/large/198247.jpg",
    "source_id": "Woolworths - 198247",
    "barcode": "9300733004384",
    "shop": "Woolworths",
    "weight": "100G",
    "prices": [
      {
        "state": "NSW",
        "price": "250",
        "price_per_unit": "56",
        "price_unit": "G"
      },
      {
        "state": "VIC",
        "price": "250",
        "price_per_unit": "56",
        "price_unit": "G"
      },
      {
        "state": "QLD",
        "price": "250",
        "price_per_unit": "56",
        "price_unit": "G"
      },
      {
        "state": "WA",
        "price": "250",
        "price_per_unit": "56",
        "price_unit": "G"
      },
      {
        "state": "SA",
        "price": "250",
        "price_per_unit": "56",
        "price_unit": "G"
      },
      {
        "state": "TAS",
        "price": "250",
        "price_per_unit": "56",
        "price_unit": "G"
      },
      {
        "state": "ACT",
        "price": "250",
        "price_per_unit": "56",
        "price_unit": "G"
      },
      {
        "state": "NT",
        "price": "250",
        "price_per_unit": "56",
        "price_unit": "G"
      }
    ]
  },
  {
    "source_url": "https://www.woolworths.com.au/shop/productdetails/198522/gardener-strawberry-jam",
    "name": "Gardener Strawberry Jam 450g",
    "image_url": "https://cdn1.woolworths.media/content/wowproductimages/large/198522.jpg",
    "source_id": "Woolworths - 198522",
    "barcode": "9300733004360",
    "shop": "Woolworths",
    "weight": "100G",
    "prices": [
      {
        "state": "NSW",
        "price": "250",
        "price_per_unit": "56",
        "price_unit": "G"
      },
      {
        "state": "VIC",
        "price": "250",
        "price_per_unit": "56",
        "price_unit": "G"
      },
      {
        "state": "QLD",
        "price": "250",
        "price_per_unit": "56",
        "price_unit": "G"
      },
      {
        "state": "WA",
        "price": "250",
        "price_per_unit": "56",
        "price_unit": "G"
      },
      {
        "state": "SA",
        "price": "250",
        "price_per_unit": "56",
        "price_unit": "G"
      },
      {
        "state": "TAS",
        "price": "250",
        "price_per_unit": "56",
        "price_unit": "G"
      },
      {
        "state": "ACT",
        "price": "250",
        "price_per_unit": "56",
        "price_unit": "G"
      },
      {
        "state": "NT",
        "price": "250",
        "price_per_unit": "56",
        "price_unit": "G"
      }
    ]
  },
  {
    "source_url": "https://www.woolworths.com.au/shop/productdetails/1075557195/kraft-heinz-apricot-jam-individual-portions-14g-75-carton-bulk-box",
    "name": "Kraft Heinz Apricot Jam Individual Portions 14g 75 Carton Bulk Box",
    "image_url": "https://cdn1.woolworths.media/content/wowproductimages/large/1075557195.jpg",
    "source_id": "Woolworths - 1075557195",
    "barcode": null,
    "shop": "Woolworths",
    "weight": "100EA",
    "prices": [
      {
        "state": "NSW",
        "price": "3295",
        "price_per_unit": "4393",
        "price_unit": "EA"
      },
      {
        "state": "VIC",
        "price": "3295",
        "price_per_unit": "4393",
        "price_unit": "EA"
      },
      {
        "state": "QLD",
        "price": "3295",
        "price_per_unit": "4393",
        "price_unit": "EA"
      },
      {
        "state": "WA",
        "price": "3295",
        "price_per_unit": "4393",
        "price_unit": "EA"
      },
      {
        "state": "SA",
        "price": "3295",
        "price_per_unit": "4393",
        "price_unit": "EA"
      },
      {
        "state": "TAS",
        "price": "3295",
        "price_per_unit": "4393",
        "price_unit": "EA"
      },
      {
        "state": "ACT",
        "price": "3295",
        "price_per_unit": "4393",
        "price_unit": "EA"
      },
      {
        "state": "ACT",
        "price": "3295",
        "price_per_unit": "4393",
        "price_unit": "EA"
      },
      {
        "state": "NT",
        "price": "3295",
        "price_per_unit": "4393",
        "price_unit": "EA"
      }
    ]
  },
  {
    "source_url": "https://www.woolworths.com.au/shop/productdetails/1075557190/kraft-heinz-marmalade-individual-portions-14g-75-carton-bulk-box",
    "name": "Kraft Heinz Marmalade Individual Portions 14g 75 Carton Bulk Box",
    "image_url": "https://cdn1.woolworths.media/content/wowproductimages/large/1075557190.jpg",
    "source_id": "Woolworths - 1075557190",
    "barcode": null,
    "shop": "Woolworths",
    "weight": "100EA",
    "prices": [
      {
        "state": "NSW",
        "price": "2995",
        "price_per_unit": "3993",
        "price_unit": "EA"
      },
      {
        "state": "VIC",
        "price": "2995",
        "price_per_unit": "3993",
        "price_unit": "EA"
      },
      {
        "state": "QLD",
        "price": "2995",
        "price_per_unit": "3993",
        "price_unit": "EA"
      },
      {
        "state": "WA",
        "price": "2995",
        "price_per_unit": "3993",
        "price_unit": "EA"
      },
      {
        "state": "SA",
        "price": "2995",
        "price_per_unit": "3993",
        "price_unit": "EA"
      },
      {
        "state": "TAS",
        "price": "2995",
        "price_per_unit": "3993",
        "price_unit": "EA"
      },
      {
        "state": "ACT",
        "price": "2995",
        "price_per_unit": "3993",
        "price_unit": "EA"
      },
      {
        "state": "ACT",
        "price": "2995",
        "price_per_unit": "3993",
        "price_unit": "EA"
      },
      {
        "state": "NT",
        "price": "2995",
        "price_per_unit": "3993",
        "price_unit": "EA"
      }
    ]
  },
  {
    "source_url": "https://www.woolworths.com.au/shop/productdetails/1075557194/kraft-heinz-plum-jam-individual-portions-14g-75-carton-bulk-box",
    "name": "Kraft Heinz Plum Jam Individual Portions 14g 75 Carton Bulk Box",
    "image_url": "https://cdn1.woolworths.media/content/wowproductimages/large/1075557194.jpg",
    "source_id": "Woolworths - 1075557194",
    "barcode": null,
    "shop": "Woolworths",
    "weight": "100EA",
    "prices": [
      {
        "state": "NSW",
        "price": "3295",
        "price_per_unit": "4393",
        "price_unit": "EA"
      },
      {
        "state": "VIC",
        "price": "3295",
        "price_per_unit": "4393",
        "price_unit": "EA"
      },
      {
        "state": "QLD",
        "price": "3295",
        "price_per_unit": "4393",
        "price_unit": "EA"
      },
      {
        "state": "WA",
        "price": "3295",
        "price_per_unit": "4393",
        "price_unit": "EA"
      },
      {
        "state": "SA",
        "price": "3295",
        "price_per_unit": "4393",
        "price_unit": "EA"
      },
      {
        "state": "TAS",
        "price": "3295",
        "price_per_unit": "4393",
        "price_unit": "EA"
      },
      {
        "state": "ACT",
        "price": "3295",
        "price_per_unit": "4393",
        "price_unit": "EA"
      },
      {
        "state": "ACT",
        "price": "3295",
        "price_per_unit": "4393",
        "price_unit": "EA"
      },
      {
        "state": "NT",
        "price": "3295",
        "price_per_unit": "4393",
        "price_unit": "EA"
      }
    ]
  },
  {
    "source_url": "https://www.woolworths.com.au/shop/productdetails/1075557193/kraft-heinz-raspberry-jam-individual-portions-14g-75-carton-bulk-box",
    "name": "Kraft Heinz Raspberry Jam Individual Portions 14g 75 Carton Bulk Box",
    "image_url": "https://cdn1.woolworths.media/content/wowproductimages/large/1075557193.jpg",
    "source_id": "Woolworths - 1075557193",
    "barcode": null,
    "shop": "Woolworths",
    "weight": "100EA",
    "prices": [
      {
        "state": "NSW",
        "price": "3295",
        "price_per_unit": "4393",
        "price_unit": "EA"
      },
      {
        "state": "VIC",
        "price": "3295",
        "price_per_unit": "4393",
        "price_unit": "EA"
      },
      {
        "state": "QLD",
        "price": "3295",
        "price_per_unit": "4393",
        "price_unit": "EA"
      },
      {
        "state": "WA",
        "price": "3295",
        "price_per_unit": "4393",
        "price_unit": "EA"
      },
      {
        "state": "SA",
        "price": "3295",
        "price_per_unit": "4393",
        "price_unit": "EA"
      },
      {
        "state": "TAS",
        "price": "3295",
        "price_per_unit": "4393",
        "price_unit": "EA"
      },
      {
        "state": "ACT",
        "price": "3295",
        "price_per_unit": "4393",
        "price_unit": "EA"
      },
      {
        "state": "ACT",
        "price": "3295",
        "price_per_unit": "4393",
        "price_unit": "EA"
      },
      {
        "state": "NT",
        "price": "3295",
        "price_per_unit": "4393",
        "price_unit": "EA"
      }
    ]
  },
  {
    "source_url": "https://www.woolworths.com.au/shop/productdetails/1075557192/kraft-heinz-strawberry-jam-individual-portions-14g-75-carton-bulk-box",
    "name": "Kraft Heinz Strawberry Jam Individual Portions 14g 75 Carton Bulk Box",
    "image_url": "https://cdn1.woolworths.media/content/wowproductimages/large/1075557192.jpg",
    "source_id": "Woolworths - 1075557192",
    "barcode": null,
    "shop": "Woolworths",
    "weight": "100EA",
    "prices": [
      {
        "state": "NSW",
        "price": "3295",
        "price_per_unit": "4393",
        "price_unit": "EA"
      },
      {
        "state": "VIC",
        "price": "3295",
        "price_per_unit": "4393",
        "price_unit": "EA"
      },
      {
        "state": "QLD",
        "price": "3295",
        "price_per_unit": "4393",
        "price_unit": "EA"
      },
      {
        "state": "WA",
        "price": "3295",
        "price_per_unit": "4393",
        "price_unit": "EA"
      },
      {
        "state": "SA",
        "price": "3295",
        "price_per_unit": "4393",
        "price_unit": "EA"
      },
      {
        "state": "TAS",
        "price": "3295",
        "price_per_unit": "4393",
        "price_unit": "EA"
      },
      {
        "state": "ACT",
        "price": "3295",
        "price_per_unit": "4393",
        "price_unit": "EA"
      },
      {
        "state": "ACT",
        "price": "3295",
        "price_per_unit": "4393",
        "price_unit": "EA"
      },
      {
        "state": "NT",
        "price": "3295",
        "price_per_unit": "4393",
        "price_unit": "EA"
      }
    ]
  },
  {
    "source_url": "https://www.woolworths.com.au/shop/productdetails/296178/rose-s-english-breakfast-marmalade",
    "name": "Rose's English Breakfast Marmalade 375g",
    "image_url": "https://cdn1.woolworths.media/content/wowproductimages/large/296178.jpg",
    "source_id": "Woolworths - 296178",
    "barcode": "9300657801199",
    "shop": "Woolworths",
    "weight": "100G",
    "prices": [
      {
        "state": "NSW",
        "price": "430",
        "price_per_unit": "115",
        "price_unit": "G"
      },
      {
        "state": "VIC",
        "price": "430",
        "price_per_unit": "115",
        "price_unit": "G"
      },
      {
        "state": "QLD",
        "price": "430",
        "price_per_unit": "115",
        "price_unit": "G"
      },
      {
        "state": "WA",
        "price": "430",
        "price_per_unit": "115",
        "price_unit": "G"
      },
      {
        "state": "SA",
        "price": "430",
        "price_per_unit": "115",
        "price_unit": "G"
      },
      {
        "state": "TAS",
        "price": "430",
        "price_per_unit": "115",
        "price_unit": "G"
      },
      {
        "state": "ACT",
        "price": "430",
        "price_per_unit": "115",
        "price_unit": "G"
      },
      {
        "state": "NT",
        "price": "430",
        "price_per_unit": "115",
        "price_unit": "G"
      }
    ]
  },
  {
    "source_url": "https://www.woolworths.com.au/shop/productdetails/299515/rose-s-lime-marmalade",
    "name": "Rose's Lime Marmalade 375g",
    "image_url": "https://cdn1.woolworths.media/content/wowproductimages/large/299515.jpg",
    "source_id": "Woolworths - 299515",
    "barcode": "9300657801182",
    "shop": "Woolworths",
    "weight": "100G",
    "prices": [
      {
        "state": "NSW",
        "price": "430",
        "price_per_unit": "115",
        "price_unit": "G"
      },
      {
        "state": "VIC",
        "price": "430",
        "price_per_unit": "115",
        "price_unit": "G"
      },
      {
        "state": "QLD",
        "price": "430",
        "price_per_unit": "115",
        "price_unit": "G"
      },
      {
        "state": "WA",
        "price": "430",
        "price_per_unit": "115",
        "price_unit": "G"
      },
      {
        "state": "SA",
        "price": "430",
        "price_per_unit": "115",
        "price_unit": "G"
      },
      {
        "state": "TAS",
        "price": "430",
        "price_per_unit": "115",
        "price_unit": "G"
      },
      {
        "state": "ACT",
        "price": "430",
        "price_per_unit": "115",
        "price_unit": "G"
      },
      {
        "state": "NT",
        "price": "430",
        "price_per_unit": "115",
        "price_unit": "G"
      }
    ]
  },
  {
    "source_url": "https://www.woolworths.com.au/shop/productdetails/299528/rose-s-raspberry-conserve",
    "name": "Rose's Raspberry Conserve 375g",
    "image_url": "https://cdn1.woolworths.media/content/wowproductimages/large/299528.jpg",
    "source_id": "Woolworths - 299528",
    "barcode": "9300657802127",
    "shop": "Woolworths",
    "weight": "100G",
    "prices": [
      {
        "state": "NSW",
        "price": "430",
        "price_per_unit": "115",
        "price_unit": "G"
      },
      {
        "state": "VIC",
        "price": "430",
        "price_per_unit": "115",
        "price_unit": "G"
      },
      {
        "state": "QLD",
        "price": "430",
        "price_per_unit": "115",
        "price_unit": "G"
      },
      {
        "state": "WA",
        "price": "430",
        "price_per_unit": "115",
        "price_unit": "G"
      },
      {
        "state": "SA",
        "price": "430",
        "price_per_unit": "115",
        "price_unit": "G"
      },
      {
        "state": "TAS",
        "price": "430",
        "price_per_unit": "115",
        "price_unit": "G"
      },
      {
        "state": "ACT",
        "price": "430",
        "price_per_unit": "115",
        "price_unit": "G"
      },
      {
        "state": "NT",
        "price": "430",
        "price_per_unit": "115",
        "price_unit": "G"
      }
    ]
  },
  {
    "source_url": "https://www.woolworths.com.au/shop/productdetails/296809/rose-s-strawberry-conserve",
    "name": "Rose's Strawberry Conserve 375g",
    "image_url": "https://cdn1.woolworths.media/content/wowproductimages/large/296809.jpg",
    "source_id": "Woolworths - 296809",
    "barcode": "9300657802103",
    "shop": "Woolworths",
    "weight": "100G",
    "prices": [
      {
        "state": "NSW",
        "price": "430",
        "price_per_unit": "115",
        "price_unit": "G"
      },
      {
        "state": "VIC",
        "price": "430",
        "price_per_unit": "115",
        "price_unit": "G"
      },
      {
        "state": "QLD",
        "price": "430",
        "price_per_unit": "115",
        "price_unit": "G"
      },
      {
        "state": "WA",
        "price": "430",
        "price_per_unit": "115",
        "price_unit": "G"
      },
      {
        "state": "SA",
        "price": "430",
        "price_per_unit": "115",
        "price_unit": "G"
      },
      {
        "state": "TAS",
        "price": "430",
        "price_per_unit": "115",
        "price_unit": "G"
      },
      {
        "state": "ACT",
        "price": "430",
        "price_per_unit": "115",
        "price_unit": "G"
      },
      {
        "state": "NT",
        "price": "430",
        "price_per_unit": "115",
        "price_unit": "G"
      }
    ]
  },
  {
    "source_url": "https://www.woolworths.com.au/shop/productdetails/300202/rose-s-sweet-orange-marmalade",
    "name": "Rose's Sweet Orange Marmalade 375g",
    "image_url": "https://cdn1.woolworths.media/content/wowproductimages/large/300202.jpg",
    "source_id": "Woolworths - 300202",
    "barcode": "9300657801243",
    "shop": "Woolworths",
    "weight": "100G",
    "prices": [
      {
        "state": "NSW",
        "price": "430",
        "price_per_unit": "115",
        "price_unit": "G"
      },
      {
        "state": "VIC",
        "price": "430",
        "price_per_unit": "115",
        "price_unit": "G"
      },
      {
        "state": "QLD",
        "price": "430",
        "price_per_unit": "115",
        "price_unit": "G"
      },
      {
        "state": "WA",
        "price": "430",
        "price_per_unit": "115",
        "price_unit": "G"
      },
      {
        "state": "SA",
        "price": "430",
        "price_per_unit": "115",
        "price_unit": "G"
      },
      {
        "state": "TAS",
        "price": "430",
        "price_per_unit": "115",
        "price_unit": "G"
      },
      {
        "state": "ACT",
        "price": "430",
        "price_per_unit": "115",
        "price_unit": "G"
      },
      {
        "state": "NT",
        "price": "430",
        "price_per_unit": "115",
        "price_unit": "G"
      }
    ]
  },
  {
    "source_url": "https://www.woolworths.com.au/shop/productdetails/17347/st-dalfour-apricot-284g",
    "name": "St Dalfour Apricot 284g 284g",
    "image_url": "https://cdn1.woolworths.media/content/wowproductimages/large/017347.jpg",
    "source_id": "Woolworths - 17347",
    "barcode": "84380957543",
    "shop": "Woolworths",
    "weight": "100G",
    "prices": [
      {
        "state": "NSW",
        "price": "570",
        "price_per_unit": "201",
        "price_unit": "G"
      },
      {
        "state": "VIC",
        "price": "570",
        "price_per_unit": "201",
        "price_unit": "G"
      },
      {
        "state": "QLD",
        "price": "570",
        "price_per_unit": "201",
        "price_unit": "G"
      },
      {
        "state": "WA",
        "price": "570",
        "price_per_unit": "201",
        "price_unit": "G"
      },
      {
        "state": "SA",
        "price": "570",
        "price_per_unit": "201",
        "price_unit": "G"
      },
      {
        "state": "ACT",
        "price": "570",
        "price_per_unit": "201",
        "price_unit": "G"
      },
      {
        "state": "NT",
        "price": "600",
        "price_per_unit": "211",
        "price_unit": "G"
      }
    ]
  },
  {
    "source_url": "https://www.woolworths.com.au/shop/productdetails/26662/st-dalfour-black-cherry-284g",
    "name": "St Dalfour Black Cherry 284g 284g",
    "image_url": "https://cdn1.woolworths.media/content/wowproductimages/large/026662.jpg",
    "source_id": "Woolworths - 26662",
    "barcode": "84380957048",
    "shop": "Woolworths",
    "weight": "100G",
    "prices": [
      {
        "state": "NSW",
        "price": "570",
        "price_per_unit": "201",
        "price_unit": "G"
      },
      {
        "state": "VIC",
        "price": "570",
        "price_per_unit": "201",
        "price_unit": "G"
      },
      {
        "state": "QLD",
        "price": "570",
        "price_per_unit": "201",
        "price_unit": "G"
      },
      {
        "state": "WA",
        "price": "570",
        "price_per_unit": "201",
        "price_unit": "G"
      },
      {
        "state": "SA",
        "price": "570",
        "price_per_unit": "201",
        "price_unit": "G"
      },
      {
        "state": "ACT",
        "price": "570",
        "price_per_unit": "201",
        "price_unit": "G"
      },
      {
        "state": "NT",
        "price": "600",
        "price_per_unit": "211",
        "price_unit": "G"
      }
    ]
  },
  {
    "source_url": "https://www.woolworths.com.au/shop/productdetails/17628/st-dalfour-orange-marmalade-284g",
    "name": "St Dalfour Orange Marmalade 284g 284g",
    "image_url": "https://cdn1.woolworths.media/content/wowproductimages/large/017628.jpg",
    "source_id": "Woolworths - 17628",
    "barcode": "84380957949",
    "shop": "Woolworths",
    "weight": "100G",
    "prices": [
      {
        "state": "NSW",
        "price": "570",
        "price_per_unit": "201",
        "price_unit": "G"
      },
      {
        "state": "VIC",
        "price": "570",
        "price_per_unit": "201",
        "price_unit": "G"
      },
      {
        "state": "QLD",
        "price": "570",
        "price_per_unit": "201",
        "price_unit": "G"
      },
      {
        "state": "WA",
        "price": "570",
        "price_per_unit": "201",
        "price_unit": "G"
      },
      {
        "state": "SA",
        "price": "570",
        "price_per_unit": "201",
        "price_unit": "G"
      },
      {
        "state": "ACT",
        "price": "570",
        "price_per_unit": "201",
        "price_unit": "G"
      },
      {
        "state": "NT",
        "price": "600",
        "price_per_unit": "211",
        "price_unit": "G"
      }
    ]
  },
  {
    "source_url": "https://www.woolworths.com.au/shop/productdetails/59309/st-dalfour-raspberry-284g",
    "name": "St Dalfour Raspberry 284g 284g",
    "image_url": "https://cdn1.woolworths.media/content/wowproductimages/large/059309.jpg",
    "source_id": "Woolworths - 59309",
    "barcode": "84380957741",
    "shop": "Woolworths",
    "weight": "100G",
    "prices": [
      {
        "state": "NSW",
        "price": "570",
        "price_per_unit": "201",
        "price_unit": "G"
      },
      {
        "state": "VIC",
        "price": "570",
        "price_per_unit": "201",
        "price_unit": "G"
      },
      {
        "state": "QLD",
        "price": "570",
        "price_per_unit": "201",
        "price_unit": "G"
      },
      {
        "state": "WA",
        "price": "570",
        "price_per_unit": "201",
        "price_unit": "G"
      },
      {
        "state": "SA",
        "price": "570",
        "price_per_unit": "201",
        "price_unit": "G"
      },
      {
        "state": "ACT",
        "price": "570",
        "price_per_unit": "201",
        "price_unit": "G"
      },
      {
        "state": "NT",
        "price": "600",
        "price_per_unit": "211",
        "price_unit": "G"
      }
    ]
  },
  {
    "source_url": "https://www.woolworths.com.au/shop/productdetails/17340/st-dalfour-strawberry-284g",
    "name": "St Dalfour Strawberry 284g 284g",
    "image_url": "https://cdn1.woolworths.media/content/wowproductimages/large/017340.jpg",
    "source_id": "Woolworths - 17340",
    "barcode": "84380957444",
    "shop": "Woolworths",
    "weight": "100G",
    "prices": [
      {
        "state": "NSW",
        "price": "570",
        "price_per_unit": "201",
        "price_unit": "G"
      },
      {
        "state": "VIC",
        "price": "570",
        "price_per_unit": "201",
        "price_unit": "G"
      },
      {
        "state": "QLD",
        "price": "570",
        "price_per_unit": "201",
        "price_unit": "G"
      },
      {
        "state": "WA",
        "price": "570",
        "price_per_unit": "201",
        "price_unit": "G"
      },
      {
        "state": "SA",
        "price": "570",
        "price_per_unit": "201",
        "price_unit": "G"
      },
      {
        "state": "ACT",
        "price": "570",
        "price_per_unit": "201",
        "price_unit": "G"
      },
      {
        "state": "NT",
        "price": "600",
        "price_per_unit": "211",
        "price_unit": "G"
      }
    ]
  },
  {
    "source_url": "https://www.woolworths.com.au/shop/productdetails/249189/yackandandah-lemon-curd",
    "name": "Yackandandah Lemon Curd 350g",
    "image_url": "https://cdn1.woolworths.media/content/wowproductimages/large/249189.jpg",
    "source_id": "Woolworths - 249189",
    "barcode": "9323572006333",
    "shop": "Woolworths",
    "weight": "100G",
    "prices": [
      {
        "state": "NSW",
        "price": "480",
        "price_per_unit": "137",
        "price_unit": "G"
      },
      {
        "state": "VIC",
        "price": "480",
        "price_per_unit": "137",
        "price_unit": "G"
      },
      {
        "state": "TAS",
        "price": "480",
        "price_per_unit": "137",
        "price_unit": "G"
      },
      {
        "state": "NT",
        "price": "505",
        "price_per_unit": "144",
        "price_unit": "G"
      }
    ]
  },
  {
    "source_url": "https://www.woolworths.com.au/shop/productdetails/805353/adley-s-honey-nothing-but-honey",
    "name": "Adley's Honey Nothing But Honey 500g",
    "image_url": "https://cdn1.woolworths.media/content/wowproductimages/large/805353.jpg",
    "source_id": "Woolworths - 805353",
    "barcode": "9327890001018",
    "shop": "Woolworths",
    "weight": "100G",
    "prices": [
      {
        "state": "VIC",
        "price": "815",
        "price_per_unit": "163",
        "price_unit": "G"
      },
      {
        "state": "ACT",
        "price": "815",
        "price_per_unit": "163",
        "price_unit": "G"
      }
    ]
  },
  {
    "source_url": "https://www.woolworths.com.au/shop/productdetails/806599/adley-s-honey-nothing-but-honey-squeeze-pack",
    "name": "Adley's Honey Nothing But Honey Squeeze Pack 400g",
    "image_url": "https://cdn1.woolworths.media/content/wowproductimages/large/806599.jpg",
    "source_id": "Woolworths - 806599",
    "barcode": "9327890001025",
    "shop": "Woolworths",
    "weight": "100G",
    "prices": [
      {
        "state": "VIC",
        "price": "750",
        "price_per_unit": "188",
        "price_unit": "G"
      },
      {
        "state": "ACT",
        "price": "750",
        "price_per_unit": "188",
        "price_unit": "G"
      }
    ]
  },
  {
    "source_url": "https://www.woolworths.com.au/shop/productdetails/269914/barker-s-anathoth-farm-boysenberry-jam",
    "name": "Barker's Anathoth Farm Boysenberry Jam 455g",
    "image_url": "https://cdn1.woolworths.media/content/wowproductimages/large/269914.jpg",
    "source_id": "Woolworths - 269914",
    "barcode": "9414732208480",
    "shop": "Woolworths",
    "weight": "100G",
    "prices": [
      {
        "state": "VIC",
        "price": "630",
        "price_per_unit": "138",
        "price_unit": "G"
      },
      {
        "state": "QLD",
        "price": "630",
        "price_per_unit": "138",
        "price_unit": "G"
      },
      {
        "state": "WA",
        "price": "630",
        "price_per_unit": "138",
        "price_unit": "G"
      },
      {
        "state": "SA",
        "price": "630",
        "price_per_unit": "138",
        "price_unit": "G"
      },
      {
        "state": "TAS",
        "price": "495",
        "price_per_unit": "109",
        "price_unit": "G"
      },
      {
        "state": "ACT",
        "price": "495",
        "price_per_unit": "109",
        "price_unit": "G"
      },
      {
        "state": "NT",
        "price": "495",
        "price_per_unit": "109",
        "price_unit": "G"
      }
    ]
  },
  {
    "source_url": "https://www.woolworths.com.au/shop/productdetails/269903/barker-s-anathoth-farm-strawberry-jam",
    "name": "Barker's Anathoth Farm Strawberry Jam 455g",
    "image_url": "https://cdn1.woolworths.media/content/wowproductimages/large/269903.jpg",
    "source_id": "Woolworths - 269903",
    "barcode": "9414732208558",
    "shop": "Woolworths",
    "weight": "100G",
    "prices": [
      {
        "state": "VIC",
        "price": "630",
        "price_per_unit": "138",
        "price_unit": "G"
      },
      {
        "state": "QLD",
        "price": "630",
        "price_per_unit": "138",
        "price_unit": "G"
      },
      {
        "state": "WA",
        "price": "630",
        "price_per_unit": "138",
        "price_unit": "G"
      },
      {
        "state": "SA",
        "price": "630",
        "price_per_unit": "138",
        "price_unit": "G"
      },
      {
        "state": "TAS",
        "price": "495",
        "price_per_unit": "109",
        "price_unit": "G"
      },
      {
        "state": "ACT",
        "price": "495",
        "price_per_unit": "109",
        "price_unit": "G"
      },
      {
        "state": "NT",
        "price": "495",
        "price_per_unit": "109",
        "price_unit": "G"
      }
    ]
  },
  {
    "source_url": "https://www.woolworths.com.au/shop/productdetails/269871/barker-s-anathoth-farm-three-berry-jam",
    "name": "Barker's Anathoth Farm Three Berry Jam 455g",
    "image_url": "https://cdn1.woolworths.media/content/wowproductimages/large/269871.jpg",
    "source_id": "Woolworths - 269871",
    "barcode": "9414732208565",
    "shop": "Woolworths",
    "weight": "100G",
    "prices": [
      {
        "state": "VIC",
        "price": "630",
        "price_per_unit": "138",
        "price_unit": "G"
      },
      {
        "state": "QLD",
        "price": "630",
        "price_per_unit": "138",
        "price_unit": "G"
      },
      {
        "state": "WA",
        "price": "630",
        "price_per_unit": "138",
        "price_unit": "G"
      },
      {
        "state": "SA",
        "price": "630",
        "price_per_unit": "138",
        "price_unit": "G"
      },
      {
        "state": "TAS",
        "price": "495",
        "price_per_unit": "109",
        "price_unit": "G"
      },
      {
        "state": "ACT",
        "price": "495",
        "price_per_unit": "109",
        "price_unit": "G"
      },
      {
        "state": "NT",
        "price": "495",
        "price_per_unit": "109",
        "price_unit": "G"
      }
    ]
  },
  {
    "source_url": "https://www.woolworths.com.au/shop/productdetails/161106/barker-s-lemon-curd",
    "name": "Barker's Lemon Curd 400g",
    "image_url": "https://cdn1.woolworths.media/content/wowproductimages/large/161106.jpg",
    "source_id": "Woolworths - 161106",
    "barcode": "9414732215242",
    "shop": "Woolworths",
    "weight": "100G",
    "prices": [
      {
        "state": "VIC",
        "price": "630",
        "price_per_unit": "158",
        "price_unit": "G"
      },
      {
        "state": "QLD",
        "price": "630",
        "price_per_unit": "158",
        "price_unit": "G"
      },
      {
        "state": "WA",
        "price": "630",
        "price_per_unit": "158",
        "price_unit": "G"
      },
      {
        "state": "SA",
        "price": "630",
        "price_per_unit": "158",
        "price_unit": "G"
      },
      {
        "state": "TAS",
        "price": "495",
        "price_per_unit": "124",
        "price_unit": "G"
      },
      {
        "state": "ACT",
        "price": "495",
        "price_per_unit": "124",
        "price_unit": "G"
      },
      {
        "state": "NT",
        "price": "495",
        "price_per_unit": "124",
        "price_unit": "G"
      }
    ]
  },
  {
    "source_url": "https://www.woolworths.com.au/shop/productdetails/93090/barker-s-passionfruit-curd",
    "name": "Barker's Passionfruit Curd 400g",
    "image_url": "https://cdn1.woolworths.media/content/wowproductimages/large/093090.jpg",
    "source_id": "Woolworths - 93090",
    "barcode": "9414732212883",
    "shop": "Woolworths",
    "weight": "100G",
    "prices": [
      {
        "state": "VIC",
        "price": "630",
        "price_per_unit": "158",
        "price_unit": "G"
      },
      {
        "state": "QLD",
        "price": "630",
        "price_per_unit": "158",
        "price_unit": "G"
      },
      {
        "state": "WA",
        "price": "630",
        "price_per_unit": "158",
        "price_unit": "G"
      },
      {
        "state": "SA",
        "price": "630",
        "price_per_unit": "158",
        "price_unit": "G"
      },
      {
        "state": "TAS",
        "price": "495",
        "price_per_unit": "124",
        "price_unit": "G"
      },
      {
        "state": "ACT",
        "price": "495",
        "price_per_unit": "124",
        "price_unit": "G"
      },
      {
        "state": "NT",
        "price": "495",
        "price_per_unit": "124",
        "price_unit": "G"
      }
    ]
  },
  {
    "source_url": "https://www.woolworths.com.au/shop/productdetails/288167/barker-s-raspberry-redcurrant-jam",
    "name": "Barker's Raspberry & Redcurrant Jam 455g",
    "image_url": "https://cdn1.woolworths.media/content/wowproductimages/large/288167.jpg",
    "source_id": "Woolworths - 288167",
    "barcode": "9414732216492",
    "shop": "Woolworths",
    "weight": "100G",
    "prices": [
      {
        "state": "VIC",
        "price": "630",
        "price_per_unit": "138",
        "price_unit": "G"
      },
      {
        "state": "QLD",
        "price": "630",
        "price_per_unit": "138",
        "price_unit": "G"
      },
      {
        "state": "WA",
        "price": "630",
        "price_per_unit": "138",
        "price_unit": "G"
      },
      {
        "state": "SA",
        "price": "630",
        "price_per_unit": "138",
        "price_unit": "G"
      },
      {
        "state": "TAS",
        "price": "495",
        "price_per_unit": "109",
        "price_unit": "G"
      },
      {
        "state": "ACT",
        "price": "495",
        "price_per_unit": "109",
        "price_unit": "G"
      },
      {
        "state": "NT",
        "price": "495",
        "price_per_unit": "109",
        "price_unit": "G"
      }
    ]
  },
  {
    "source_url": "https://www.woolworths.com.au/shop/productdetails/326800/beerenberg-blackberry-jam",
    "name": "Beerenberg Blackberry Jam 300g",
    "image_url": "https://cdn1.woolworths.media/content/wowproductimages/large/326800.jpg",
    "source_id": "Woolworths - 326800",
    "barcode": "9311485600212",
    "shop": "Woolworths",
    "weight": "100G",
    "prices": [
      {
        "state": "VIC",
        "price": "600",
        "price_per_unit": "200",
        "price_unit": "G"
      },
      {
        "state": "QLD",
        "price": "600",
        "price_per_unit": "200",
        "price_unit": "G"
      },
      {
        "state": "WA",
        "price": "600",
        "price_per_unit": "200",
        "price_unit": "G"
      },
      {
        "state": "SA",
        "price": "600",
        "price_per_unit": "200",
        "price_unit": "G"
      },
      {
        "state": "TAS",
        "price": "600",
        "price_per_unit": "200",
        "price_unit": "G"
      },
      {
        "state": "ACT",
        "price": "600",
        "price_per_unit": "200",
        "price_unit": "G"
      },
      {
        "state": "NT",
        "price": "600",
        "price_per_unit": "200",
        "price_unit": "G"
      }
    ]
  },
  {
    "source_url": "https://www.woolworths.com.au/shop/productdetails/828149/beerenberg-blood-orange-marmalade",
    "name": "Beerenberg Blood Orange Marmalade 300g",
    "image_url": "https://cdn1.woolworths.media/content/wowproductimages/large/828149.jpg",
    "source_id": "Woolworths - 828149",
    "barcode": "9311485600311",
    "shop": "Woolworths",
    "weight": "100G",
    "prices": [
      {
        "state": "VIC",
        "price": "600",
        "price_per_unit": "200",
        "price_unit": "G"
      },
      {
        "state": "QLD",
        "price": "600",
        "price_per_unit": "200",
        "price_unit": "G"
      },
      {
        "state": "WA",
        "price": "600",
        "price_per_unit": "200",
        "price_unit": "G"
      },
      {
        "state": "SA",
        "price": "600",
        "price_per_unit": "200",
        "price_unit": "G"
      },
      {
        "state": "TAS",
        "price": "600",
        "price_per_unit": "200",
        "price_unit": "G"
      },
      {
        "state": "ACT",
        "price": "600",
        "price_per_unit": "200",
        "price_unit": "G"
      },
      {
        "state": "NT",
        "price": "600",
        "price_per_unit": "200",
        "price_unit": "G"
      }
    ]
  },
  {
    "source_url": "https://www.woolworths.com.au/shop/productdetails/769172/bonne-maman-caramel-spread",
    "name": "Bonne Maman Caramel Spread 380g",
    "image_url": "https://cdn1.woolworths.media/content/wowproductimages/large/769172.jpg",
    "source_id": "Woolworths - 769172",
    "barcode": "3608580746485",
    "shop": "Woolworths",
    "weight": "100G",
    "prices": [
      {
        "state": "VIC",
        "price": "670",
        "price_per_unit": "176",
        "price_unit": "G"
      },
      {
        "state": "QLD",
        "price": "670",
        "price_per_unit": "176",
        "price_unit": "G"
      },
      {
        "state": "WA",
        "price": "670",
        "price_per_unit": "176",
        "price_unit": "G"
      },
      {
        "state": "SA",
        "price": "670",
        "price_per_unit": "176",
        "price_unit": "G"
      },
      {
        "state": "TAS",
        "price": "670",
        "price_per_unit": "176",
        "price_unit": "G"
      },
      {
        "state": "ACT",
        "price": "670",
        "price_per_unit": "176",
        "price_unit": "G"
      },
      {
        "state": "NT",
        "price": "705",
        "price_per_unit": "186",
        "price_unit": "G"
      }
    ]
  },
  {
    "source_url": "https://www.woolworths.com.au/shop/productdetails/55874/bonne-maman-cherry-conserve",
    "name": "Bonne Maman Cherry Conserve 370g",
    "image_url": "https://cdn1.woolworths.media/content/wowproductimages/large/055874.jpg",
    "source_id": "Woolworths - 55874",
    "barcode": "3045320016048",
    "shop": "Woolworths",
    "weight": "100G",
    "prices": [
      {
        "state": "VIC",
        "price": "670",
        "price_per_unit": "181",
        "price_unit": "G"
      },
      {
        "state": "QLD",
        "price": "670",
        "price_per_unit": "181",
        "price_unit": "G"
      },
      {
        "state": "WA",
        "price": "670",
        "price_per_unit": "181",
        "price_unit": "G"
      },
      {
        "state": "SA",
        "price": "670",
        "price_per_unit": "181",
        "price_unit": "G"
      },
      {
        "state": "TAS",
        "price": "670",
        "price_per_unit": "181",
        "price_unit": "G"
      },
      {
        "state": "ACT",
        "price": "670",
        "price_per_unit": "181",
        "price_unit": "G"
      },
      {
        "state": "NT",
        "price": "705",
        "price_per_unit": "191",
        "price_unit": "G"
      }
    ]
  },
  {
    "source_url": "https://www.woolworths.com.au/shop/productdetails/67146/bonne-maman-orange-marmalade",
    "name": "Bonne Maman Orange Marmalade 370g",
    "image_url": "https://cdn1.woolworths.media/content/wowproductimages/large/067146.jpg",
    "source_id": "Woolworths - 67146",
    "barcode": "3045320016086",
    "shop": "Woolworths",
    "weight": "100G",
    "prices": [
      {
        "state": "VIC",
        "price": "670",
        "price_per_unit": "181",
        "price_unit": "G"
      },
      {
        "state": "QLD",
        "price": "670",
        "price_per_unit": "181",
        "price_unit": "G"
      },
      {
        "state": "WA",
        "price": "670",
        "price_per_unit": "181",
        "price_unit": "G"
      },
      {
        "state": "SA",
        "price": "670",
        "price_per_unit": "181",
        "price_unit": "G"
      },
      {
        "state": "TAS",
        "price": "670",
        "price_per_unit": "181",
        "price_unit": "G"
      },
      {
        "state": "ACT",
        "price": "670",
        "price_per_unit": "181",
        "price_unit": "G"
      },
      {
        "state": "NT",
        "price": "705",
        "price_per_unit": "191",
        "price_unit": "G"
      }
    ]
  },
  {
    "source_url": "https://www.woolworths.com.au/shop/productdetails/291935/cottee-s-blackberry-jam",
    "name": "Cottee's Blackberry Jam 375g",
    "image_url": "https://cdn1.woolworths.media/content/wowproductimages/large/291935.jpg",
    "source_id": "Woolworths - 291935",
    "barcode": "9300657802059",
    "shop": "Woolworths",
    "weight": "100G",
    "prices": [
      {
        "state": "VIC",
        "price": "350",
        "price_per_unit": "93",
        "price_unit": "G"
      },
      {
        "state": "QLD",
        "price": "350",
        "price_per_unit": "93",
        "price_unit": "G"
      },
      {
        "state": "WA",
        "price": "350",
        "price_per_unit": "93",
        "price_unit": "G"
      },
      {
        "state": "TAS",
        "price": "350",
        "price_per_unit": "93",
        "price_unit": "G"
      },
      {
        "state": "ACT",
        "price": "350",
        "price_per_unit": "93",
        "price_unit": "G"
      },
      {
        "state": "NT",
        "price": "350",
        "price_per_unit": "93",
        "price_unit": "G"
      }
    ]
  },
  {
    "source_url": "https://www.woolworths.com.au/shop/productdetails/198504/gardener-apricot-jam",
    "name": "Gardener Apricot Jam 450g",
    "image_url": "https://cdn1.woolworths.media/content/wowproductimages/large/198504.jpg",
    "source_id": "Woolworths - 198504",
    "barcode": "9300733004377",
    "shop": "Woolworths",
    "weight": "100G",
    "prices": [
      {
        "state": "VIC",
        "price": "250",
        "price_per_unit": "56",
        "price_unit": "G"
      },
      {
        "state": "QLD",
        "price": "250",
        "price_per_unit": "56",
        "price_unit": "G"
      },
      {
        "state": "WA",
        "price": "250",
        "price_per_unit": "56",
        "price_unit": "G"
      },
      {
        "state": "TAS",
        "price": "250",
        "price_per_unit": "56",
        "price_unit": "G"
      },
      {
        "state": "ACT",
        "price": "250",
        "price_per_unit": "56",
        "price_unit": "G"
      },
      {
        "state": "NT",
        "price": "250",
        "price_per_unit": "56",
        "price_unit": "G"
      }
    ]
  },
  {
    "source_url": "https://www.woolworths.com.au/shop/productdetails/198532/gardener-plum-jam",
    "name": "Gardener Plum Jam 450g",
    "image_url": "https://cdn1.woolworths.media/content/wowproductimages/large/198532.jpg",
    "source_id": "Woolworths - 198532",
    "barcode": "9300733004391",
    "shop": "Woolworths",
    "weight": "100G",
    "prices": [
      {
        "state": "VIC",
        "price": "250",
        "price_per_unit": "56",
        "price_unit": "G"
      },
      {
        "state": "QLD",
        "price": "250",
        "price_per_unit": "56",
        "price_unit": "G"
      },
      {
        "state": "WA",
        "price": "250",
        "price_per_unit": "56",
        "price_unit": "G"
      },
      {
        "state": "TAS",
        "price": "250",
        "price_per_unit": "56",
        "price_unit": "G"
      },
      {
        "state": "ACT",
        "price": "250",
        "price_per_unit": "56",
        "price_unit": "G"
      },
      {
        "state": "NT",
        "price": "250",
        "price_per_unit": "56",
        "price_unit": "G"
      }
    ]
  },
  {
    "source_url": "https://www.woolworths.com.au/shop/productdetails/39361/masterfoods-lemon-butter-spread",
    "name": "MasterFoods Lemon Butter Spread 280g",
    "image_url": "https://cdn1.woolworths.media/content/wowproductimages/large/039361.jpg",
    "source_id": "Woolworths - 39361",
    "barcode": "93718141",
    "shop": "Woolworths",
    "weight": "100G",
    "prices": [
      {
        "state": "VIC",
        "price": "420",
        "price_per_unit": "150",
        "price_unit": "G"
      },
      {
        "state": "QLD",
        "price": "420",
        "price_per_unit": "150",
        "price_unit": "G"
      },
      {
        "state": "WA",
        "price": "420",
        "price_per_unit": "150",
        "price_unit": "G"
      },
      {
        "state": "SA",
        "price": "420",
        "price_per_unit": "150",
        "price_unit": "G"
      },
      {
        "state": "TAS",
        "price": "420",
        "price_per_unit": "150",
        "price_unit": "G"
      },
      {
        "state": "ACT",
        "price": "420",
        "price_per_unit": "150",
        "price_unit": "G"
      },
      {
        "state": "NT",
        "price": "420",
        "price_per_unit": "150",
        "price_unit": "G"
      }
    ]
  },
  {
    "source_url": "https://www.woolworths.com.au/shop/productdetails/913270/mayver-s-australian-apricot-fruit-spread",
    "name": "Mayver's Australian Apricot Fruit Spread 280g",
    "image_url": "https://cdn1.woolworths.media/content/wowproductimages/large/913270.jpg",
    "source_id": "Woolworths - 913270",
    "barcode": "9310885116637",
    "shop": "Woolworths",
    "weight": "100G",
    "prices": [
      {
        "state": "VIC",
        "price": "480",
        "price_per_unit": "171",
        "price_unit": "G"
      },
      {
        "state": "QLD",
        "price": "480",
        "price_per_unit": "171",
        "price_unit": "G"
      },
      {
        "state": "WA",
        "price": "480",
        "price_per_unit": "171",
        "price_unit": "G"
      },
      {
        "state": "SA",
        "price": "480",
        "price_per_unit": "171",
        "price_unit": "G"
      },
      {
        "state": "TAS",
        "price": "480",
        "price_per_unit": "171",
        "price_unit": "G"
      },
      {
        "state": "ACT",
        "price": "480",
        "price_per_unit": "171",
        "price_unit": "G"
      },
      {
        "state": "NT",
        "price": "480",
        "price_per_unit": "171",
        "price_unit": "G"
      }
    ]
  },
  {
    "source_url": "https://www.woolworths.com.au/shop/productdetails/913537/mayver-s-australian-blueberry-fruit-spread",
    "name": "Mayver's Australian Blueberry Fruit Spread 280g",
    "image_url": "https://cdn1.woolworths.media/content/wowproductimages/large/913537.jpg",
    "source_id": "Woolworths - 913537",
    "barcode": "9310885116736",
    "shop": "Woolworths",
    "weight": "100G",
    "prices": [
      {
        "state": "VIC",
        "price": "480",
        "price_per_unit": "171",
        "price_unit": "G"
      },
      {
        "state": "QLD",
        "price": "480",
        "price_per_unit": "171",
        "price_unit": "G"
      },
      {
        "state": "WA",
        "price": "480",
        "price_per_unit": "171",
        "price_unit": "G"
      },
      {
        "state": "SA",
        "price": "480",
        "price_per_unit": "171",
        "price_unit": "G"
      },
      {
        "state": "TAS",
        "price": "480",
        "price_per_unit": "171",
        "price_unit": "G"
      },
      {
        "state": "ACT",
        "price": "480",
        "price_per_unit": "171",
        "price_unit": "G"
      },
      {
        "state": "NT",
        "price": "480",
        "price_per_unit": "171",
        "price_unit": "G"
      }
    ]
  },
  {
    "source_url": "https://www.woolworths.com.au/shop/productdetails/913772/mayver-s-australian-raspberry-fruit-spread",
    "name": "Mayver's Australian Raspberry Fruit Spread 280g",
    "image_url": "https://cdn1.woolworths.media/content/wowproductimages/large/913772.jpg",
    "source_id": "Woolworths - 913772",
    "barcode": "9310885116705",
    "shop": "Woolworths",
    "weight": "100G",
    "prices": [
      {
        "state": "VIC",
        "price": "480",
        "price_per_unit": "171",
        "price_unit": "G"
      },
      {
        "state": "QLD",
        "price": "480",
        "price_per_unit": "171",
        "price_unit": "G"
      },
      {
        "state": "WA",
        "price": "480",
        "price_per_unit": "171",
        "price_unit": "G"
      },
      {
        "state": "SA",
        "price": "480",
        "price_per_unit": "171",
        "price_unit": "G"
      },
      {
        "state": "TAS",
        "price": "480",
        "price_per_unit": "171",
        "price_unit": "G"
      },
      {
        "state": "ACT",
        "price": "480",
        "price_per_unit": "171",
        "price_unit": "G"
      },
      {
        "state": "NT",
        "price": "480",
        "price_per_unit": "171",
        "price_unit": "G"
      }
    ]
  },
  {
    "source_url": "https://www.woolworths.com.au/shop/productdetails/913281/mayver-s-australian-strawberry-fruit-spread",
    "name": "Mayver's Australian Strawberry Fruit Spread 280g",
    "image_url": "https://cdn1.woolworths.media/content/wowproductimages/large/913281.jpg",
    "source_id": "Woolworths - 913281",
    "barcode": "9310885116590",
    "shop": "Woolworths",
    "weight": "100G",
    "prices": [
      {
        "state": "VIC",
        "price": "480",
        "price_per_unit": "171",
        "price_unit": "G"
      },
      {
        "state": "QLD",
        "price": "480",
        "price_per_unit": "171",
        "price_unit": "G"
      },
      {
        "state": "WA",
        "price": "480",
        "price_per_unit": "171",
        "price_unit": "G"
      },
      {
        "state": "SA",
        "price": "480",
        "price_per_unit": "171",
        "price_unit": "G"
      },
      {
        "state": "TAS",
        "price": "480",
        "price_per_unit": "171",
        "price_unit": "G"
      },
      {
        "state": "ACT",
        "price": "480",
        "price_per_unit": "171",
        "price_unit": "G"
      },
      {
        "state": "NT",
        "price": "480",
        "price_per_unit": "171",
        "price_unit": "G"
      }
    ]
  },
  {
    "source_url": "https://www.woolworths.com.au/shop/productdetails/855610/natvia-raspberry-fruit-spread",
    "name": "Natvia Raspberry Fruit Spread 240g",
    "image_url": "https://cdn1.woolworths.media/content/wowproductimages/large/855610.jpg",
    "source_id": "Woolworths - 855610",
    "barcode": "9342985000714",
    "shop": "Woolworths",
    "weight": "100G",
    "prices": [
      {
        "state": "VIC",
        "price": "550",
        "price_per_unit": "229",
        "price_unit": "G"
      },
      {
        "state": "QLD",
        "price": "550",
        "price_per_unit": "229",
        "price_unit": "G"
      },
      {
        "state": "WA",
        "price": "550",
        "price_per_unit": "229",
        "price_unit": "G"
      },
      {
        "state": "SA",
        "price": "550",
        "price_per_unit": "229",
        "price_unit": "G"
      },
      {
        "state": "TAS",
        "price": "550",
        "price_per_unit": "229",
        "price_unit": "G"
      },
      {
        "state": "ACT",
        "price": "550",
        "price_per_unit": "229",
        "price_unit": "G"
      },
      {
        "state": "NT",
        "price": "550",
        "price_per_unit": "229",
        "price_unit": "G"
      }
    ]
  },
  {
    "source_url": "https://www.woolworths.com.au/shop/productdetails/855607/natvia-strawberry-fruit-spread",
    "name": "Natvia Strawberry Fruit Spread 240g",
    "image_url": "https://cdn1.woolworths.media/content/wowproductimages/large/855607.jpg",
    "source_id": "Woolworths - 855607",
    "barcode": "9342985000707",
    "shop": "Woolworths",
    "weight": "100G",
    "prices": [
      {
        "state": "VIC",
        "price": "550",
        "price_per_unit": "229",
        "price_unit": "G"
      },
      {
        "state": "QLD",
        "price": "550",
        "price_per_unit": "229",
        "price_unit": "G"
      },
      {
        "state": "WA",
        "price": "550",
        "price_per_unit": "229",
        "price_unit": "G"
      },
      {
        "state": "SA",
        "price": "550",
        "price_per_unit": "229",
        "price_unit": "G"
      },
      {
        "state": "TAS",
        "price": "550",
        "price_per_unit": "229",
        "price_unit": "G"
      },
      {
        "state": "ACT",
        "price": "550",
        "price_per_unit": "229",
        "price_unit": "G"
      },
      {
        "state": "NT",
        "price": "550",
        "price_per_unit": "229",
        "price_unit": "G"
      }
    ]
  },
  {
    "source_url": "https://www.woolworths.com.au/shop/productdetails/59306/st-dalfour-four-fruits-284g",
    "name": "St Dalfour Four Fruits 284g 284g",
    "image_url": "https://cdn1.woolworths.media/content/wowproductimages/large/059306.jpg",
    "source_id": "Woolworths - 59306",
    "barcode": "84380957840",
    "shop": "Woolworths",
    "weight": "100G",
    "prices": [
      {
        "state": "VIC",
        "price": "570",
        "price_per_unit": "201",
        "price_unit": "G"
      },
      {
        "state": "QLD",
        "price": "570",
        "price_per_unit": "201",
        "price_unit": "G"
      },
      {
        "state": "WA",
        "price": "570",
        "price_per_unit": "201",
        "price_unit": "G"
      },
      {
        "state": "SA",
        "price": "570",
        "price_per_unit": "201",
        "price_unit": "G"
      },
      {
        "state": "ACT",
        "price": "570",
        "price_per_unit": "201",
        "price_unit": "G"
      },
      {
        "state": "NT",
        "price": "600",
        "price_per_unit": "211",
        "price_unit": "G"
      }
    ]
  },
  {
    "source_url": "https://www.woolworths.com.au/shop/productdetails/112406/st-dalfour-royal-fig-284g",
    "name": "St Dalfour Royal Fig 284g 284g",
    "image_url": "https://cdn1.woolworths.media/content/wowproductimages/large/112406.jpg",
    "source_id": "Woolworths - 112406",
    "barcode": "84380959042",
    "shop": "Woolworths",
    "weight": "100G",
    "prices": [
      {
        "state": "VIC",
        "price": "570",
        "price_per_unit": "201",
        "price_unit": "G"
      },
      {
        "state": "QLD",
        "price": "570",
        "price_per_unit": "201",
        "price_unit": "G"
      },
      {
        "state": "WA",
        "price": "570",
        "price_per_unit": "201",
        "price_unit": "G"
      },
      {
        "state": "SA",
        "price": "570",
        "price_per_unit": "201",
        "price_unit": "G"
      },
      {
        "state": "ACT",
        "price": "570",
        "price_per_unit": "201",
        "price_unit": "G"
      },
      {
        "state": "NT",
        "price": "600",
        "price_per_unit": "211",
        "price_unit": "G"
      }
    ]
  },
  {
    "source_url": "https://www.woolworths.com.au/shop/productdetails/97724/st-dalfour-strawberry-rhubarb-284g",
    "name": "St Dalfour Strawberry & Rhubarb 284g 284g",
    "image_url": "https://cdn1.woolworths.media/content/wowproductimages/large/097724.jpg",
    "source_id": "Woolworths - 97724",
    "barcode": "5014271003238",
    "shop": "Woolworths",
    "weight": "100G",
    "prices": [
      {
        "state": "VIC",
        "price": "570",
        "price_per_unit": "201",
        "price_unit": "G"
      },
      {
        "state": "QLD",
        "price": "570",
        "price_per_unit": "201",
        "price_unit": "G"
      },
      {
        "state": "WA",
        "price": "570",
        "price_per_unit": "201",
        "price_unit": "G"
      },
      {
        "state": "SA",
        "price": "570",
        "price_per_unit": "201",
        "price_unit": "G"
      },
      {
        "state": "ACT",
        "price": "570",
        "price_per_unit": "201",
        "price_unit": "G"
      },
      {
        "state": "NT",
        "price": "600",
        "price_per_unit": "211",
        "price_unit": "G"
      }
    ]
  },
  {
    "source_url": "https://www.woolworths.com.au/shop/productdetails/26837/st-dalfour-wild-blueberry-284g",
    "name": "St Dalfour Wild Blueberry 284g 284g",
    "image_url": "https://cdn1.woolworths.media/content/wowproductimages/large/026837.jpg",
    "source_id": "Woolworths - 26837",
    "barcode": "84380957246",
    "shop": "Woolworths",
    "weight": "100G",
    "prices": [
      {
        "state": "VIC",
        "price": "570",
        "price_per_unit": "201",
        "price_unit": "G"
      },
      {
        "state": "QLD",
        "price": "570",
        "price_per_unit": "201",
        "price_unit": "G"
      },
      {
        "state": "WA",
        "price": "570",
        "price_per_unit": "201",
        "price_unit": "G"
      },
      {
        "state": "SA",
        "price": "570",
        "price_per_unit": "201",
        "price_unit": "G"
      },
      {
        "state": "ACT",
        "price": "570",
        "price_per_unit": "201",
        "price_unit": "G"
      },
      {
        "state": "NT",
        "price": "600",
        "price_per_unit": "211",
        "price_unit": "G"
      }
    ]
  },
  {
    "source_url": "https://www.woolworths.com.au/shop/productdetails/687331/bush-honey-australia-honey-squeeze",
    "name": "Bush Honey Australia Honey Squeeze 500g",
    "image_url": "https://cdn1.woolworths.media/content/wowproductimages/large/687331.jpg",
    "source_id": "Woolworths - 687331",
    "barcode": "9322857000042",
    "shop": "Woolworths",
    "weight": "100G",
    "prices": [
      {
        "state": "QLD",
        "price": "900",
        "price_per_unit": "180",
        "price_unit": "G"
      },
      {
        "state": "WA",
        "price": "900",
        "price_per_unit": "180",
        "price_unit": "G"
      }
    ]
  },
  {
    "source_url": "https://www.woolworths.com.au/shop/productdetails/687316/bush-honey-australia-honey-tub",
    "name": "Bush Honey Australia Honey Tub 1kg",
    "image_url": "https://cdn1.woolworths.media/content/wowproductimages/large/687316.jpg",
    "source_id": "Woolworths - 687316",
    "barcode": "9322857000011",
    "shop": "Woolworths",
    "weight": "100G",
    "prices": [
      {
        "state": "QLD",
        "price": "1350",
        "price_per_unit": "135",
        "price_unit": "G"
      },
      {
        "state": "WA",
        "price": "1350",
        "price_per_unit": "135",
        "price_unit": "G"
      }
    ]
  },
  {
    "source_url": "https://www.woolworths.com.au/shop/productdetails/687259/bush-honey-australia-ironbark-honey-squeeze",
    "name": "Bush Honey Australia Ironbark Honey Squeeze 500g",
    "image_url": "https://cdn1.woolworths.media/content/wowproductimages/large/687259.jpg",
    "source_id": "Woolworths - 687259",
    "barcode": "9322857000479",
    "shop": "Woolworths",
    "weight": "100G",
    "prices": [
      {
        "state": "QLD",
        "price": "900",
        "price_per_unit": "180",
        "price_unit": "G"
      },
      {
        "state": "WA",
        "price": "900",
        "price_per_unit": "180",
        "price_unit": "G"
      }
    ]
  },
  {
    "source_url": "https://www.woolworths.com.au/shop/productdetails/687206/bush-honey-australia-yellow-box-honey-squeeze",
    "name": "Bush Honey Australia Yellow Box Honey Squeeze 500g",
    "image_url": "https://cdn1.woolworths.media/content/wowproductimages/large/687206.jpg",
    "source_id": "Woolworths - 687206",
    "barcode": "9322857000066",
    "shop": "Woolworths",
    "weight": "100G",
    "prices": [
      {
        "state": "QLD",
        "price": "1050",
        "price_per_unit": "210",
        "price_unit": "G"
      },
      {
        "state": "WA",
        "price": "1050",
        "price_per_unit": "210",
        "price_unit": "G"
      }
    ]
  },
  {
    "source_url": "https://www.woolworths.com.au/shop/productdetails/237447/beerenberg-australian-breakfast-marmalade",
    "name": "Beerenberg Australian Breakfast Marmalade 300g",
    "image_url": "https://cdn1.woolworths.media/content/wowproductimages/large/237447.jpg",
    "source_id": "Woolworths - 237447",
    "barcode": "9311485600328",
    "shop": "Woolworths",
    "weight": "100G",
    "prices": [
      {
        "state": "SA",
        "price": "600",
        "price_per_unit": "200",
        "price_unit": "G"
      },
      {
        "state": "NT",
        "price": "600",
        "price_per_unit": "200",
        "price_unit": "G"
      }
    ]
  },
  {
    "source_url": "https://www.woolworths.com.au/shop/productdetails/234339/beerenberg-strawberry-rose-jam",
    "name": "Beerenberg Strawberry & Rose Jam 190g",
    "image_url": "https://cdn1.woolworths.media/content/wowproductimages/large/234339.jpg",
    "source_id": "Woolworths - 234339",
    "barcode": "9311485600564",
    "shop": "Woolworths",
    "weight": "100G",
    "prices": [
      {
        "state": "SA",
        "price": "560",
        "price_per_unit": "295",
        "price_unit": "G"
      },
      {
        "state": "NT",
        "price": "560",
        "price_per_unit": "295",
        "price_unit": "G"
      }
    ]
  },
  {
    "source_url": "https://www.woolworths.com.au/shop/productdetails/698805/the-old-factory-orange-marmalade",
    "name": "The Old Factory Orange Marmalade 470g",
    "image_url": "https://cdn1.woolworths.media/content/wowproductimages/large/698805.jpg",
    "source_id": "Woolworths - 698805",
    "barcode": "9342420006059",
    "shop": "Woolworths",
    "weight": "100G",
    "prices": [
      {
        "state": "TAS",
        "price": "650",
        "price_per_unit": "138",
        "price_unit": "G"
      }
    ]
  },
  {
    "source_url": "https://www.woolworths.com.au/shop/productdetails/510146/the-old-factory-raspberry-jam",
    "name": "The Old Factory Raspberry Jam 470g",
    "image_url": "https://cdn1.woolworths.media/content/wowproductimages/large/510146.jpg",
    "source_id": "Woolworths - 510146",
    "barcode": "9342420006028",
    "shop": "Woolworths",
    "weight": "100G",
    "prices": [
      {
        "state": "TAS",
        "price": "650",
        "price_per_unit": "138",
        "price_unit": "G"
      }
    ]
  },
  {
    "source_url": "https://www.woolworths.com.au/shop/productdetails/699191/the-old-factory-strawberry-jam",
    "name": "The Old Factory Strawberry Jam 470g",
    "image_url": "https://cdn1.woolworths.media/content/wowproductimages/large/699191.jpg",
    "source_id": "Woolworths - 699191",
    "barcode": "9342420006097",
    "shop": "Woolworths",
    "weight": "100G",
    "prices": [
      {
        "state": "TAS",
        "price": "650",
        "price_per_unit": "138",
        "price_unit": "G"
      }
    ]
  }
]