[
  {
    "source_url": "https://www.woolworths.com.au/shop/productdetails/1074487596/achva-organic-sesame-tahini-500g-x-2",
    "name": "Achva Organic Sesame Tahini 500g x 2",
    "image_url": "https://cdn1.woolworths.media/content/wowproductimages/large/1074487596.jpg",
    "source_id": "Woolworths - 1074487596",
    "barcode": null,
    "shop": "Woolworths",
    "weight": "1EA",
    "prices": [
      {
        "state": "NSW",
        "price": "3899",
        "price_per_unit": "1950",
        "price_unit": "EA"
      },
      {
        "state": "VIC",
        "price": "3899",
        "price_per_unit": "1950",
        "price_unit": "EA"
      },
      {
        "state": "QLD",
        "price": "3899",
        "price_per_unit": "1950",
        "price_unit": "EA"
      },
      {
        "state": "WA",
        "price": "3899",
        "price_per_unit": "1950",
        "price_unit": "EA"
      },
      {
        "state": "SA",
        "price": "3899",
        "price_per_unit": "1950",
        "price_unit": "EA"
      },
      {
        "state": "TAS",
        "price": "3899",
        "price_per_unit": "1950",
        "price_unit": "EA"
      },
      {
        "state": "ACT",
        "price": "3899",
        "price_per_unit": "1950",
        "price_unit": "EA"
      },
      {
        "state": "NT",
        "price": "3899",
        "price_per_unit": "1950",
        "price_unit": "EA"
      }
    ]
  },
  {
    "source_url": "https://www.woolworths.com.au/shop/productdetails/1074032746/achva-sesame-tahini-500g-x-3",
    "name": "Achva Sesame Tahini 500g x 3",
    "image_url": "https://cdn1.woolworths.media/content/wowproductimages/large/1074032746.jpg",
    "source_id": "Woolworths - 1074032746",
    "barcode": null,
    "shop": "Woolworths",
    "weight": "1EA",
    "prices": [
      {
        "state": "NSW",
        "price": "4349",
        "price_per_unit": "1450",
        "price_unit": "EA"
      },
      {
        "state": "VIC",
        "price": "4349",
        "price_per_unit": "1450",
        "price_unit": "EA"
      },
      {
        "state": "QLD",
        "price": "4349",
        "price_per_unit": "1450",
        "price_unit": "EA"
      },
      {
        "state": "WA",
        "price": "4349",
        "price_per_unit": "1450",
        "price_unit": "EA"
      },
      {
        "state": "SA",
        "price": "4349",
        "price_per_unit": "1450",
        "price_unit": "EA"
      },
      {
        "state": "TAS",
        "price": "4349",
        "price_per_unit": "1450",
        "price_unit": "EA"
      },
      {
        "state": "ACT",
        "price": "4349",
        "price_per_unit": "1450",
        "price_unit": "EA"
      },
      {
        "state": "NT",
        "price": "4349",
        "price_per_unit": "1450",
        "price_unit": "EA"
      }
    ]
  },
  {
    "source_url": "https://www.woolworths.com.au/shop/productdetails/812783/arnott-s-shapes-vegemite-cheese-cracker-biscuits",
    "name": "Arnott's Shapes Vegemite & Cheese Cracker Biscuits 165g",
    "image_url": "https://cdn1.woolworths.media/content/wowproductimages/large/812783.jpg",
    "source_id": "Woolworths - 812783",
    "barcode": "9310072030821",
    "shop": "Woolworths",
    "weight": "100G",
    "prices": [
      {
        "state": "NSW",
        "price": "400",
        "price_per_unit": "242",
        "price_unit": "G"
      },
      {
        "state": "VIC",
        "price": "400",
        "price_per_unit": "242",
        "price_unit": "G"
      },
      {
        "state": "QLD",
        "price": "400",
        "price_per_unit": "242",
        "price_unit": "G"
      },
      {
        "state": "WA",
        "price": "400",
        "price_per_unit": "242",
        "price_unit": "G"
      },
      {
        "state": "SA",
        "price": "400",
        "price_per_unit": "242",
        "price_unit": "G"
      },
      {
        "state": "TAS",
        "price": "400",
        "price_per_unit": "242",
        "price_unit": "G"
      },
      {
        "state": "ACT",
        "price": "400",
        "price_per_unit": "242",
        "price_unit": "G"
      },
      {
        "state": "NT",
        "price": "280",
        "price_per_unit": "170",
        "price_unit": "G"
      }
    ]
  },
  {
    "source_url": "https://www.woolworths.com.au/shop/productdetails/915501/bega-cheddar-cheese-block",
    "name": "Bega Cheddar Cheese Block 500g",
    "image_url": "https://cdn1.woolworths.media/content/wowproductimages/large/915501.jpg",
    "source_id": "Woolworths - 915501",
    "barcode": "9352042004807",
    "shop": "Woolworths",
    "weight": "100G",
    "prices": [
      {
        "state": "NSW",
        "price": "790",
        "price_per_unit": "158",
        "price_unit": "G"
      },
      {
        "state": "VIC",
        "price": "790",
        "price_per_unit": "158",
        "price_unit": "G"
      },
      {
        "state": "QLD",
        "price": "790",
        "price_per_unit": "158",
        "price_unit": "G"
      },
      {
        "state": "WA",
        "price": "790",
        "price_per_unit": "158",
        "price_unit": "G"
      },
      {
        "state": "SA",
        "price": "790",
        "price_per_unit": "158",
        "price_unit": "G"
      },
      {
        "state": "TAS",
        "price": "790",
        "price_per_unit": "158",
        "price_unit": "G"
      },
      {
        "state": "ACT",
        "price": "790",
        "price_per_unit": "158",
        "price_unit": "G"
      },
      {
        "state": "NT",
        "price": "790",
        "price_per_unit": "158",
        "price_unit": "G"
      }
    ]
  },
  {
    "source_url": "https://www.woolworths.com.au/shop/productdetails/781655/bega-cream-cheese-spread-spread",
    "name": "Bega Cream Cheese Spread Spread 500g",
    "image_url": "https://cdn1.woolworths.media/content/wowproductimages/large/781655.jpg",
    "source_id": "Woolworths - 781655",
    "barcode": "9352042001202",
    "shop": "Woolworths",
    "weight": "1KG",
    "prices": [
      {
        "state": "NSW",
        "price": "700",
        "price_per_unit": "1400",
        "price_unit": "KG"
      },
      {
        "state": "VIC",
        "price": "700",
        "price_per_unit": "1400",
        "price_unit": "KG"
      },
      {
        "state": "QLD",
        "price": "700",
        "price_per_unit": "1400",
        "price_unit": "KG"
      },
      {
        "state": "WA",
        "price": "700",
        "price_per_unit": "1400",
        "price_unit": "KG"
      },
      {
        "state": "SA",
        "price": "700",
        "price_per_unit": "1400",
        "price_unit": "KG"
      },
      {
        "state": "TAS",
        "price": "700",
        "price_per_unit": "1400",
        "price_unit": "KG"
      },
      {
        "state": "ACT",
        "price": "700",
        "price_per_unit": "1400",
        "price_unit": "KG"
      },
      {
        "state": "NT",
        "price": "700",
        "price_per_unit": "1400",
        "price_unit": "KG"
      }
    ]
  },
  {
    "source_url": "https://www.woolworths.com.au/shop/productdetails/1075479545/carwari-organic-tahini-black-375g",
    "name": "Carwari Organic Tahini Black 375g",
    "image_url": "https://cdn1.woolworths.media/content/wowproductimages/large/1075479545.jpg",
    "source_id": "Woolworths - 1075479545",
    "barcode": null,
    "shop": "Woolworths",
    "weight": "100G",
    "prices": [
      {
        "state": "NSW",
        "price": "1036",
        "price_per_unit": "276",
        "price_unit": "G"
      },
      {
        "state": "VIC",
        "price": "1036",
        "price_per_unit": "276",
        "price_unit": "G"
      },
      {
        "state": "QLD",
        "price": "1036",
        "price_per_unit": "276",
        "price_unit": "G"
      },
      {
        "state": "WA",
        "price": "1036",
        "price_per_unit": "276",
        "price_unit": "G"
      },
      {
        "state": "SA",
        "price": "1036",
        "price_per_unit": "276",
        "price_unit": "G"
      },
      {
        "state": "TAS",
        "price": "1036",
        "price_per_unit": "276",
        "price_unit": "G"
      },
      {
        "state": "ACT",
        "price": "1036",
        "price_per_unit": "276",
        "price_unit": "G"
      },
      {
        "state": "NT",
        "price": "1036",
        "price_per_unit": "276",
        "price_unit": "G"
      }
    ]
  },
  {
    "source_url": "https://www.woolworths.com.au/shop/productdetails/1075477101/carwari-organic-tahini-hulled-375g",
    "name": "Carwari Organic Tahini Hulled 375g",
    "image_url": "https://cdn1.woolworths.media/content/wowproductimages/large/1075477101.jpg",
    "source_id": "Woolworths - 1075477101",
    "barcode": null,
    "shop": "Woolworths",
    "weight": "100G",
    "prices": [
      {
        "state": "NSW",
        "price": "956",
        "price_per_unit": "255",
        "price_unit": "G"
      },
      {
        "state": "VIC",
        "price": "956",
        "price_per_unit": "255",
        "price_unit": "G"
      },
      {
        "state": "QLD",
        "price": "956",
        "price_per_unit": "255",
        "price_unit": "G"
      },
      {
        "state": "WA",
        "price": "956",
        "price_per_unit": "255",
        "price_unit": "G"
      },
      {
        "state": "SA",
        "price": "956",
        "price_per_unit": "255",
        "price_unit": "G"
      },
      {
        "state": "TAS",
        "price": "956",
        "price_per_unit": "255",
        "price_unit": "G"
      },
      {
        "state": "ACT",
        "price": "956",
        "price_per_unit": "255",
        "price_unit": "G"
      },
      {
        "state": "NT",
        "price": "956",
        "price_per_unit": "255",
        "price_unit": "G"
      }
    ]
  },
  {
    "source_url": "https://www.woolworths.com.au/shop/productdetails/1075480766/carwari-organic-tahini-unhulled-375g",
    "name": "Carwari Organic Tahini Unhulled 375g",
    "image_url": "https://cdn1.woolworths.media/content/wowproductimages/large/1075480766.jpg",
    "source_id": "Woolworths - 1075480766",
    "barcode": null,
    "shop": "Woolworths",
    "weight": "100G",
    "prices": [
      {
        "state": "NSW",
        "price": "956",
        "price_per_unit": "255",
        "price_unit": "G"
      },
      {
        "state": "VIC",
        "price": "956",
        "price_per_unit": "255",
        "price_unit": "G"
      },
      {
        "state": "QLD",
        "price": "956",
        "price_per_unit": "255",
        "price_unit": "G"
      },
      {
        "state": "WA",
        "price": "956",
        "price_per_unit": "255",
        "price_unit": "G"
      },
      {
        "state": "SA",
        "price": "956",
        "price_per_unit": "255",
        "price_unit": "G"
      },
      {
        "state": "TAS",
        "price": "956",
        "price_per_unit": "255",
        "price_unit": "G"
      },
      {
        "state": "ACT",
        "price": "956",
        "price_per_unit": "255",
        "price_unit": "G"
      },
      {
        "state": "NT",
        "price": "956",
        "price_per_unit": "255",
        "price_unit": "G"
      }
    ]
  },
  {
    "source_url": "https://www.woolworths.com.au/shop/productdetails/1075479338/carwari-organic-yuzu-spread-260g",
    "name": "Carwari Organic Yuzu Spread 260g",
    "image_url": "https://cdn1.woolworths.media/content/wowproductimages/large/1075479338.jpg",
    "source_id": "Woolworths - 1075479338",
    "barcode": null,
    "shop": "Woolworths",
    "weight": "100G",
    "prices": [
      {
        "state": "NSW",
        "price": "1690",
        "price_per_unit": "650",
        "price_unit": "G"
      },
      {
        "state": "VIC",
        "price": "1690",
        "price_per_unit": "650",
        "price_unit": "G"
      },
      {
        "state": "QLD",
        "price": "1690",
        "price_per_unit": "650",
        "price_unit": "G"
      },
      {
        "state": "WA",
        "price": "1690",
        "price_per_unit": "650",
        "price_unit": "G"
      },
      {
        "state": "SA",
        "price": "1690",
        "price_per_unit": "650",
        "price_unit": "G"
      },
      {
        "state": "TAS",
        "price": "1690",
        "price_per_unit": "650",
        "price_unit": "G"
      },
      {
        "state": "ACT",
        "price": "1690",
        "price_per_unit": "650",
        "price_unit": "G"
      },
      {
        "state": "NT",
        "price": "1690",
        "price_per_unit": "650",
        "price_unit": "G"
      }
    ]
  },
  {
    "source_url": "https://www.woolworths.com.au/shop/productdetails/1075347077/everymite-original-allergy-friendly-superspread-240g",
    "name": "Everymite Original Allergy-Friendly Superspread 240g",
    "image_url": "https://cdn1.woolworths.media/content/wowproductimages/large/1075347077.jpg",
    "source_id": "Woolworths - 1075347077",
    "barcode": null,
    "shop": "Woolworths",
    "weight": "100G",
    "prices": [
      {
        "state": "NSW",
        "price": "1695",
        "price_per_unit": "706",
        "price_unit": "G"
      },
      {
        "state": "VIC",
        "price": "1695",
        "price_per_unit": "706",
        "price_unit": "G"
      },
      {
        "state": "QLD",
        "price": "1695",
        "price_per_unit": "706",
        "price_unit": "G"
      },
      {
        "state": "WA",
        "price": "1695",
        "price_per_unit": "706",
        "price_unit": "G"
      },
      {
        "state": "SA",
        "price": "1695",
        "price_per_unit": "706",
        "price_unit": "G"
      },
      {
        "state": "TAS",
        "price": "1695",
        "price_per_unit": "706",
        "price_unit": "G"
      },
      {
        "state": "ACT",
        "price": "1695",
        "price_per_unit": "706",
        "price_unit": "G"
      },
      {
        "state": "NT",
        "price": "1695",
        "price_per_unit": "706",
        "price_unit": "G"
      }
    ]
  },
  {
    "source_url": "https://www.woolworths.com.au/shop/productdetails/1075347087/everyorganics-everymite-allergy-friendly-superspread-fodmap-friendly-240g",
    "name": "Everyorganics Everymite Allergy-Friendly Superspread Fodmap Friendly 240g",
    "image_url": "https://cdn1.woolworths.media/content/wowproductimages/large/1075347087.jpg",
    "source_id": "Woolworths - 1075347087",
    "barcode": null,
    "shop": "Woolworths",
    "weight": "100G",
    "prices": [
      {
        "state": "NSW",
        "price": "1695",
        "price_per_unit": "706",
        "price_unit": "G"
      },
      {
        "state": "VIC",
        "price": "1695",
        "price_per_unit": "706",
        "price_unit": "G"
      },
      {
        "state": "QLD",
        "price": "1695",
        "price_per_unit": "706",
        "price_unit": "G"
      },
      {
        "state": "WA",
        "price": "1695",
        "price_per_unit": "706",
        "price_unit": "G"
      },
      {
        "state": "SA",
        "price": "1695",
        "price_per_unit": "706",
        "price_unit": "G"
      },
      {
        "state": "TAS",
        "price": "1695",
        "price_per_unit": "706",
        "price_unit": "G"
      },
      {
        "state": "ACT",
        "price": "1695",
        "price_per_unit": "706",
        "price_unit": "G"
      },
      {
        "state": "NT",
        "price": "1695",
        "price_per_unit": "706",
        "price_unit": "G"
      }
    ]
  },
  {
    "source_url": "https://www.woolworths.com.au/shop/productdetails/1075346535/everyorganics-everymite-immushroom-boosted-with-wild-shiitake-150g",
    "name": "Everyorganics Everymite Immushroom Boosted With Wild Shiitake 150g",
    "image_url": "https://cdn1.woolworths.media/content/wowproductimages/large/1075346535.jpg",
    "source_id": "Woolworths - 1075346535",
    "barcode": null,
    "shop": "Woolworths",
    "weight": "100G",
    "prices": [
      {
        "state": "NSW",
        "price": "1295",
        "price_per_unit": "863",
        "price_unit": "G"
      },
      {
        "state": "VIC",
        "price": "1295",
        "price_per_unit": "863",
        "price_unit": "G"
      },
      {
        "state": "QLD",
        "price": "1295",
        "price_per_unit": "863",
        "price_unit": "G"
      },
      {
        "state": "WA",
        "price": "1295",
        "price_per_unit": "863",
        "price_unit": "G"
      },
      {
        "state": "SA",
        "price": "1295",
        "price_per_unit": "863",
        "price_unit": "G"
      },
      {
        "state": "TAS",
        "price": "1295",
        "price_per_unit": "863",
        "price_unit": "G"
      },
      {
        "state": "ACT",
        "price": "1295",
        "price_per_unit": "863",
        "price_unit": "G"
      },
      {
        "state": "NT",
        "price": "1295",
        "price_per_unit": "863",
        "price_unit": "G"
      }
    ]
  },
  {
    "source_url": "https://www.woolworths.com.au/shop/productdetails/1075480037/food-to-nourish-sprouted-abc-spread-200g",
    "name": "Food To Nourish Sprouted ABC Spread 200g",
    "image_url": "https://cdn1.woolworths.media/content/wowproductimages/large/1075480037.jpg",
    "source_id": "Woolworths - 1075480037",
    "barcode": null,
    "shop": "Woolworths",
    "weight": "100G",
    "prices": [
      {
        "state": "NSW",
        "price": "1595",
        "price_per_unit": "798",
        "price_unit": "G"
      },
      {
        "state": "VIC",
        "price": "1595",
        "price_per_unit": "798",
        "price_unit": "G"
      },
      {
        "state": "QLD",
        "price": "1595",
        "price_per_unit": "798",
        "price_unit": "G"
      },
      {
        "state": "WA",
        "price": "1595",
        "price_per_unit": "798",
        "price_unit": "G"
      },
      {
        "state": "SA",
        "price": "1595",
        "price_per_unit": "798",
        "price_unit": "G"
      },
      {
        "state": "TAS",
        "price": "1595",
        "price_per_unit": "798",
        "price_unit": "G"
      },
      {
        "state": "ACT",
        "price": "1595",
        "price_per_unit": "798",
        "price_unit": "G"
      },
      {
        "state": "NT",
        "price": "1595",
        "price_per_unit": "798",
        "price_unit": "G"
      }
    ]
  },
  {
    "source_url": "https://www.woolworths.com.au/shop/productdetails/29348/mayver-s-hulled-tahini-spread",
    "name": "Mayver's Hulled Tahini Spread 385g",
    "image_url": "https://cdn1.woolworths.media/content/wowproductimages/large/029348.jpg",
    "source_id": "Woolworths - 29348",
    "barcode": "9310885000141",
    "shop": "Woolworths",
    "weight": "100G",
    "prices": [
      {
        "state": "NSW",
        "price": "650",
        "price_per_unit": "169",
        "price_unit": "G"
      },
      {
        "state": "VIC",
        "price": "650",
        "price_per_unit": "169",
        "price_unit": "G"
      },
      {
        "state": "QLD",
        "price": "650",
        "price_per_unit": "169",
        "price_unit": "G"
      },
      {
        "state": "WA",
        "price": "650",
        "price_per_unit": "169",
        "price_unit": "G"
      },
      {
        "state": "SA",
        "price": "650",
        "price_per_unit": "169",
        "price_unit": "G"
      },
      {
        "state": "TAS",
        "price": "650",
        "price_per_unit": "169",
        "price_unit": "G"
      },
      {
        "state": "ACT",
        "price": "650",
        "price_per_unit": "169",
        "price_unit": "G"
      },
      {
        "state": "NT",
        "price": "650",
        "price_per_unit": "169",
        "price_unit": "G"
      },
      {
        "state": "TAS",
        "price": "650",
        "price_per_unit": "169",
        "price_unit": "G"
      },
      {
        "state": "ACT",
        "price": "650",
        "price_per_unit": "169",
        "price_unit": "G"
      },
      {
        "state": "NT",
        "price": "650",
        "price_per_unit": "169",
        "price_unit": "G"
      }
    ]
  },
  {
    "source_url": "https://www.woolworths.com.au/shop/productdetails/77957/peck-s-anchovette-spread",
    "name": "Peck's Anchovette Spread 125g",
    "image_url": "https://cdn1.woolworths.media/content/wowproductimages/large/077957.jpg",
    "source_id": "Woolworths - 77957",
    "barcode": "9300695001049",
    "shop": "Woolworths",
    "weight": "100G",
    "prices": [
      {
        "state": "NSW",
        "price": "550",
        "price_per_unit": "440",
        "price_unit": "G"
      },
      {
        "state": "VIC",
        "price": "550",
        "price_per_unit": "440",
        "price_unit": "G"
      },
      {
        "state": "QLD",
        "price": "550",
        "price_per_unit": "440",
        "price_unit": "G"
      },
      {
        "state": "WA",
        "price": "550",
        "price_per_unit": "440",
        "price_unit": "G"
      },
      {
        "state": "SA",
        "price": "550",
        "price_per_unit": "440",
        "price_unit": "G"
      },
      {
        "state": "TAS",
        "price": "550",
        "price_per_unit": "440",
        "price_unit": "G"
      },
      {
        "state": "ACT",
        "price": "550",
        "price_per_unit": "440",
        "price_unit": "G"
      },
      {
        "state": "NT",
        "price": "550",
        "price_per_unit": "440",
        "price_unit": "G"
      }
    ]
  },
  {
    "source_url": "https://www.woolworths.com.au/shop/productdetails/38898/peck-s-devilled-ham-spread",
    "name": "Peck's Devilled Ham Spread 125g",
    "image_url": "https://cdn1.woolworths.media/content/wowproductimages/large/038898.jpg",
    "source_id": "Woolworths - 38898",
    "barcode": "93695169",
    "shop": "Woolworths",
    "weight": "100G",
    "prices": [
      {
        "state": "NSW",
        "price": "550",
        "price_per_unit": "440",
        "price_unit": "G"
      },
      {
        "state": "VIC",
        "price": "550",
        "price_per_unit": "440",
        "price_unit": "G"
      },
      {
        "state": "QLD",
        "price": "550",
        "price_per_unit": "440",
        "price_unit": "G"
      },
      {
        "state": "WA",
        "price": "550",
        "price_per_unit": "440",
        "price_unit": "G"
      },
      {
        "state": "SA",
        "price": "550",
        "price_per_unit": "440",
        "price_unit": "G"
      },
      {
        "state": "TAS",
        "price": "550",
        "price_per_unit": "440",
        "price_unit": "G"
      },
      {
        "state": "ACT",
        "price": "550",
        "price_per_unit": "440",
        "price_unit": "G"
      },
      {
        "state": "NT",
        "price": "550",
        "price_per_unit": "440",
        "price_unit": "G"
      }
    ]
  },
  {
    "source_url": "https://www.woolworths.com.au/shop/productdetails/1075479552/power-super-foods-cacao-gold-butter-chunks-250g",
    "name": "Power Super Foods Cacao Gold Butter Chunks 250g",
    "image_url": "https://cdn1.woolworths.media/content/wowproductimages/large/1075479552.jpg",
    "source_id": "Woolworths - 1075479552",
    "barcode": null,
    "shop": "Woolworths",
    "weight": "100G",
    "prices": [
      {
        "state": "NSW",
        "price": "2595",
        "price_per_unit": "1038",
        "price_unit": "G"
      },
      {
        "state": "VIC",
        "price": "2595",
        "price_per_unit": "1038",
        "price_unit": "G"
      },
      {
        "state": "QLD",
        "price": "2595",
        "price_per_unit": "1038",
        "price_unit": "G"
      },
      {
        "state": "WA",
        "price": "2595",
        "price_per_unit": "1038",
        "price_unit": "G"
      },
      {
        "state": "SA",
        "price": "2595",
        "price_per_unit": "1038",
        "price_unit": "G"
      },
      {
        "state": "TAS",
        "price": "2595",
        "price_per_unit": "1038",
        "price_unit": "G"
      },
      {
        "state": "ACT",
        "price": "2595",
        "price_per_unit": "1038",
        "price_unit": "G"
      },
      {
        "state": "NT",
        "price": "2595",
        "price_per_unit": "1038",
        "price_unit": "G"
      }
    ]
  },
  {
    "source_url": "https://www.woolworths.com.au/shop/productdetails/38930/promite-vegetable-extract-spread",
    "name": "Promite Vegetable Extract Spread 290G",
    "image_url": "https://cdn1.woolworths.media/content/wowproductimages/large/038930.jpg",
    "source_id": "Woolworths - 38930",
    "barcode": "93718127",
    "shop": "Woolworths",
    "weight": "100G",
    "prices": [
      {
        "state": "NSW",
        "price": "530",
        "price_per_unit": "183",
        "price_unit": "G"
      },
      {
        "state": "VIC",
        "price": "530",
        "price_per_unit": "183",
        "price_unit": "G"
      },
      {
        "state": "QLD",
        "price": "530",
        "price_per_unit": "183",
        "price_unit": "G"
      },
      {
        "state": "WA",
        "price": "530",
        "price_per_unit": "183",
        "price_unit": "G"
      },
      {
        "state": "SA",
        "price": "530",
        "price_per_unit": "183",
        "price_unit": "G"
      },
      {
        "state": "TAS",
        "price": "530",
        "price_per_unit": "183",
        "price_unit": "G"
      },
      {
        "state": "ACT",
        "price": "530",
        "price_per_unit": "183",
        "price_unit": "G"
      },
      {
        "state": "NT",
        "price": "530",
        "price_per_unit": "183",
        "price_unit": "G"
      }
    ]
  },
  {
    "source_url": "https://www.woolworths.com.au/shop/productdetails/333060/vegemite-cheesy-bite-spread",
    "name": "Vegemite Cheesy Bite Spread 270g",
    "image_url": "https://cdn1.woolworths.media/content/wowproductimages/large/333060.jpg",
    "source_id": "Woolworths - 333060",
    "barcode": "9352042000441",
    "shop": "Woolworths",
    "weight": "100G",
    "prices": [
      {
        "state": "NSW",
        "price": "550",
        "price_per_unit": "204",
        "price_unit": "G"
      },
      {
        "state": "VIC",
        "price": "550",
        "price_per_unit": "204",
        "price_unit": "G"
      },
      {
        "state": "QLD",
        "price": "550",
        "price_per_unit": "204",
        "price_unit": "G"
      },
      {
        "state": "WA",
        "price": "550",
        "price_per_unit": "204",
        "price_unit": "G"
      },
      {
        "state": "SA",
        "price": "550",
        "price_per_unit": "204",
        "price_unit": "G"
      },
      {
        "state": "TAS",
        "price": "550",
        "price_per_unit": "204",
        "price_unit": "G"
      },
      {
        "state": "ACT",
        "price": "550",
        "price_per_unit": "204",
        "price_unit": "G"
      },
      {
        "state": "NT",
        "price": "550",
        "price_per_unit": "204",
        "price_unit": "G"
      }
    ]
  },
  {
    "source_url": "https://www.woolworths.com.au/shop/productdetails/840274/vegemite-gluten-free-spread",
    "name": "Vegemite Gluten Free Spread 235g",
    "image_url": "https://cdn1.woolworths.media/content/wowproductimages/large/840274.jpg",
    "source_id": "Woolworths - 840274",
    "barcode": "9352042002094",
    "shop": "Woolworths",
    "weight": "100G",
    "prices": [
      {
        "state": "NSW",
        "price": "550",
        "price_per_unit": "234",
        "price_unit": "G"
      },
      {
        "state": "VIC",
        "price": "550",
        "price_per_unit": "234",
        "price_unit": "G"
      },
      {
        "state": "QLD",
        "price": "550",
        "price_per_unit": "234",
        "price_unit": "G"
      },
      {
        "state": "WA",
        "price": "550",
        "price_per_unit": "234",
        "price_unit": "G"
      },
      {
        "state": "SA",
        "price": "550",
        "price_per_unit": "234",
        "price_unit": "G"
      },
      {
        "state": "TAS",
        "price": "550",
        "price_per_unit": "234",
        "price_unit": "G"
      },
      {
        "state": "ACT",
        "price": "550",
        "price_per_unit": "234",
        "price_unit": "G"
      },
      {
        "state": "NT",
        "price": "550",
        "price_per_unit": "234",
        "price_unit": "G"
      }
    ]
  },
  {
    "source_url": "https://www.woolworths.com.au/shop/productdetails/1075557204/vegemite-single-serve-portions-4-8g-90-pack-carton-bulk-box",
    "name": "Vegemite Single Serve Portions 4.8g 90 Pack Carton Bulk Box",
    "image_url": "https://cdn1.woolworths.media/content/wowproductimages/large/1075557204.jpg",
    "source_id": "Woolworths - 1075557204",
    "barcode": null,
    "shop": "Woolworths",
    "weight": "100EA",
    "prices": [
      {
        "state": "NSW",
        "price": "3995",
        "price_per_unit": "4439",
        "price_unit": "EA"
      },
      {
        "state": "VIC",
        "price": "3995",
        "price_per_unit": "4439",
        "price_unit": "EA"
      },
      {
        "state": "QLD",
        "price": "3995",
        "price_per_unit": "4439",
        "price_unit": "EA"
      },
      {
        "state": "WA",
        "price": "3995",
        "price_per_unit": "4439",
        "price_unit": "EA"
      },
      {
        "state": "SA",
        "price": "3995",
        "price_per_unit": "4439",
        "price_unit": "EA"
      },
      {
        "state": "TAS",
        "price": "3995",
        "price_per_unit": "4439",
        "price_unit": "EA"
      },
      {
        "state": "ACT",
        "price": "3995",
        "price_per_unit": "4439",
        "price_unit": "EA"
      },
      {
        "state": "NT",
        "price": "3995",
        "price_per_unit": "4439",
        "price_unit": "EA"
      }
    ]
  },
  {
    "source_url": "https://www.woolworths.com.au/shop/productdetails/281263/vegemite-spread",
    "name": "Vegemite Spread 150g",
    "image_url": "https://cdn1.woolworths.media/content/wowproductimages/large/281263.jpg",
    "source_id": "Woolworths - 281263",
    "barcode": "93552806",
    "shop": "Woolworths",
    "weight": "100G",
    "prices": [
      {
        "state": "NSW",
        "price": "400",
        "price_per_unit": "267",
        "price_unit": "G"
      },
      {
        "state": "VIC",
        "price": "400",
        "price_per_unit": "267",
        "price_unit": "G"
      },
      {
        "state": "QLD",
        "price": "400",
        "price_per_unit": "267",
        "price_unit": "G"
      },
      {
        "state": "WA",
        "price": "400",
        "price_per_unit": "267",
        "price_unit": "G"
      },
      {
        "state": "SA",
        "price": "400",
        "price_per_unit": "267",
        "price_unit": "G"
      },
      {
        "state": "TAS",
        "price": "400",
        "price_per_unit": "267",
        "price_unit": "G"
      },
      {
        "state": "ACT",
        "price": "400",
        "price_per_unit": "267",
        "price_unit": "G"
      },
      {
        "state": "NT",
        "price": "400",
        "price_per_unit": "267",
        "price_unit": "G"
      }
    ]
  },
  {
    "source_url": "https://www.woolworths.com.au/shop/productdetails/1075975735/vegemite-spread-2-5kg-tub-4-pack-bulk",
    "name": "Vegemite Spread 2.5kg Tub 4 Pack Bulk",
    "image_url": "https://cdn1.woolworths.media/content/wowproductimages/large/1075975735.jpg",
    "source_id": "Woolworths - 1075975735",
    "barcode": null,
    "shop": "Woolworths",
    "weight": "1EA",
    "prices": [
      {
        "state": "NSW",
        "price": "27995",
        "price_per_unit": "6999",
        "price_unit": "EA"
      },
      {
        "state": "VIC",
        "price": "27995",
        "price_per_unit": "6999",
        "price_unit": "EA"
      },
      {
        "state": "QLD",
        "price": "27995",
        "price_per_unit": "6999",
        "price_unit": "EA"
      },
      {
        "state": "WA",
        "price": "27995",
        "price_per_unit": "6999",
        "price_unit": "EA"
      },
      {
        "state": "SA",
        "price": "27995",
        "price_per_unit": "6999",
        "price_unit": "EA"
      },
      {
        "state": "TAS",
        "price": "27995",
        "price_per_unit": "6999",
        "price_unit": "EA"
      },
      {
        "state": "ACT",
        "price": "27995",
        "price_per_unit": "6999",
        "price_unit": "EA"
      },
      {
        "state": "NT",
        "price": "27995",
        "price_per_unit": "6999",
        "price_unit": "EA"
      }
    ]
  },
  {
    "source_url": "https://www.woolworths.com.au/shop/productdetails/308872/vegemite-spread",
    "name": "Vegemite Spread 280g",
    "image_url": "https://cdn1.woolworths.media/content/wowproductimages/large/308872.jpg",
    "source_id": "Woolworths - 308872",
    "barcode": "9300650659018",
    "shop": "Woolworths",
    "weight": "100G",
    "prices": [
      {
        "state": "NSW",
        "price": "620",
        "price_per_unit": "221",
        "price_unit": "G"
      },
      {
        "state": "VIC",
        "price": "620",
        "price_per_unit": "221",
        "price_unit": "G"
      },
      {
        "state": "QLD",
        "price": "620",
        "price_per_unit": "221",
        "price_unit": "G"
      },
      {
        "state": "WA",
        "price": "620",
        "price_per_unit": "221",
        "price_unit": "G"
      },
      {
        "state": "SA",
        "price": "620",
        "price_per_unit": "221",
        "price_unit": "G"
      },
      {
        "state": "TAS",
        "price": "620",
        "price_per_unit": "221",
        "price_unit": "G"
      },
      {
        "state": "ACT",
        "price": "620",
        "price_per_unit": "221",
        "price_unit": "G"
      },
      {
        "state": "NT",
        "price": "620",
        "price_per_unit": "221",
        "price_unit": "G"
      }
    ]
  },
  {
    "source_url": "https://www.woolworths.com.au/shop/productdetails/796439/vegemite-spread",
    "name": "Vegemite Spread 380g",
    "image_url": "https://cdn1.woolworths.media/content/wowproductimages/large/796439.jpg",
    "source_id": "Woolworths - 796439",
    "barcode": "9352042000328",
    "shop": "Woolworths",
    "weight": "100G",
    "prices": [
      {
        "state": "NSW",
        "price": "730",
        "price_per_unit": "192",
        "price_unit": "G"
      },
      {
        "state": "VIC",
        "price": "730",
        "price_per_unit": "192",
        "price_unit": "G"
      },
      {
        "state": "QLD",
        "price": "730",
        "price_per_unit": "192",
        "price_unit": "G"
      },
      {
        "state": "WA",
        "price": "730",
        "price_per_unit": "192",
        "price_unit": "G"
      },
      {
        "state": "SA",
        "price": "730",
        "price_per_unit": "192",
        "price_unit": "G"
      },
      {
        "state": "TAS",
        "price": "730",
        "price_per_unit": "192",
        "price_unit": "G"
      },
      {
        "state": "ACT",
        "price": "730",
        "price_per_unit": "192",
        "price_unit": "G"
      },
      {
        "state": "NT",
        "price": "730",
        "price_per_unit": "192",
        "price_unit": "G"
      }
    ]
  },
  {
    "source_url": "https://www.woolworths.com.au/shop/productdetails/280512/vegemite-spread",
    "name": "Vegemite Spread 560g",
    "image_url": "https://cdn1.woolworths.media/content/wowproductimages/large/280512.jpg",
    "source_id": "Woolworths - 280512",
    "barcode": "9300650018860",
    "shop": "Woolworths",
    "weight": "100G",
    "prices": [
      {
        "state": "NSW",
        "price": "940",
        "price_per_unit": "168",
        "price_unit": "G"
      },
      {
        "state": "VIC",
        "price": "940",
        "price_per_unit": "168",
        "price_unit": "G"
      },
      {
        "state": "QLD",
        "price": "940",
        "price_per_unit": "168",
        "price_unit": "G"
      },
      {
        "state": "WA",
        "price": "940",
        "price_per_unit": "168",
        "price_unit": "G"
      },
      {
        "state": "SA",
        "price": "940",
        "price_per_unit": "168",
        "price_unit": "G"
      },
      {
        "state": "TAS",
        "price": "940",
        "price_per_unit": "168",
        "price_unit": "G"
      },
      {
        "state": "ACT",
        "price": "940",
        "price_per_unit": "168",
        "price_unit": "G"
      },
      {
        "state": "NT",
        "price": "940",
        "price_per_unit": "168",
        "price_unit": "G"
      }
    ]
  },
  {
    "source_url": "https://www.woolworths.com.au/shop/productdetails/1074496713/vegemite-tub-950g-x-2",
    "name": "Vegemite Tub 950g x 2",
    "image_url": "https://cdn1.woolworths.media/content/wowproductimages/large/1074496713.jpg",
    "source_id": "Woolworths - 1074496713",
    "barcode": null,
    "shop": "Woolworths",
    "weight": "1EA",
    "prices": [
      {
        "state": "NSW",
        "price": "5599",
        "price_per_unit": "2800",
        "price_unit": "EA"
      },
      {
        "state": "VIC",
        "price": "5599",
        "price_per_unit": "2800",
        "price_unit": "EA"
      },
      {
        "state": "QLD",
        "price": "5599",
        "price_per_unit": "2800",
        "price_unit": "EA"
      },
      {
        "state": "WA",
        "price": "5599",
        "price_per_unit": "2800",
        "price_unit": "EA"
      },
      {
        "state": "SA",
        "price": "5599",
        "price_per_unit": "2800",
        "price_unit": "EA"
      },
      {
        "state": "TAS",
        "price": "5599",
        "price_per_unit": "2800",
        "price_unit": "EA"
      },
      {
        "state": "ACT",
        "price": "5599",
        "price_per_unit": "2800",
        "price_unit": "EA"
      },
      {
        "state": "NT",
        "price": "5599",
        "price_per_unit": "2800",
        "price_unit": "EA"
      }
    ]
  },
  {
    "source_url": "https://www.woolworths.com.au/shop/productdetails/916526/bega-cheddar-cheese",
    "name": "Bega Cheddar Cheese 250g",
    "image_url": "https://cdn1.woolworths.media/content/wowproductimages/large/916526.jpg",
    "source_id": "Woolworths - 916526",
    "barcode": "9352042004814",
    "shop": "Woolworths",
    "weight": "1KG",
    "prices": [
      {
        "state": "VIC",
        "price": "500",
        "price_per_unit": "2000",
        "price_unit": "KG"
      },
      {
        "state": "QLD",
        "price": "500",
        "price_per_unit": "2000",
        "price_unit": "KG"
      },
      {
        "state": "WA",
        "price": "500",
        "price_per_unit": "2000",
        "price_unit": "KG"
      },
      {
        "state": "SA",
        "price": "500",
        "price_per_unit": "2000",
        "price_unit": "KG"
      },
      {
        "state": "TAS",
        "price": "500",
        "price_per_unit": "2000",
        "price_unit": "KG"
      },
      {
        "state": "ACT",
        "price": "500",
        "price_per_unit": "2000",
        "price_unit": "KG"
      },
      {
        "state": "NT",
        "price": "500",
        "price_per_unit": "2000",
        "price_unit": "KG"
      }
    ]
  },
  {
    "source_url": "https://www.woolworths.com.au/shop/productdetails/917887/bega-cheestik",
    "name": "Bega Cheestik 12 pack",
    "image_url": "https://cdn1.woolworths.media/content/wowproductimages/large/917887.jpg",
    "source_id": "Woolworths - 917887",
    "barcode": "9352042004791",
    "shop": "Woolworths",
    "weight": "100G",
    "prices": [
      {
        "state": "VIC",
        "price": "650",
        "price_per_unit": "271",
        "price_unit": "G"
      },
      {
        "state": "QLD",
        "price": "650",
        "price_per_unit": "271",
        "price_unit": "G"
      },
      {
        "state": "WA",
        "price": "650",
        "price_per_unit": "271",
        "price_unit": "G"
      },
      {
        "state": "SA",
        "price": "650",
        "price_per_unit": "271",
        "price_unit": "G"
      },
      {
        "state": "TAS",
        "price": "650",
        "price_per_unit": "271",
        "price_unit": "G"
      },
      {
        "state": "ACT",
        "price": "650",
        "price_per_unit": "271",
        "price_unit": "G"
      },
      {
        "state": "NT",
        "price": "650",
        "price_per_unit": "271",
        "price_unit": "G"
      }
    ]
  },
  {
    "source_url": "https://www.woolworths.com.au/shop/productdetails/781661/bega-cream-cheese-spread-bold",
    "name": "Bega Cream Cheese Spread Bold 250g",
    "image_url": "https://cdn1.woolworths.media/content/wowproductimages/large/781661.jpg",
    "source_id": "Woolworths - 781661",
    "barcode": "9300650013551",
    "shop": "Woolworths",
    "weight": "1KG",
    "prices": [
      {
        "state": "VIC",
        "price": "410",
        "price_per_unit": "1640",
        "price_unit": "KG"
      },
      {
        "state": "QLD",
        "price": "410",
        "price_per_unit": "1640",
        "price_unit": "KG"
      },
      {
        "state": "WA",
        "price": "410",
        "price_per_unit": "1640",
        "price_unit": "KG"
      },
      {
        "state": "SA",
        "price": "410",
        "price_per_unit": "1640",
        "price_unit": "KG"
      },
      {
        "state": "TAS",
        "price": "410",
        "price_per_unit": "1640",
        "price_unit": "KG"
      },
      {
        "state": "ACT",
        "price": "410",
        "price_per_unit": "1640",
        "price_unit": "KG"
      },
      {
        "state": "NT",
        "price": "430",
        "price_per_unit": "1720",
        "price_unit": "KG"
      }
    ]
  },
  {
    "source_url": "https://www.woolworths.com.au/shop/productdetails/795867/bega-cream-cheese-spread-bold",
    "name": "Bega Cream Cheese Spread Bold 500g",
    "image_url": "https://cdn1.woolworths.media/content/wowproductimages/large/795867.jpg",
    "source_id": "Woolworths - 795867",
    "barcode": "9352042001189",
    "shop": "Woolworths",
    "weight": "1KG",
    "prices": [
      {
        "state": "VIC",
        "price": "700",
        "price_per_unit": "1400",
        "price_unit": "KG"
      },
      {
        "state": "QLD",
        "price": "700",
        "price_per_unit": "1400",
        "price_unit": "KG"
      },
      {
        "state": "WA",
        "price": "700",
        "price_per_unit": "1400",
        "price_unit": "KG"
      },
      {
        "state": "SA",
        "price": "700",
        "price_per_unit": "1400",
        "price_unit": "KG"
      },
      {
        "state": "TAS",
        "price": "700",
        "price_per_unit": "1400",
        "price_unit": "KG"
      },
      {
        "state": "ACT",
        "price": "700",
        "price_per_unit": "1400",
        "price_unit": "KG"
      },
      {
        "state": "NT",
        "price": "700",
        "price_per_unit": "1400",
        "price_unit": "KG"
      }
    ]
  },
  {
    "source_url": "https://www.woolworths.com.au/shop/productdetails/781653/bega-cream-cheese-spread-light",
    "name": "Bega Cream Cheese Spread Light 515g",
    "image_url": "https://cdn1.woolworths.media/content/wowproductimages/large/781653.jpg",
    "source_id": "Woolworths - 781653",
    "barcode": "9352042001219",
    "shop": "Woolworths",
    "weight": "1KG",
    "prices": [
      {
        "state": "VIC",
        "price": "700",
        "price_per_unit": "1359",
        "price_unit": "KG"
      },
      {
        "state": "QLD",
        "price": "700",
        "price_per_unit": "1359",
        "price_unit": "KG"
      },
      {
        "state": "WA",
        "price": "700",
        "price_per_unit": "1359",
        "price_unit": "KG"
      },
      {
        "state": "SA",
        "price": "700",
        "price_per_unit": "1359",
        "price_unit": "KG"
      },
      {
        "state": "TAS",
        "price": "700",
        "price_per_unit": "1359",
        "price_unit": "KG"
      },
      {
        "state": "ACT",
        "price": "700",
        "price_per_unit": "1359",
        "price_unit": "KG"
      },
      {
        "state": "NT",
        "price": "700",
        "price_per_unit": "1359",
        "price_unit": "KG"
      }
    ]
  },
  {
    "source_url": "https://www.woolworths.com.au/shop/productdetails/781650/bega-cream-cheese-spread-spread",
    "name": "Bega Cream Cheese Spread Spread 250g",
    "image_url": "https://cdn1.woolworths.media/content/wowproductimages/large/781650.jpg",
    "source_id": "Woolworths - 781650",
    "barcode": "9352042001196",
    "shop": "Woolworths",
    "weight": "1KG",
    "prices": [
      {
        "state": "VIC",
        "price": "410",
        "price_per_unit": "1640",
        "price_unit": "KG"
      },
      {
        "state": "QLD",
        "price": "410",
        "price_per_unit": "1640",
        "price_unit": "KG"
      },
      {
        "state": "WA",
        "price": "410",
        "price_per_unit": "1640",
        "price_unit": "KG"
      },
      {
        "state": "SA",
        "price": "410",
        "price_per_unit": "1640",
        "price_unit": "KG"
      },
      {
        "state": "TAS",
        "price": "410",
        "price_per_unit": "1640",
        "price_unit": "KG"
      },
      {
        "state": "ACT",
        "price": "410",
        "price_per_unit": "1640",
        "price_unit": "KG"
      },
      {
        "state": "NT",
        "price": "430",
        "price_per_unit": "1720",
        "price_unit": "KG"
      }
    ]
  },
  {
    "source_url": "https://www.woolworths.com.au/shop/productdetails/36278/john-west-tuna-spread",
    "name": "John West Tuna Spread 95g",
    "image_url": "https://cdn1.woolworths.media/content/wowproductimages/large/036278.jpg",
    "source_id": "Woolworths - 36278",
    "barcode": "9300462348452",
    "shop": "Woolworths",
    "weight": "100G",
    "prices": [
      {
        "state": "VIC",
        "price": "275",
        "price_per_unit": "289",
        "price_unit": "G"
      },
      {
        "state": "QLD",
        "price": "275",
        "price_per_unit": "289",
        "price_unit": "G"
      },
      {
        "state": "WA",
        "price": "275",
        "price_per_unit": "289",
        "price_unit": "G"
      },
      {
        "state": "SA",
        "price": "275",
        "price_per_unit": "289",
        "price_unit": "G"
      },
      {
        "state": "TAS",
        "price": "275",
        "price_per_unit": "289",
        "price_unit": "G"
      },
      {
        "state": "NT",
        "price": "275",
        "price_per_unit": "289",
        "price_unit": "G"
      }
    ]
  },
  {
    "source_url": "https://www.woolworths.com.au/shop/productdetails/812784/arnott-s-shapes-multipack-cracker-biscuits-vegemite-cheese",
    "name": "Arnott's Shapes Multipack Cracker Biscuits Vegemite & Cheese 8 pack",
    "image_url": "https://cdn1.woolworths.media/content/wowproductimages/large/812784.jpg",
    "source_id": "Woolworths - 812784",
    "barcode": "9310072030838",
    "shop": "Woolworths",
    "weight": "100G",
    "prices": [
      {
        "state": "VIC",
        "price": "400",
        "price_per_unit": "200",
        "price_unit": "G"
      },
      {
        "state": "ACT",
        "price": "500",
        "price_per_unit": "250",
        "price_unit": "G"
      },
      {
        "state": "NT",
        "price": "500",
        "price_per_unit": "250",
        "price_unit": "G"
      }
    ]
  },
  {
    "source_url": "https://www.woolworths.com.au/shop/productdetails/34935/peck-s-salmon-lobster-spread",
    "name": "Peck's Salmon & Lobster Spread 125g",
    "image_url": "https://cdn1.woolworths.media/content/wowproductimages/large/034935.jpg",
    "source_id": "Woolworths - 34935",
    "barcode": "93695176",
    "shop": "Woolworths",
    "weight": "100G",
    "prices": [
      {
        "state": "VIC",
        "price": "550",
        "price_per_unit": "440",
        "price_unit": "G"
      },
      {
        "state": "QLD",
        "price": "550",
        "price_per_unit": "440",
        "price_unit": "G"
      },
      {
        "state": "WA",
        "price": "550",
        "price_per_unit": "440",
        "price_unit": "G"
      },
      {
        "state": "SA",
        "price": "550",
        "price_per_unit": "440",
        "price_unit": "G"
      },
      {
        "state": "TAS",
        "price": "550",
        "price_per_unit": "440",
        "price_unit": "G"
      },
      {
        "state": "ACT",
        "price": "550",
        "price_per_unit": "440",
        "price_unit": "G"
      },
      {
        "state": "NT",
        "price": "550",
        "price_per_unit": "440",
        "price_unit": "G"
      }
    ]
  },
  {
    "source_url": "https://www.woolworths.com.au/shop/productdetails/237389/picon-creamy-spread-portions-cheese-spread",
    "name": "Picon Creamy Spread Portions Cheese Spread 120g",
    "image_url": "https://cdn1.woolworths.media/content/wowproductimages/large/237389.jpg",
    "source_id": "Woolworths - 237389",
    "barcode": "3073781180213",
    "shop": "Woolworths",
    "weight": "100G",
    "prices": [
      {
        "state": "VIC",
        "price": "320",
        "price_per_unit": "267",
        "price_unit": "G"
      },
      {
        "state": "QLD",
        "price": "320",
        "price_per_unit": "267",
        "price_unit": "G"
      },
      {
        "state": "WA",
        "price": "320",
        "price_per_unit": "267",
        "price_unit": "G"
      },
      {
        "state": "SA",
        "price": "320",
        "price_per_unit": "267",
        "price_unit": "G"
      },
      {
        "state": "TAS",
        "price": "320",
        "price_per_unit": "267",
        "price_unit": "G"
      },
      {
        "state": "ACT",
        "price": "320",
        "price_per_unit": "267",
        "price_unit": "G"
      },
      null
    ]
  },
  {
    "source_url": "https://www.woolworths.com.au/shop/productdetails/323962/podravka-chicken-paste",
    "name": "Podravka Chicken Paste 100g",
    "image_url": "https://cdn1.woolworths.media/content/wowproductimages/large/323962.jpg",
    "source_id": "Woolworths - 323962",
    "barcode": "3858886462729",
    "shop": "Woolworths",
    "weight": "100G",
    "prices": [
      {
        "state": "VIC",
        "price": "260",
        "price_per_unit": "260",
        "price_unit": "G"
      },
      {
        "state": "QLD",
        "price": "260",
        "price_per_unit": "260",
        "price_unit": "G"
      },
      {
        "state": "WA",
        "price": "260",
        "price_per_unit": "260",
        "price_unit": "G"
      },
      {
        "state": "SA",
        "price": "260",
        "price_per_unit": "260",
        "price_unit": "G"
      },
      {
        "state": "TAS",
        "price": "260",
        "price_per_unit": "260",
        "price_unit": "G"
      },
      {
        "state": "ACT",
        "price": "260",
        "price_per_unit": "260",
        "price_unit": "G"
      },
      {
        "state": "NT",
        "price": "275",
        "price_per_unit": "275",
        "price_unit": "G"
      }
    ]
  },
  {
    "source_url": "https://www.woolworths.com.au/shop/productdetails/79628/sanitarium-marmite-spread",
    "name": "Sanitarium Marmite Spread 250g",
    "image_url": "https://cdn1.woolworths.media/content/wowproductimages/large/079628.jpg",
    "source_id": "Woolworths - 79628",
    "barcode": "9300652110258",
    "shop": "Woolworths",
    "weight": "100G",
    "prices": [
      {
        "state": "VIC",
        "price": "480",
        "price_per_unit": "192",
        "price_unit": "G"
      },
      {
        "state": "QLD",
        "price": "480",
        "price_per_unit": "192",
        "price_unit": "G"
      },
      {
        "state": "WA",
        "price": "480",
        "price_per_unit": "192",
        "price_unit": "G"
      },
      {
        "state": "SA",
        "price": "480",
        "price_per_unit": "192",
        "price_unit": "G"
      },
      {
        "state": "TAS",
        "price": "480",
        "price_per_unit": "192",
        "price_unit": "G"
      },
      {
        "state": "ACT",
        "price": "480",
        "price_per_unit": "192",
        "price_unit": "G"
      },
      {
        "state": "NT",
        "price": "480",
        "price_per_unit": "192",
        "price_unit": "G"
      }
    ]
  },
  {
    "source_url": "https://www.woolworths.com.au/shop/productdetails/148103/three-threes-mightymite-spread",
    "name": "Three Threes Mightymite Spread 290g",
    "image_url": "https://cdn1.woolworths.media/content/wowproductimages/large/148103.jpg",
    "source_id": "Woolworths - 148103",
    "barcode": "9310480333477",
    "shop": "Woolworths",
    "weight": "100G",
    "prices": [
      {
        "state": "VIC",
        "price": "315",
        "price_per_unit": "109",
        "price_unit": "G"
      },
      {
        "state": "QLD",
        "price": "315",
        "price_per_unit": "109",
        "price_unit": "G"
      },
      {
        "state": "WA",
        "price": "315",
        "price_per_unit": "109",
        "price_unit": "G"
      },
      {
        "state": "SA",
        "price": "315",
        "price_per_unit": "109",
        "price_unit": "G"
      },
      {
        "state": "TAS",
        "price": "350",
        "price_per_unit": "121",
        "price_unit": "G"
      },
      {
        "state": "ACT",
        "price": "350",
        "price_per_unit": "121",
        "price_unit": "G"
      },
      {
        "state": "NT",
        "price": "350",
        "price_per_unit": "121",
        "price_unit": "G"
      }
    ]
  },
  {
    "source_url": "https://www.woolworths.com.au/shop/productdetails/97722/vegemite-salt-reduced-40-less-salt",
    "name": "Vegemite Salt Reduced 40% Less Salt 235g",
    "image_url": "https://cdn1.woolworths.media/content/wowproductimages/large/097722.jpg",
    "source_id": "Woolworths - 97722",
    "barcode": "9352042002773",
    "shop": "Woolworths",
    "weight": "100G",
    "prices": [
      {
        "state": "VIC",
        "price": "550",
        "price_per_unit": "234",
        "price_unit": "G"
      },
      {
        "state": "QLD",
        "price": "550",
        "price_per_unit": "234",
        "price_unit": "G"
      },
      {
        "state": "WA",
        "price": "550",
        "price_per_unit": "234",
        "price_unit": "G"
      },
      {
        "state": "SA",
        "price": "550",
        "price_per_unit": "234",
        "price_unit": "G"
      },
      {
        "state": "TAS",
        "price": "550",
        "price_per_unit": "234",
        "price_unit": "G"
      },
      {
        "state": "ACT",
        "price": "550",
        "price_per_unit": "234",
        "price_unit": "G"
      },
      {
        "state": "NT",
        "price": "550",
        "price_per_unit": "234",
        "price_unit": "G"
      }
    ]
  },
  {
    "source_url": "https://www.woolworths.com.au/shop/productdetails/105557/vegemite-squeezy",
    "name": "Vegemite Squeezy 350g",
    "image_url": "https://cdn1.woolworths.media/content/wowproductimages/large/105557.jpg",
    "source_id": "Woolworths - 105557",
    "barcode": "93560597",
    "shop": "Woolworths",
    "weight": "100G",
    "prices": [
      {
        "state": "VIC",
        "price": "730",
        "price_per_unit": "209",
        "price_unit": "G"
      },
      {
        "state": "QLD",
        "price": "730",
        "price_per_unit": "209",
        "price_unit": "G"
      },
      {
        "state": "WA",
        "price": "730",
        "price_per_unit": "209",
        "price_unit": "G"
      },
      {
        "state": "SA",
        "price": "730",
        "price_per_unit": "209",
        "price_unit": "G"
      },
      {
        "state": "TAS",
        "price": "730",
        "price_per_unit": "209",
        "price_unit": "G"
      },
      {
        "state": "ACT",
        "price": "730",
        "price_per_unit": "209",
        "price_unit": "G"
      },
      {
        "state": "NT",
        "price": "730",
        "price_per_unit": "209",
        "price_unit": "G"
      }
    ]
  },
  {
    "source_url": "https://www.woolworths.com.au/shop/productdetails/740748/woolworths-cream-cheese-spread",
    "name": "Woolworths Cream Cheese Spread 245g",
    "image_url": "https://cdn1.woolworths.media/content/wowproductimages/large/740748.jpg",
    "source_id": "Woolworths - 740748",
    "barcode": "9300633350376",
    "shop": "Woolworths",
    "weight": "1KG",
    "prices": [
      {
        "state": "VIC",
        "price": "290",
        "price_per_unit": "1184",
        "price_unit": "KG"
      },
      {
        "state": "TAS",
        "price": "290",
        "price_per_unit": "1184",
        "price_unit": "KG"
      },
      {
        "state": "ACT",
        "price": "290",
        "price_per_unit": "1184",
        "price_unit": "KG"
      },
      {
        "state": "NT",
        "price": "290",
        "price_per_unit": "1184",
        "price_unit": "KG"
      }
    ]
  }
]