[
  {
    "source_url": "https://www.woolworths.com.au/shop/productdetails/178887/essentials-tuna-chunks-in-spring-water",
    "name": "Essentials Tuna Chunks In Spring Water 185g",
    "image_url": "https://cdn1.woolworths.media/content/wowproductimages/large/178887.jpg",
    "source_id": "Woolworths - 178887",
    "barcode": "9300633012861",
    "shop": "Woolworths",
    "weight": "1KG",
    "prices": [
      {
        "state": "NSW",
        "price": "170",
        "price_per_unit": "919",
        "price_unit": "KG"
      },
      {
        "state": "VIC",
        "price": "170",
        "price_per_unit": "919",
        "price_unit": "KG"
      },
      {
        "state": "QLD",
        "price": "170",
        "price_per_unit": "919",
        "price_unit": "KG"
      },
      {
        "state": "WA",
        "price": "170",
        "price_per_unit": "919",
        "price_unit": "KG"
      },
      {
        "state": "SA",
        "price": "170",
        "price_per_unit": "919",
        "price_unit": "KG"
      },
      {
        "state": "TAS",
        "price": "170",
        "price_per_unit": "919",
        "price_unit": "KG"
      },
      {
        "state": "ACT",
        "price": "170",
        "price_per_unit": "919",
        "price_unit": "KG"
      },
      {
        "state": "NT",
        "price": "170",
        "price_per_unit": "919",
        "price_unit": "KG"
      }
    ]
  },
  {
    "source_url": "https://www.woolworths.com.au/shop/productdetails/178886/essentials-tuna-chunks-in-spring-water",
    "name": "Essentials Tuna Chunks In Spring Water 425g",
    "image_url": "https://cdn1.woolworths.media/content/wowproductimages/large/178886.jpg",
    "source_id": "Woolworths - 178886",
    "barcode": "9339687384365",
    "shop": "Woolworths",
    "weight": "1KG",
    "prices": [
      {
        "state": "NSW",
        "price": "330",
        "price_per_unit": "776",
        "price_unit": "KG"
      },
      {
        "state": "VIC",
        "price": "330",
        "price_per_unit": "776",
        "price_unit": "KG"
      },
      {
        "state": "QLD",
        "price": "330",
        "price_per_unit": "776",
        "price_unit": "KG"
      },
      {
        "state": "WA",
        "price": "330",
        "price_per_unit": "776",
        "price_unit": "KG"
      },
      {
        "state": "SA",
        "price": "330",
        "price_per_unit": "776",
        "price_unit": "KG"
      },
      {
        "state": "TAS",
        "price": "330",
        "price_per_unit": "776",
        "price_unit": "KG"
      },
      {
        "state": "ACT",
        "price": "330",
        "price_per_unit": "776",
        "price_unit": "KG"
      },
      {
        "state": "NT",
        "price": "330",
        "price_per_unit": "776",
        "price_unit": "KG"
      }
    ]
  },
  {
    "source_url": "https://www.woolworths.com.au/shop/productdetails/94681/essentials-tuna-in-oil",
    "name": "Essentials Tuna In Oil 185g",
    "image_url": "https://cdn1.woolworths.media/content/wowproductimages/large/094681.jpg",
    "source_id": "Woolworths - 94681",
    "barcode": "9300633946814",
    "shop": "Woolworths",
    "weight": "1KG",
    "prices": [
      {
        "state": "NSW",
        "price": "170",
        "price_per_unit": "919",
        "price_unit": "KG"
      },
      {
        "state": "VIC",
        "price": "170",
        "price_per_unit": "919",
        "price_unit": "KG"
      },
      {
        "state": "QLD",
        "price": "170",
        "price_per_unit": "919",
        "price_unit": "KG"
      },
      {
        "state": "WA",
        "price": "170",
        "price_per_unit": "919",
        "price_unit": "KG"
      },
      {
        "state": "SA",
        "price": "170",
        "price_per_unit": "919",
        "price_unit": "KG"
      },
      {
        "state": "TAS",
        "price": "170",
        "price_per_unit": "919",
        "price_unit": "KG"
      },
      {
        "state": "ACT",
        "price": "170",
        "price_per_unit": "919",
        "price_unit": "KG"
      },
      {
        "state": "NT",
        "price": "170",
        "price_per_unit": "919",
        "price_unit": "KG"
      }
    ]
  },
  {
    "source_url": "https://www.woolworths.com.au/shop/productdetails/30438/essentials-tuna-in-oil-in-oil",
    "name": "Essentials Tuna In Oil 425g",
    "image_url": "https://cdn1.woolworths.media/content/wowproductimages/large/030438.jpg",
    "source_id": "Woolworths - 30438",
    "barcode": "9300633304386",
    "shop": "Woolworths",
    "weight": "1KG",
    "prices": [
      {
        "state": "NSW",
        "price": "330",
        "price_per_unit": "776",
        "price_unit": "KG"
      },
      {
        "state": "VIC",
        "price": "330",
        "price_per_unit": "776",
        "price_unit": "KG"
      },
      {
        "state": "QLD",
        "price": "330",
        "price_per_unit": "776",
        "price_unit": "KG"
      },
      {
        "state": "WA",
        "price": "330",
        "price_per_unit": "776",
        "price_unit": "KG"
      },
      {
        "state": "SA",
        "price": "330",
        "price_per_unit": "776",
        "price_unit": "KG"
      },
      {
        "state": "TAS",
        "price": "330",
        "price_per_unit": "776",
        "price_unit": "KG"
      },
      {
        "state": "ACT",
        "price": "330",
        "price_per_unit": "776",
        "price_unit": "KG"
      },
      {
        "state": "NT",
        "price": "330",
        "price_per_unit": "776",
        "price_unit": "KG"
      }
    ]
  },
  {
    "source_url": "https://www.woolworths.com.au/shop/productdetails/21569/greenseas-sandwich-tuna-flakes-sandwich-flakes",
    "name": "Greenseas Sandwich Tuna Flakes 95g",
    "image_url": "https://cdn1.woolworths.media/content/wowproductimages/large/021569.jpg",
    "source_id": "Woolworths - 21569",
    "barcode": "93657686",
    "shop": "Woolworths",
    "weight": "1KG",
    "prices": [
      {
        "state": "NSW",
        "price": "150",
        "price_per_unit": "1579",
        "price_unit": "KG"
      },
      {
        "state": "VIC",
        "price": "150",
        "price_per_unit": "1579",
        "price_unit": "KG"
      },
      {
        "state": "QLD",
        "price": "150",
        "price_per_unit": "1579",
        "price_unit": "KG"
      },
      {
        "state": "WA",
        "price": "150",
        "price_per_unit": "1579",
        "price_unit": "KG"
      },
      {
        "state": "SA",
        "price": "150",
        "price_per_unit": "1579",
        "price_unit": "KG"
      },
      {
        "state": "TAS",
        "price": "150",
        "price_per_unit": "1579",
        "price_unit": "KG"
      },
      {
        "state": "ACT",
        "price": "150",
        "price_per_unit": "1579",
        "price_unit": "KG"
      },
      {
        "state": "NT",
        "price": "150",
        "price_per_unit": "1579",
        "price_unit": "KG"
      }
    ]
  },
  {
    "source_url": "https://www.woolworths.com.au/shop/productdetails/37250/greenseas-tuna-chunks-in-springwater-chunk-in-spring-water",
    "name": "Greenseas Tuna Chunks In Springwater 95g",
    "image_url": "https://cdn1.woolworths.media/content/wowproductimages/large/037250.jpg",
    "source_id": "Woolworths - 37250",
    "barcode": "93657419",
    "shop": "Woolworths",
    "weight": "1KG",
    "prices": [
      {
        "state": "NSW",
        "price": "150",
        "price_per_unit": "1579",
        "price_unit": "KG"
      },
      {
        "state": "VIC",
        "price": "150",
        "price_per_unit": "1579",
        "price_unit": "KG"
      },
      {
        "state": "QLD",
        "price": "150",
        "price_per_unit": "1579",
        "price_unit": "KG"
      },
      {
        "state": "WA",
        "price": "150",
        "price_per_unit": "1579",
        "price_unit": "KG"
      },
      {
        "state": "SA",
        "price": "150",
        "price_per_unit": "1579",
        "price_unit": "KG"
      },
      {
        "state": "TAS",
        "price": "150",
        "price_per_unit": "1579",
        "price_unit": "KG"
      },
      {
        "state": "ACT",
        "price": "150",
        "price_per_unit": "1579",
        "price_unit": "KG"
      },
      {
        "state": "NT",
        "price": "150",
        "price_per_unit": "1579",
        "price_unit": "KG"
      }
    ]
  },
  {
    "source_url": "https://www.woolworths.com.au/shop/productdetails/21568/greenseas-tuna-in-extra-virgin-olive-oil-blend",
    "name": "Greenseas Tuna In Extra Virgin Olive Oil Blend 95g",
    "image_url": "https://cdn1.woolworths.media/content/wowproductimages/large/021568.jpg",
    "source_id": "Woolworths - 21568",
    "barcode": "9300657008369",
    "shop": "Woolworths",
    "weight": "1KG",
    "prices": [
      {
        "state": "NSW",
        "price": "150",
        "price_per_unit": "1579",
        "price_unit": "KG"
      },
      {
        "state": "VIC",
        "price": "150",
        "price_per_unit": "1579",
        "price_unit": "KG"
      },
      {
        "state": "QLD",
        "price": "150",
        "price_per_unit": "1579",
        "price_unit": "KG"
      },
      {
        "state": "WA",
        "price": "150",
        "price_per_unit": "1579",
        "price_unit": "KG"
      },
      {
        "state": "SA",
        "price": "150",
        "price_per_unit": "1579",
        "price_unit": "KG"
      },
      {
        "state": "TAS",
        "price": "150",
        "price_per_unit": "1579",
        "price_unit": "KG"
      },
      {
        "state": "ACT",
        "price": "150",
        "price_per_unit": "1579",
        "price_unit": "KG"
      },
      {
        "state": "NT",
        "price": "150",
        "price_per_unit": "1579",
        "price_unit": "KG"
      }
    ]
  },
  {
    "source_url": "https://www.woolworths.com.au/shop/productdetails/7733/greenseas-tuna-lemon-pepper-lemon-pepper",
    "name": "Greenseas Tuna Lemon Pepper 95g",
    "image_url": "https://cdn1.woolworths.media/content/wowproductimages/large/007733.jpg",
    "source_id": "Woolworths - 7733",
    "barcode": "93305143",
    "shop": "Woolworths",
    "weight": "1KG",
    "prices": [
      {
        "state": "NSW",
        "price": "150",
        "price_per_unit": "1579",
        "price_unit": "KG"
      },
      {
        "state": "VIC",
        "price": "150",
        "price_per_unit": "1579",
        "price_unit": "KG"
      },
      {
        "state": "QLD",
        "price": "150",
        "price_per_unit": "1579",
        "price_unit": "KG"
      },
      {
        "state": "WA",
        "price": "150",
        "price_per_unit": "1579",
        "price_unit": "KG"
      },
      {
        "state": "SA",
        "price": "150",
        "price_per_unit": "1579",
        "price_unit": "KG"
      },
      {
        "state": "TAS",
        "price": "150",
        "price_per_unit": "1579",
        "price_unit": "KG"
      },
      {
        "state": "ACT",
        "price": "150",
        "price_per_unit": "1579",
        "price_unit": "KG"
      },
      {
        "state": "NT",
        "price": "150",
        "price_per_unit": "1579",
        "price_unit": "KG"
      }
    ]
  },
  {
    "source_url": "https://www.woolworths.com.au/shop/productdetails/85719/greenseas-tuna-sweet-chilli-sweet-chilli",
    "name": "Greenseas Tuna Sweet Chilli 95g",
    "image_url": "https://cdn1.woolworths.media/content/wowproductimages/large/085719.jpg",
    "source_id": "Woolworths - 85719",
    "barcode": "93430906",
    "shop": "Woolworths",
    "weight": "1KG",
    "prices": [
      {
        "state": "NSW",
        "price": "150",
        "price_per_unit": "1579",
        "price_unit": "KG"
      },
      {
        "state": "VIC",
        "price": "150",
        "price_per_unit": "1579",
        "price_unit": "KG"
      },
      {
        "state": "QLD",
        "price": "150",
        "price_per_unit": "1579",
        "price_unit": "KG"
      },
      {
        "state": "WA",
        "price": "150",
        "price_per_unit": "1579",
        "price_unit": "KG"
      },
      {
        "state": "SA",
        "price": "150",
        "price_per_unit": "1579",
        "price_unit": "KG"
      },
      {
        "state": "TAS",
        "price": "150",
        "price_per_unit": "1579",
        "price_unit": "KG"
      },
      {
        "state": "ACT",
        "price": "150",
        "price_per_unit": "1579",
        "price_unit": "KG"
      },
      {
        "state": "NT",
        "price": "150",
        "price_per_unit": "1579",
        "price_unit": "KG"
      }
    ]
  },
  {
    "source_url": "https://www.woolworths.com.au/shop/productdetails/7648/greenseas-tuna-tomato-onion-tomato-onion",
    "name": "Greenseas Tuna Tomato & Onion 95g",
    "image_url": "https://cdn1.woolworths.media/content/wowproductimages/large/007648.jpg",
    "source_id": "Woolworths - 7648",
    "barcode": "93305174",
    "shop": "Woolworths",
    "weight": "1KG",
    "prices": [
      {
        "state": "NSW",
        "price": "150",
        "price_per_unit": "1579",
        "price_unit": "KG"
      },
      {
        "state": "VIC",
        "price": "150",
        "price_per_unit": "1579",
        "price_unit": "KG"
      },
      {
        "state": "QLD",
        "price": "150",
        "price_per_unit": "1579",
        "price_unit": "KG"
      },
      {
        "state": "WA",
        "price": "150",
        "price_per_unit": "1579",
        "price_unit": "KG"
      },
      {
        "state": "SA",
        "price": "150",
        "price_per_unit": "1579",
        "price_unit": "KG"
      },
      {
        "state": "TAS",
        "price": "150",
        "price_per_unit": "1579",
        "price_unit": "KG"
      },
      {
        "state": "ACT",
        "price": "150",
        "price_per_unit": "1579",
        "price_unit": "KG"
      },
      {
        "state": "NT",
        "price": "150",
        "price_per_unit": "1579",
        "price_unit": "KG"
      }
    ]
  },
  {
    "source_url": "https://www.woolworths.com.au/shop/productdetails/57053/john-west-chilli-tuna-tempters",
    "name": "John West Chilli Tuna Tempters 95g",
    "image_url": "https://cdn1.woolworths.media/content/wowproductimages/large/057053.jpg",
    "source_id": "Woolworths - 57053",
    "barcode": "9300654310618",
    "shop": "Woolworths",
    "weight": "1KG",
    "prices": [
      {
        "state": "NSW",
        "price": "270",
        "price_per_unit": "2842",
        "price_unit": "KG"
      },
      {
        "state": "VIC",
        "price": "270",
        "price_per_unit": "2842",
        "price_unit": "KG"
      },
      {
        "state": "QLD",
        "price": "270",
        "price_per_unit": "2842",
        "price_unit": "KG"
      },
      {
        "state": "WA",
        "price": "270",
        "price_per_unit": "2842",
        "price_unit": "KG"
      },
      {
        "state": "SA",
        "price": "270",
        "price_per_unit": "2842",
        "price_unit": "KG"
      },
      {
        "state": "TAS",
        "price": "270",
        "price_per_unit": "2842",
        "price_unit": "KG"
      },
      {
        "state": "ACT",
        "price": "270",
        "price_per_unit": "2842",
        "price_unit": "KG"
      },
      {
        "state": "NT",
        "price": "270",
        "price_per_unit": "2842",
        "price_unit": "KG"
      }
    ]
  },
  {
    "source_url": "https://www.woolworths.com.au/shop/productdetails/263411/john-west-chunky-tuna-in-olive-oil-blend",
    "name": "John West Chunky Tuna In Olive Oil Blend 425g",
    "image_url": "https://cdn1.woolworths.media/content/wowproductimages/large/263411.jpg",
    "source_id": "Woolworths - 263411",
    "barcode": "9300462344485",
    "shop": "Woolworths",
    "weight": "1KG",
    "prices": [
      {
        "state": "NSW",
        "price": "550",
        "price_per_unit": "1294",
        "price_unit": "KG"
      },
      {
        "state": "VIC",
        "price": "550",
        "price_per_unit": "1294",
        "price_unit": "KG"
      },
      {
        "state": "QLD",
        "price": "550",
        "price_per_unit": "1294",
        "price_unit": "KG"
      },
      {
        "state": "WA",
        "price": "550",
        "price_per_unit": "1294",
        "price_unit": "KG"
      },
      {
        "state": "SA",
        "price": "550",
        "price_per_unit": "1294",
        "price_unit": "KG"
      },
      {
        "state": "TAS",
        "price": "550",
        "price_per_unit": "1294",
        "price_unit": "KG"
      },
      {
        "state": "ACT",
        "price": "550",
        "price_per_unit": "1294",
        "price_unit": "KG"
      },
      {
        "state": "NT",
        "price": "550",
        "price_per_unit": "1294",
        "price_unit": "KG"
      }
    ]
  },
  {
    "source_url": "https://www.woolworths.com.au/shop/productdetails/19736/john-west-chunky-tuna-in-springwater",
    "name": "John West Chunky Tuna In Springwater 425g",
    "image_url": "https://cdn1.woolworths.media/content/wowproductimages/large/019736.jpg",
    "source_id": "Woolworths - 19736",
    "barcode": "9300462349268",
    "shop": "Woolworths",
    "weight": "1KG",
    "prices": [
      {
        "state": "NSW",
        "price": "550",
        "price_per_unit": "1294",
        "price_unit": "KG"
      },
      {
        "state": "VIC",
        "price": "550",
        "price_per_unit": "1294",
        "price_unit": "KG"
      },
      {
        "state": "QLD",
        "price": "550",
        "price_per_unit": "1294",
        "price_unit": "KG"
      },
      {
        "state": "WA",
        "price": "550",
        "price_per_unit": "1294",
        "price_unit": "KG"
      },
      {
        "state": "SA",
        "price": "550",
        "price_per_unit": "1294",
        "price_unit": "KG"
      },
      {
        "state": "TAS",
        "price": "550",
        "price_per_unit": "1294",
        "price_unit": "KG"
      },
      {
        "state": "ACT",
        "price": "550",
        "price_per_unit": "1294",
        "price_unit": "KG"
      },
      {
        "state": "NT",
        "price": "550",
        "price_per_unit": "1294",
        "price_unit": "KG"
      }
    ]
  },
  {
    "source_url": "https://www.woolworths.com.au/shop/productdetails/257360/john-west-chunky-tuna-tempter-in-olive-oil",
    "name": "John West Chunky Tuna Tempter In Olive Oil 95g",
    "image_url": "https://cdn1.woolworths.media/content/wowproductimages/large/257360.jpg",
    "source_id": "Woolworths - 257360",
    "barcode": "9300462348575",
    "shop": "Woolworths",
    "weight": "1KG",
    "prices": [
      {
        "state": "NSW",
        "price": "270",
        "price_per_unit": "2842",
        "price_unit": "KG"
      },
      {
        "state": "VIC",
        "price": "270",
        "price_per_unit": "2842",
        "price_unit": "KG"
      },
      {
        "state": "QLD",
        "price": "270",
        "price_per_unit": "2842",
        "price_unit": "KG"
      },
      {
        "state": "WA",
        "price": "270",
        "price_per_unit": "2842",
        "price_unit": "KG"
      },
      {
        "state": "SA",
        "price": "270",
        "price_per_unit": "2842",
        "price_unit": "KG"
      },
      {
        "state": "TAS",
        "price": "270",
        "price_per_unit": "2842",
        "price_unit": "KG"
      },
      {
        "state": "ACT",
        "price": "270",
        "price_per_unit": "2842",
        "price_unit": "KG"
      },
      {
        "state": "NT",
        "price": "270",
        "price_per_unit": "2842",
        "price_unit": "KG"
      }
    ]
  },
  {
    "source_url": "https://www.woolworths.com.au/shop/productdetails/340411/john-west-chunky-tuna-tempter-in-springwater",
    "name": "John West Chunky Tuna Tempter In Springwater 95g",
    "image_url": "https://cdn1.woolworths.media/content/wowproductimages/large/340411.jpg",
    "source_id": "Woolworths - 340411",
    "barcode": "9300462346120",
    "shop": "Woolworths",
    "weight": "1KG",
    "prices": [
      {
        "state": "NSW",
        "price": "270",
        "price_per_unit": "2842",
        "price_unit": "KG"
      },
      {
        "state": "VIC",
        "price": "270",
        "price_per_unit": "2842",
        "price_unit": "KG"
      },
      {
        "state": "QLD",
        "price": "270",
        "price_per_unit": "2842",
        "price_unit": "KG"
      },
      {
        "state": "WA",
        "price": "270",
        "price_per_unit": "2842",
        "price_unit": "KG"
      },
      {
        "state": "SA",
        "price": "270",
        "price_per_unit": "2842",
        "price_unit": "KG"
      },
      {
        "state": "TAS",
        "price": "270",
        "price_per_unit": "2842",
        "price_unit": "KG"
      },
      {
        "state": "ACT",
        "price": "270",
        "price_per_unit": "2842",
        "price_unit": "KG"
      },
      {
        "state": "NT",
        "price": "270",
        "price_per_unit": "2842",
        "price_unit": "KG"
      }
    ]
  },
  {
    "source_url": "https://www.woolworths.com.au/shop/productdetails/429224/john-west-fiery-jalapeno-tuna",
    "name": "John West Fiery Jalapeno Tuna 95g",
    "image_url": "https://cdn1.woolworths.media/content/wowproductimages/large/429224.jpg",
    "source_id": "Woolworths - 429224",
    "barcode": "9300462112909",
    "shop": "Woolworths",
    "weight": "1KG",
    "prices": [
      {
        "state": "NSW",
        "price": "270",
        "price_per_unit": "2842",
        "price_unit": "KG"
      },
      {
        "state": "VIC",
        "price": "270",
        "price_per_unit": "2842",
        "price_unit": "KG"
      },
      {
        "state": "QLD",
        "price": "270",
        "price_per_unit": "2842",
        "price_unit": "KG"
      },
      {
        "state": "WA",
        "price": "270",
        "price_per_unit": "2842",
        "price_unit": "KG"
      },
      {
        "state": "SA",
        "price": "270",
        "price_per_unit": "2842",
        "price_unit": "KG"
      },
      {
        "state": "TAS",
        "price": "270",
        "price_per_unit": "2842",
        "price_unit": "KG"
      },
      {
        "state": "ACT",
        "price": "270",
        "price_per_unit": "2842",
        "price_unit": "KG"
      },
      {
        "state": "NT",
        "price": "270",
        "price_per_unit": "2842",
        "price_unit": "KG"
      }
    ]
  },
  {
    "source_url": "https://www.woolworths.com.au/shop/productdetails/27570/john-west-lemon-cracked-pepper-tuna-tempters",
    "name": "John West Lemon & Cracked Pepper Tuna Tempters 95g",
    "image_url": "https://cdn1.woolworths.media/content/wowproductimages/large/027570.jpg",
    "source_id": "Woolworths - 27570",
    "barcode": "9300654310588",
    "shop": "Woolworths",
    "weight": "1KG",
    "prices": [
      {
        "state": "NSW",
        "price": "270",
        "price_per_unit": "2842",
        "price_unit": "KG"
      },
      {
        "state": "VIC",
        "price": "270",
        "price_per_unit": "2842",
        "price_unit": "KG"
      },
      {
        "state": "QLD",
        "price": "270",
        "price_per_unit": "2842",
        "price_unit": "KG"
      },
      {
        "state": "WA",
        "price": "270",
        "price_per_unit": "2842",
        "price_unit": "KG"
      },
      {
        "state": "SA",
        "price": "270",
        "price_per_unit": "2842",
        "price_unit": "KG"
      },
      {
        "state": "TAS",
        "price": "270",
        "price_per_unit": "2842",
        "price_unit": "KG"
      },
      {
        "state": "ACT",
        "price": "270",
        "price_per_unit": "2842",
        "price_unit": "KG"
      },
      {
        "state": "NT",
        "price": "270",
        "price_per_unit": "2842",
        "price_unit": "KG"
      }
    ]
  },
  {
    "source_url": "https://www.woolworths.com.au/shop/productdetails/24053/john-west-lunch-kit-with-crackers-tuna-with-sweetcorn-in-mayonnaise",
    "name": "John West Lunch Kit With Crackers Tuna With Sweetcorn In Mayonnaise 108g",
    "image_url": "https://cdn1.woolworths.media/content/wowproductimages/large/024053.jpg",
    "source_id": "Woolworths - 24053",
    "barcode": "9300661302972",
    "shop": "Woolworths",
    "weight": "1KG",
    "prices": [
      {
        "state": "NSW",
        "price": "350",
        "price_per_unit": "3241",
        "price_unit": "KG"
      },
      {
        "state": "VIC",
        "price": "350",
        "price_per_unit": "3241",
        "price_unit": "KG"
      },
      {
        "state": "QLD",
        "price": "350",
        "price_per_unit": "3241",
        "price_unit": "KG"
      },
      {
        "state": "WA",
        "price": "350",
        "price_per_unit": "3241",
        "price_unit": "KG"
      },
      {
        "state": "SA",
        "price": "350",
        "price_per_unit": "3241",
        "price_unit": "KG"
      },
      {
        "state": "TAS",
        "price": "350",
        "price_per_unit": "3241",
        "price_unit": "KG"
      },
      {
        "state": "ACT",
        "price": "350",
        "price_per_unit": "3241",
        "price_unit": "KG"
      },
      {
        "state": "NT",
        "price": "350",
        "price_per_unit": "3241",
        "price_unit": "KG"
      }
    ]
  },
  {
    "source_url": "https://www.woolworths.com.au/shop/productdetails/252264/john-west-mango-chilli-tuna-tempters",
    "name": "John West Mango Chilli Tuna Tempters 95g",
    "image_url": "https://cdn1.woolworths.media/content/wowproductimages/large/252264.jpg",
    "source_id": "Woolworths - 252264",
    "barcode": "9300462348414",
    "shop": "Woolworths",
    "weight": "1KG",
    "prices": [
      {
        "state": "NSW",
        "price": "270",
        "price_per_unit": "2842",
        "price_unit": "KG"
      },
      {
        "state": "VIC",
        "price": "270",
        "price_per_unit": "2842",
        "price_unit": "KG"
      },
      {
        "state": "QLD",
        "price": "270",
        "price_per_unit": "2842",
        "price_unit": "KG"
      },
      {
        "state": "WA",
        "price": "270",
        "price_per_unit": "2842",
        "price_unit": "KG"
      },
      {
        "state": "SA",
        "price": "270",
        "price_per_unit": "2842",
        "price_unit": "KG"
      },
      {
        "state": "TAS",
        "price": "270",
        "price_per_unit": "2842",
        "price_unit": "KG"
      },
      {
        "state": "ACT",
        "price": "270",
        "price_per_unit": "2842",
        "price_unit": "KG"
      },
      {
        "state": "NT",
        "price": "270",
        "price_per_unit": "2842",
        "price_unit": "KG"
      }
    ]
  },
  {
    "source_url": "https://www.woolworths.com.au/shop/productdetails/135984/john-west-mild-indian-curry-tuna-tempters",
    "name": "John West Mild Indian Curry Tuna Tempters 95g",
    "image_url": "https://cdn1.woolworths.media/content/wowproductimages/large/135984.jpg",
    "source_id": "Woolworths - 135984",
    "barcode": "93461481",
    "shop": "Woolworths",
    "weight": "1KG",
    "prices": [
      {
        "state": "NSW",
        "price": "270",
        "price_per_unit": "2842",
        "price_unit": "KG"
      },
      {
        "state": "VIC",
        "price": "270",
        "price_per_unit": "2842",
        "price_unit": "KG"
      },
      {
        "state": "QLD",
        "price": "270",
        "price_per_unit": "2842",
        "price_unit": "KG"
      },
      {
        "state": "WA",
        "price": "270",
        "price_per_unit": "2842",
        "price_unit": "KG"
      },
      {
        "state": "SA",
        "price": "270",
        "price_per_unit": "2842",
        "price_unit": "KG"
      },
      {
        "state": "TAS",
        "price": "270",
        "price_per_unit": "2842",
        "price_unit": "KG"
      },
      {
        "state": "ACT",
        "price": "270",
        "price_per_unit": "2842",
        "price_unit": "KG"
      },
      {
        "state": "NT",
        "price": "270",
        "price_per_unit": "2842",
        "price_unit": "KG"
      }
    ]
  },
  {
    "source_url": "https://www.woolworths.com.au/shop/productdetails/211299/john-west-naturally-smoked-tuna-tempters",
    "name": "John West Naturally Smoked Tuna Tempters 95g",
    "image_url": "https://cdn1.woolworths.media/content/wowproductimages/large/211299.jpg",
    "source_id": "Woolworths - 211299",
    "barcode": "9300462348254",
    "shop": "Woolworths",
    "weight": "1KG",
    "prices": [
      {
        "state": "NSW",
        "price": "270",
        "price_per_unit": "2842",
        "price_unit": "KG"
      },
      {
        "state": "VIC",
        "price": "270",
        "price_per_unit": "2842",
        "price_unit": "KG"
      },
      {
        "state": "QLD",
        "price": "270",
        "price_per_unit": "2842",
        "price_unit": "KG"
      },
      {
        "state": "WA",
        "price": "270",
        "price_per_unit": "2842",
        "price_unit": "KG"
      },
      {
        "state": "SA",
        "price": "270",
        "price_per_unit": "2842",
        "price_unit": "KG"
      },
      {
        "state": "TAS",
        "price": "270",
        "price_per_unit": "2842",
        "price_unit": "KG"
      },
      {
        "state": "ACT",
        "price": "270",
        "price_per_unit": "2842",
        "price_unit": "KG"
      },
      {
        "state": "NT",
        "price": "270",
        "price_per_unit": "2842",
        "price_unit": "KG"
      }
    ]
  },
  {
    "source_url": "https://www.woolworths.com.au/shop/productdetails/57070/john-west-onion-tomato-savoury-tuna-tempters",
    "name": "John West Onion & Tomato Savoury Tuna Tempters 95g",
    "image_url": "https://cdn1.woolworths.media/content/wowproductimages/large/057070.jpg",
    "source_id": "Woolworths - 57070",
    "barcode": "9300654310526",
    "shop": "Woolworths",
    "weight": "1KG",
    "prices": [
      {
        "state": "NSW",
        "price": "270",
        "price_per_unit": "2842",
        "price_unit": "KG"
      },
      {
        "state": "VIC",
        "price": "270",
        "price_per_unit": "2842",
        "price_unit": "KG"
      },
      {
        "state": "QLD",
        "price": "270",
        "price_per_unit": "2842",
        "price_unit": "KG"
      },
      {
        "state": "WA",
        "price": "270",
        "price_per_unit": "2842",
        "price_unit": "KG"
      },
      {
        "state": "SA",
        "price": "270",
        "price_per_unit": "2842",
        "price_unit": "KG"
      },
      {
        "state": "TAS",
        "price": "270",
        "price_per_unit": "2842",
        "price_unit": "KG"
      },
      {
        "state": "NT",
        "price": "270",
        "price_per_unit": "2842",
        "price_unit": "KG"
      }
    ]
  },
  {
    "source_url": "https://www.woolworths.com.au/shop/productdetails/27574/john-west-oven-dried-tomato-basil-tuna-tempters",
    "name": "John West Oven Dried Tomato & Basil Tuna Tempters 95g",
    "image_url": "https://cdn1.woolworths.media/content/wowproductimages/large/027574.jpg",
    "source_id": "Woolworths - 27574",
    "barcode": "9300462348193",
    "shop": "Woolworths",
    "weight": "1KG",
    "prices": [
      {
        "state": "NSW",
        "price": "270",
        "price_per_unit": "2842",
        "price_unit": "KG"
      },
      {
        "state": "VIC",
        "price": "270",
        "price_per_unit": "2842",
        "price_unit": "KG"
      },
      {
        "state": "QLD",
        "price": "270",
        "price_per_unit": "2842",
        "price_unit": "KG"
      },
      {
        "state": "WA",
        "price": "270",
        "price_per_unit": "2842",
        "price_unit": "KG"
      },
      {
        "state": "SA",
        "price": "270",
        "price_per_unit": "2842",
        "price_unit": "KG"
      },
      {
        "state": "TAS",
        "price": "270",
        "price_per_unit": "2842",
        "price_unit": "KG"
      },
      {
        "state": "NT",
        "price": "270",
        "price_per_unit": "2842",
        "price_unit": "KG"
      }
    ]
  },
  {
    "source_url": "https://www.woolworths.com.au/shop/productdetails/167239/john-west-protein-vitamin-b12-tuna-bowl-couscous-brown-rice-onion",
    "name": "John West Protein+ Vitamin b12 Tuna Bowl Couscous Brown Rice Onion 170g",
    "image_url": "https://cdn1.woolworths.media/content/wowproductimages/large/167239.jpg",
    "source_id": "Woolworths - 167239",
    "barcode": "9300462129143",
    "shop": "Woolworths",
    "weight": "1KG",
    "prices": [
      {
        "state": "NSW",
        "price": "400",
        "price_per_unit": "2353",
        "price_unit": "KG"
      },
      {
        "state": "VIC",
        "price": "400",
        "price_per_unit": "2353",
        "price_unit": "KG"
      },
      {
        "state": "QLD",
        "price": "400",
        "price_per_unit": "2353",
        "price_unit": "KG"
      },
      {
        "state": "WA",
        "price": "400",
        "price_per_unit": "2353",
        "price_unit": "KG"
      },
      {
        "state": "SA",
        "price": "400",
        "price_per_unit": "2353",
        "price_unit": "KG"
      },
      {
        "state": "TAS",
        "price": "400",
        "price_per_unit": "2353",
        "price_unit": "KG"
      },
      {
        "state": "NT",
        "price": "400",
        "price_per_unit": "2353",
        "price_unit": "KG"
      }
    ]
  },
  {
    "source_url": "https://www.woolworths.com.au/shop/productdetails/663986/john-west-sweet-chilli-tuna-tempters",
    "name": "John West Sweet Chilli Tuna Tempters 95g",
    "image_url": "https://cdn1.woolworths.media/content/wowproductimages/large/663986.jpg",
    "source_id": "Woolworths - 663986",
    "barcode": "9300462349060",
    "shop": "Woolworths",
    "weight": "1KG",
    "prices": [
      {
        "state": "NSW",
        "price": "270",
        "price_per_unit": "2842",
        "price_unit": "KG"
      },
      {
        "state": "VIC",
        "price": "270",
        "price_per_unit": "2842",
        "price_unit": "KG"
      },
      {
        "state": "QLD",
        "price": "270",
        "price_per_unit": "2842",
        "price_unit": "KG"
      },
      {
        "state": "WA",
        "price": "270",
        "price_per_unit": "2842",
        "price_unit": "KG"
      },
      {
        "state": "SA",
        "price": "270",
        "price_per_unit": "2842",
        "price_unit": "KG"
      },
      {
        "state": "TAS",
        "price": "270",
        "price_per_unit": "2842",
        "price_unit": "KG"
      },
      {
        "state": "NT",
        "price": "270",
        "price_per_unit": "2842",
        "price_unit": "KG"
      }
    ]
  },
  {
    "source_url": "https://www.woolworths.com.au/shop/productdetails/310694/john-west-sweet-corn-mayonnaise-tuna-tempters",
    "name": "John West Sweet Corn & Mayonnaise Tuna Tempters 95g",
    "image_url": "https://cdn1.woolworths.media/content/wowproductimages/large/310694.jpg",
    "source_id": "Woolworths - 310694",
    "barcode": "9300462344508",
    "shop": "Woolworths",
    "weight": "1KG",
    "prices": [
      {
        "state": "NSW",
        "price": "270",
        "price_per_unit": "2842",
        "price_unit": "KG"
      },
      {
        "state": "VIC",
        "price": "270",
        "price_per_unit": "2842",
        "price_unit": "KG"
      },
      {
        "state": "QLD",
        "price": "270",
        "price_per_unit": "2842",
        "price_unit": "KG"
      },
      {
        "state": "WA",
        "price": "270",
        "price_per_unit": "2842",
        "price_unit": "KG"
      },
      {
        "state": "SA",
        "price": "270",
        "price_per_unit": "2842",
        "price_unit": "KG"
      },
      {
        "state": "TAS",
        "price": "270",
        "price_per_unit": "2842",
        "price_unit": "KG"
      },
      {
        "state": "NT",
        "price": "270",
        "price_per_unit": "2842",
        "price_unit": "KG"
      }
    ]
  },
  {
    "source_url": "https://www.woolworths.com.au/shop/productdetails/329004/john-west-tuna-beans-capsicum-sweet-corn-red-kidney-beans-chilli",
    "name": "John West Tuna & Beans Capsicum Sweet Corn Red Kidney Beans Chilli 185g",
    "image_url": "https://cdn1.woolworths.media/content/wowproductimages/large/329004.jpg",
    "source_id": "Woolworths - 329004",
    "barcode": "9300462344645",
    "shop": "Woolworths",
    "weight": "1KG",
    "prices": [
      {
        "state": "NSW",
        "price": "440",
        "price_per_unit": "2378",
        "price_unit": "KG"
      },
      {
        "state": "VIC",
        "price": "440",
        "price_per_unit": "2378",
        "price_unit": "KG"
      },
      {
        "state": "QLD",
        "price": "440",
        "price_per_unit": "2378",
        "price_unit": "KG"
      },
      {
        "state": "WA",
        "price": "440",
        "price_per_unit": "2378",
        "price_unit": "KG"
      },
      {
        "state": "SA",
        "price": "440",
        "price_per_unit": "2378",
        "price_unit": "KG"
      },
      {
        "state": "TAS",
        "price": "440",
        "price_per_unit": "2378",
        "price_unit": "KG"
      },
      {
        "state": "NT",
        "price": "440",
        "price_per_unit": "2378",
        "price_unit": "KG"
      }
    ]
  },
  {
    "source_url": "https://www.woolworths.com.au/shop/productdetails/98518/john-west-wild-caught-yellowfin-tuna-slices-in-olive-oil-blend",
    "name": "John West Wild Caught Yellowfin Tuna Slices In Olive Oil Blend 125g",
    "image_url": "https://cdn1.woolworths.media/content/wowproductimages/large/098518.jpg",
    "source_id": "Woolworths - 98518",
    "barcode": "5000171030146",
    "shop": "Woolworths",
    "weight": "1KG",
    "prices": [
      {
        "state": "NSW",
        "price": "380",
        "price_per_unit": "3040",
        "price_unit": "KG"
      },
      {
        "state": "VIC",
        "price": "380",
        "price_per_unit": "3040",
        "price_unit": "KG"
      },
      {
        "state": "QLD",
        "price": "380",
        "price_per_unit": "3040",
        "price_unit": "KG"
      },
      {
        "state": "WA",
        "price": "380",
        "price_per_unit": "3040",
        "price_unit": "KG"
      },
      {
        "state": "SA",
        "price": "380",
        "price_per_unit": "3040",
        "price_unit": "KG"
      },
      {
        "state": "TAS",
        "price": "380",
        "price_per_unit": "3040",
        "price_unit": "KG"
      },
      {
        "state": "NT",
        "price": "380",
        "price_per_unit": "3040",
        "price_unit": "KG"
      }
    ]
  },
  {
    "source_url": "https://www.woolworths.com.au/shop/productdetails/69345/john-west-wild-caught-yellowfin-tuna-slices-in-springwater",
    "name": "John West Wild Caught Yellowfin Tuna Slices In Springwater 125g",
    "image_url": "https://cdn1.woolworths.media/content/wowproductimages/large/069345.jpg",
    "source_id": "Woolworths - 69345",
    "barcode": "9300654310403",
    "shop": "Woolworths",
    "weight": "1KG",
    "prices": [
      {
        "state": "NSW",
        "price": "380",
        "price_per_unit": "3040",
        "price_unit": "KG"
      },
      {
        "state": "VIC",
        "price": "380",
        "price_per_unit": "3040",
        "price_unit": "KG"
      },
      {
        "state": "QLD",
        "price": "380",
        "price_per_unit": "3040",
        "price_unit": "KG"
      },
      {
        "state": "WA",
        "price": "380",
        "price_per_unit": "3040",
        "price_unit": "KG"
      },
      {
        "state": "SA",
        "price": "380",
        "price_per_unit": "3040",
        "price_unit": "KG"
      },
      {
        "state": "TAS",
        "price": "380",
        "price_per_unit": "3040",
        "price_unit": "KG"
      },
      {
        "state": "NT",
        "price": "380",
        "price_per_unit": "3040",
        "price_unit": "KG"
      }
    ]
  },
  {
    "source_url": "https://www.woolworths.com.au/shop/productdetails/92589/john-west-zesty-vinaigrette-tuna-tempters",
    "name": "John West Zesty Vinaigrette Tuna Tempters 95g",
    "image_url": "https://cdn1.woolworths.media/content/wowproductimages/large/092589.jpg",
    "source_id": "Woolworths - 92589",
    "barcode": "9300654310601",
    "shop": "Woolworths",
    "weight": "1KG",
    "prices": [
      {
        "state": "NSW",
        "price": "270",
        "price_per_unit": "2842",
        "price_unit": "KG"
      },
      {
        "state": "VIC",
        "price": "270",
        "price_per_unit": "2842",
        "price_unit": "KG"
      },
      {
        "state": "QLD",
        "price": "270",
        "price_per_unit": "2842",
        "price_unit": "KG"
      },
      {
        "state": "WA",
        "price": "270",
        "price_per_unit": "2842",
        "price_unit": "KG"
      },
      {
        "state": "SA",
        "price": "270",
        "price_per_unit": "2842",
        "price_unit": "KG"
      },
      {
        "state": "TAS",
        "price": "270",
        "price_per_unit": "2842",
        "price_unit": "KG"
      },
      {
        "state": "NT",
        "price": "270",
        "price_per_unit": "2842",
        "price_unit": "KG"
      }
    ]
  },
  {
    "source_url": "https://www.woolworths.com.au/shop/productdetails/128975/ortiz-tuna-in-olive-oil",
    "name": "Ortiz Tuna In Olive Oil 92g x 3 Pack",
    "image_url": "https://cdn1.woolworths.media/content/wowproductimages/large/128975.jpg",
    "source_id": "Woolworths - 128975",
    "barcode": "8411320434307",
    "shop": "Woolworths",
    "weight": "100G",
    "prices": [
      {
        "state": "NSW",
        "price": "1600",
        "price_per_unit": "580",
        "price_unit": "G"
      },
      {
        "state": "SA",
        "price": "1600",
        "price_per_unit": "580",
        "price_unit": "G"
      },
      {
        "state": "ACT",
        "price": "2000",
        "price_per_unit": "725",
        "price_unit": "G"
      }
    ]
  },
  {
    "source_url": "https://www.woolworths.com.au/shop/productdetails/708309/safcol-responsibly-fished-tuna-in-oil-italian-style",
    "name": "Safcol Responsibly Fished Tuna In Oil Italian Style 425g",
    "image_url": "https://cdn1.woolworths.media/content/wowproductimages/large/708309.jpg",
    "source_id": "Woolworths - 708309",
    "barcode": "9310768107103",
    "shop": "Woolworths",
    "weight": "1KG",
    "prices": [
      {
        "state": "NSW",
        "price": "465",
        "price_per_unit": "1094",
        "price_unit": "KG"
      },
      {
        "state": "VIC",
        "price": "465",
        "price_per_unit": "1094",
        "price_unit": "KG"
      },
      {
        "state": "QLD",
        "price": "465",
        "price_per_unit": "1094",
        "price_unit": "KG"
      },
      {
        "state": "WA",
        "price": "465",
        "price_per_unit": "1094",
        "price_unit": "KG"
      },
      {
        "state": "SA",
        "price": "465",
        "price_per_unit": "1094",
        "price_unit": "KG"
      },
      {
        "state": "TAS",
        "price": "465",
        "price_per_unit": "1094",
        "price_unit": "KG"
      },
      {
        "state": "ACT",
        "price": "465",
        "price_per_unit": "1094",
        "price_unit": "KG"
      },
      {
        "state": "NT",
        "price": "490",
        "price_per_unit": "1153",
        "price_unit": "KG"
      }
    ]
  },
  {
    "source_url": "https://www.woolworths.com.au/shop/productdetails/801522/sirena-brown-rice-quinoa-with-tuna",
    "name": "Sirena Brown Rice & Quinoa With Tuna 170g",
    "image_url": "https://cdn1.woolworths.media/content/wowproductimages/large/801522.jpg",
    "source_id": "Woolworths - 801522",
    "barcode": "9350177000480",
    "shop": "Woolworths",
    "weight": "1KG",
    "prices": [
      {
        "state": "NSW",
        "price": "330",
        "price_per_unit": "1941",
        "price_unit": "KG"
      },
      {
        "state": "VIC",
        "price": "330",
        "price_per_unit": "1941",
        "price_unit": "KG"
      },
      {
        "state": "QLD",
        "price": "330",
        "price_per_unit": "1941",
        "price_unit": "KG"
      },
      {
        "state": "WA",
        "price": "330",
        "price_per_unit": "1941",
        "price_unit": "KG"
      },
      {
        "state": "SA",
        "price": "330",
        "price_per_unit": "1941",
        "price_unit": "KG"
      },
      {
        "state": "TAS",
        "price": "430",
        "price_per_unit": "2529",
        "price_unit": "KG"
      },
      {
        "state": "ACT",
        "price": "430",
        "price_per_unit": "2529",
        "price_unit": "KG"
      },
      {
        "state": "NT",
        "price": "450",
        "price_per_unit": "2647",
        "price_unit": "KG"
      }
    ]
  },
  {
    "source_url": "https://www.woolworths.com.au/shop/productdetails/802544/sirena-italian-style-salad-with-tuna",
    "name": "Sirena Italian Style Salad With Tuna 170g",
    "image_url": "https://cdn1.woolworths.media/content/wowproductimages/large/802544.jpg",
    "source_id": "Woolworths - 802544",
    "barcode": "9350177000503",
    "shop": "Woolworths",
    "weight": "1KG",
    "prices": [
      {
        "state": "NSW",
        "price": "330",
        "price_per_unit": "1941",
        "price_unit": "KG"
      },
      {
        "state": "VIC",
        "price": "330",
        "price_per_unit": "1941",
        "price_unit": "KG"
      },
      {
        "state": "QLD",
        "price": "330",
        "price_per_unit": "1941",
        "price_unit": "KG"
      },
      {
        "state": "WA",
        "price": "330",
        "price_per_unit": "1941",
        "price_unit": "KG"
      },
      {
        "state": "SA",
        "price": "330",
        "price_per_unit": "1941",
        "price_unit": "KG"
      },
      {
        "state": "TAS",
        "price": "430",
        "price_per_unit": "2529",
        "price_unit": "KG"
      },
      {
        "state": "ACT",
        "price": "430",
        "price_per_unit": "2529",
        "price_unit": "KG"
      },
      {
        "state": "NT",
        "price": "450",
        "price_per_unit": "2647",
        "price_unit": "KG"
      }
    ]
  },
  {
    "source_url": "https://www.woolworths.com.au/shop/productdetails/235757/sirena-tuna-fillets-in-extra-virgin-olive-oil",
    "name": "Sirena Tuna Fillets In Extra Virgin Olive Oil 200g",
    "image_url": "https://cdn1.woolworths.media/content/wowproductimages/large/235757.jpg",
    "source_id": "Woolworths - 235757",
    "barcode": "9350177000695",
    "shop": "Woolworths",
    "weight": "1KG",
    "prices": [
      {
        "state": "NSW",
        "price": "750",
        "price_per_unit": "3750",
        "price_unit": "KG"
      },
      {
        "state": "VIC",
        "price": "750",
        "price_per_unit": "3750",
        "price_unit": "KG"
      },
      {
        "state": "QLD",
        "price": "750",
        "price_per_unit": "3750",
        "price_unit": "KG"
      },
      {
        "state": "WA",
        "price": "750",
        "price_per_unit": "3750",
        "price_unit": "KG"
      },
      {
        "state": "SA",
        "price": "750",
        "price_per_unit": "3750",
        "price_unit": "KG"
      },
      {
        "state": "TAS",
        "price": "750",
        "price_per_unit": "3750",
        "price_unit": "KG"
      },
      {
        "state": "ACT",
        "price": "750",
        "price_per_unit": "3750",
        "price_unit": "KG"
      },
      {
        "state": "NT",
        "price": "780",
        "price_per_unit": "3900",
        "price_unit": "KG"
      }
    ]
  },
  {
    "source_url": "https://www.woolworths.com.au/shop/productdetails/85488/sirena-tuna-in-chilli-oil",
    "name": "Sirena Tuna In Chilli Oil 95g",
    "image_url": "https://cdn1.woolworths.media/content/wowproductimages/large/085488.jpg",
    "source_id": "Woolworths - 85488",
    "barcode": "9350177000121",
    "shop": "Woolworths",
    "weight": "1KG",
    "prices": [
      {
        "state": "NSW",
        "price": "295",
        "price_per_unit": "3105",
        "price_unit": "KG"
      },
      {
        "state": "VIC",
        "price": "295",
        "price_per_unit": "3105",
        "price_unit": "KG"
      },
      {
        "state": "QLD",
        "price": "295",
        "price_per_unit": "3105",
        "price_unit": "KG"
      },
      {
        "state": "WA",
        "price": "295",
        "price_per_unit": "3105",
        "price_unit": "KG"
      },
      {
        "state": "SA",
        "price": "295",
        "price_per_unit": "3105",
        "price_unit": "KG"
      },
      {
        "state": "TAS",
        "price": "295",
        "price_per_unit": "3105",
        "price_unit": "KG"
      },
      {
        "state": "ACT",
        "price": "295",
        "price_per_unit": "3105",
        "price_unit": "KG"
      },
      {
        "state": "NT",
        "price": "310",
        "price_per_unit": "3263",
        "price_unit": "KG"
      }
    ]
  },
  {
    "source_url": "https://www.woolworths.com.au/shop/productdetails/54883/sirena-tuna-in-oil-chilli",
    "name": "Sirena Tuna In Oil Chilli 185g",
    "image_url": "https://cdn1.woolworths.media/content/wowproductimages/large/054883.jpg",
    "source_id": "Woolworths - 54883",
    "barcode": "9350177000329",
    "shop": "Woolworths",
    "weight": "1KG",
    "prices": [
      {
        "state": "NSW",
        "price": "470",
        "price_per_unit": "2541",
        "price_unit": "KG"
      },
      {
        "state": "VIC",
        "price": "470",
        "price_per_unit": "2541",
        "price_unit": "KG"
      },
      {
        "state": "QLD",
        "price": "470",
        "price_per_unit": "2541",
        "price_unit": "KG"
      },
      {
        "state": "WA",
        "price": "470",
        "price_per_unit": "2541",
        "price_unit": "KG"
      },
      {
        "state": "SA",
        "price": "470",
        "price_per_unit": "2541",
        "price_unit": "KG"
      },
      {
        "state": "TAS",
        "price": "470",
        "price_per_unit": "2541",
        "price_unit": "KG"
      },
      {
        "state": "ACT",
        "price": "470",
        "price_per_unit": "2541",
        "price_unit": "KG"
      },
      {
        "state": "NT",
        "price": "495",
        "price_per_unit": "2676",
        "price_unit": "KG"
      }
    ]
  },
  {
    "source_url": "https://www.woolworths.com.au/shop/productdetails/38610/sirena-tuna-in-oil-italian-style",
    "name": "Sirena Tuna In Oil Italian Style 185g",
    "image_url": "https://cdn1.woolworths.media/content/wowproductimages/large/038610.jpg",
    "source_id": "Woolworths - 38610",
    "barcode": "9300637200028",
    "shop": "Woolworths",
    "weight": "1KG",
    "prices": [
      {
        "state": "NSW",
        "price": "470",
        "price_per_unit": "2541",
        "price_unit": "KG"
      },
      {
        "state": "VIC",
        "price": "470",
        "price_per_unit": "2541",
        "price_unit": "KG"
      },
      {
        "state": "QLD",
        "price": "470",
        "price_per_unit": "2541",
        "price_unit": "KG"
      },
      {
        "state": "WA",
        "price": "470",
        "price_per_unit": "2541",
        "price_unit": "KG"
      },
      {
        "state": "SA",
        "price": "470",
        "price_per_unit": "2541",
        "price_unit": "KG"
      },
      {
        "state": "TAS",
        "price": "470",
        "price_per_unit": "2541",
        "price_unit": "KG"
      },
      {
        "state": "ACT",
        "price": "470",
        "price_per_unit": "2541",
        "price_unit": "KG"
      },
      {
        "state": "NT",
        "price": "495",
        "price_per_unit": "2676",
        "price_unit": "KG"
      }
    ]
  },
  {
    "source_url": "https://www.woolworths.com.au/shop/productdetails/91981/sirena-tuna-in-oil-italian-style",
    "name": "Sirena Tuna In Oil Italian Style 425g",
    "image_url": "https://cdn1.woolworths.media/content/wowproductimages/large/091981.jpg",
    "source_id": "Woolworths - 91981",
    "barcode": "9350177000275",
    "shop": "Woolworths",
    "weight": "1KG",
    "prices": [
      {
        "state": "NSW",
        "price": "750",
        "price_per_unit": "1765",
        "price_unit": "KG"
      },
      {
        "state": "VIC",
        "price": "750",
        "price_per_unit": "1765",
        "price_unit": "KG"
      },
      {
        "state": "QLD",
        "price": "750",
        "price_per_unit": "1765",
        "price_unit": "KG"
      },
      {
        "state": "WA",
        "price": "750",
        "price_per_unit": "1765",
        "price_unit": "KG"
      },
      {
        "state": "SA",
        "price": "750",
        "price_per_unit": "1765",
        "price_unit": "KG"
      },
      {
        "state": "TAS",
        "price": "750",
        "price_per_unit": "1765",
        "price_unit": "KG"
      },
      {
        "state": "ACT",
        "price": "750",
        "price_per_unit": "1765",
        "price_unit": "KG"
      },
      {
        "state": "NT",
        "price": "790",
        "price_per_unit": "1859",
        "price_unit": "KG"
      }
    ]
  },
  {
    "source_url": "https://www.woolworths.com.au/shop/productdetails/38609/sirena-tuna-in-oil-italian-style",
    "name": "Sirena Tuna In Oil Italian Style 95g",
    "image_url": "https://cdn1.woolworths.media/content/wowproductimages/large/038609.jpg",
    "source_id": "Woolworths - 38609",
    "barcode": "9350177000152",
    "shop": "Woolworths",
    "weight": "1KG",
    "prices": [
      {
        "state": "NSW",
        "price": "295",
        "price_per_unit": "3105",
        "price_unit": "KG"
      },
      {
        "state": "VIC",
        "price": "295",
        "price_per_unit": "3105",
        "price_unit": "KG"
      },
      {
        "state": "QLD",
        "price": "295",
        "price_per_unit": "3105",
        "price_unit": "KG"
      },
      {
        "state": "WA",
        "price": "295",
        "price_per_unit": "3105",
        "price_unit": "KG"
      },
      {
        "state": "SA",
        "price": "295",
        "price_per_unit": "3105",
        "price_unit": "KG"
      },
      {
        "state": "TAS",
        "price": "295",
        "price_per_unit": "3105",
        "price_unit": "KG"
      },
      {
        "state": "ACT",
        "price": "295",
        "price_per_unit": "3105",
        "price_unit": "KG"
      },
      {
        "state": "NT",
        "price": "310",
        "price_per_unit": "3263",
        "price_unit": "KG"
      }
    ]
  },
  {
    "source_url": "https://www.woolworths.com.au/shop/productdetails/211318/sirena-tuna-in-oil-with-lemon-pepper",
    "name": "Sirena Tuna In Oil With Lemon Pepper 95g",
    "image_url": "https://cdn1.woolworths.media/content/wowproductimages/large/211318.jpg",
    "source_id": "Woolworths - 211318",
    "barcode": "9300637200332",
    "shop": "Woolworths",
    "weight": "1KG",
    "prices": [
      {
        "state": "NSW",
        "price": "295",
        "price_per_unit": "3105",
        "price_unit": "KG"
      },
      {
        "state": "VIC",
        "price": "295",
        "price_per_unit": "3105",
        "price_unit": "KG"
      },
      {
        "state": "QLD",
        "price": "295",
        "price_per_unit": "3105",
        "price_unit": "KG"
      },
      {
        "state": "WA",
        "price": "295",
        "price_per_unit": "3105",
        "price_unit": "KG"
      },
      {
        "state": "SA",
        "price": "295",
        "price_per_unit": "3105",
        "price_unit": "KG"
      },
      {
        "state": "TAS",
        "price": "295",
        "price_per_unit": "3105",
        "price_unit": "KG"
      },
      {
        "state": "ACT",
        "price": "295",
        "price_per_unit": "3105",
        "price_unit": "KG"
      },
      {
        "state": "NT",
        "price": "310",
        "price_per_unit": "3263",
        "price_unit": "KG"
      }
    ]
  },
  {
    "source_url": "https://www.woolworths.com.au/shop/productdetails/218570/sirena-tuna-in-puttanesca",
    "name": "Sirena Tuna In Puttanesca 95g",
    "image_url": "https://cdn1.woolworths.media/content/wowproductimages/large/218570.jpg",
    "source_id": "Woolworths - 218570",
    "barcode": "9300637500579",
    "shop": "Woolworths",
    "weight": "1KG",
    "prices": [
      {
        "state": "NSW",
        "price": "295",
        "price_per_unit": "3105",
        "price_unit": "KG"
      },
      {
        "state": "VIC",
        "price": "295",
        "price_per_unit": "3105",
        "price_unit": "KG"
      },
      {
        "state": "QLD",
        "price": "295",
        "price_per_unit": "3105",
        "price_unit": "KG"
      },
      {
        "state": "WA",
        "price": "295",
        "price_per_unit": "3105",
        "price_unit": "KG"
      },
      {
        "state": "SA",
        "price": "295",
        "price_per_unit": "3105",
        "price_unit": "KG"
      },
      {
        "state": "TAS",
        "price": "295",
        "price_per_unit": "3105",
        "price_unit": "KG"
      },
      {
        "state": "ACT",
        "price": "295",
        "price_per_unit": "3105",
        "price_unit": "KG"
      },
      {
        "state": "NT",
        "price": "310",
        "price_per_unit": "3263",
        "price_unit": "KG"
      }
    ]
  },
  {
    "source_url": "https://www.woolworths.com.au/shop/productdetails/331060/sirena-tuna-in-springwater-lemon",
    "name": "Sirena Tuna In Springwater & Lemon 95g",
    "image_url": "https://cdn1.woolworths.media/content/wowproductimages/large/331060.jpg",
    "source_id": "Woolworths - 331060",
    "barcode": "9350177000114",
    "shop": "Woolworths",
    "weight": "1KG",
    "prices": [
      {
        "state": "NSW",
        "price": "295",
        "price_per_unit": "3105",
        "price_unit": "KG"
      },
      {
        "state": "VIC",
        "price": "295",
        "price_per_unit": "3105",
        "price_unit": "KG"
      },
      {
        "state": "QLD",
        "price": "295",
        "price_per_unit": "3105",
        "price_unit": "KG"
      },
      {
        "state": "WA",
        "price": "295",
        "price_per_unit": "3105",
        "price_unit": "KG"
      },
      {
        "state": "SA",
        "price": "295",
        "price_per_unit": "3105",
        "price_unit": "KG"
      },
      {
        "state": "TAS",
        "price": "295",
        "price_per_unit": "3105",
        "price_unit": "KG"
      },
      {
        "state": "ACT",
        "price": "295",
        "price_per_unit": "3105",
        "price_unit": "KG"
      },
      {
        "state": "NT",
        "price": "310",
        "price_per_unit": "3263",
        "price_unit": "KG"
      }
    ]
  },
  {
    "source_url": "https://www.woolworths.com.au/shop/productdetails/75363/sirena-tuna-in-springwater",
    "name": "Sirena Tuna In Springwater 185g",
    "image_url": "https://cdn1.woolworths.media/content/wowproductimages/large/075363.jpg",
    "source_id": "Woolworths - 75363",
    "barcode": "9350177000336",
    "shop": "Woolworths",
    "weight": "1KG",
    "prices": [
      {
        "state": "NSW",
        "price": "470",
        "price_per_unit": "2541",
        "price_unit": "KG"
      },
      {
        "state": "VIC",
        "price": "470",
        "price_per_unit": "2541",
        "price_unit": "KG"
      },
      {
        "state": "QLD",
        "price": "470",
        "price_per_unit": "2541",
        "price_unit": "KG"
      },
      {
        "state": "WA",
        "price": "470",
        "price_per_unit": "2541",
        "price_unit": "KG"
      },
      {
        "state": "SA",
        "price": "470",
        "price_per_unit": "2541",
        "price_unit": "KG"
      },
      {
        "state": "TAS",
        "price": "470",
        "price_per_unit": "2541",
        "price_unit": "KG"
      },
      {
        "state": "ACT",
        "price": "470",
        "price_per_unit": "2541",
        "price_unit": "KG"
      },
      {
        "state": "NT",
        "price": "495",
        "price_per_unit": "2676",
        "price_unit": "KG"
      }
    ]
  },
  {
    "source_url": "https://www.woolworths.com.au/shop/productdetails/144821/sirena-tuna-in-springwater",
    "name": "Sirena Tuna In Springwater 95g",
    "image_url": "https://cdn1.woolworths.media/content/wowproductimages/large/144821.jpg",
    "source_id": "Woolworths - 144821",
    "barcode": "9350177000169",
    "shop": "Woolworths",
    "weight": "1KG",
    "prices": [
      {
        "state": "NSW",
        "price": "295",
        "price_per_unit": "3105",
        "price_unit": "KG"
      },
      {
        "state": "VIC",
        "price": "295",
        "price_per_unit": "3105",
        "price_unit": "KG"
      },
      {
        "state": "QLD",
        "price": "295",
        "price_per_unit": "3105",
        "price_unit": "KG"
      },
      {
        "state": "WA",
        "price": "295",
        "price_per_unit": "3105",
        "price_unit": "KG"
      },
      {
        "state": "SA",
        "price": "295",
        "price_per_unit": "3105",
        "price_unit": "KG"
      },
      {
        "state": "TAS",
        "price": "295",
        "price_per_unit": "3105",
        "price_unit": "KG"
      },
      {
        "state": "ACT",
        "price": "295",
        "price_per_unit": "3105",
        "price_unit": "KG"
      },
      {
        "state": "NT",
        "price": "310",
        "price_per_unit": "3263",
        "price_unit": "KG"
      }
    ]
  },
  {
    "source_url": "https://www.woolworths.com.au/shop/productdetails/319493/sirena-tuna-la-vita-lite-chilli",
    "name": "Sirena Tuna La Vita Lite Chilli 95g",
    "image_url": "https://cdn1.woolworths.media/content/wowproductimages/large/319493.jpg",
    "source_id": "Woolworths - 319493",
    "barcode": "9350177000138",
    "shop": "Woolworths",
    "weight": "1KG",
    "prices": [
      {
        "state": "NSW",
        "price": "295",
        "price_per_unit": "3105",
        "price_unit": "KG"
      },
      {
        "state": "VIC",
        "price": "295",
        "price_per_unit": "3105",
        "price_unit": "KG"
      },
      {
        "state": "QLD",
        "price": "295",
        "price_per_unit": "3105",
        "price_unit": "KG"
      },
      {
        "state": "WA",
        "price": "295",
        "price_per_unit": "3105",
        "price_unit": "KG"
      },
      {
        "state": "SA",
        "price": "295",
        "price_per_unit": "3105",
        "price_unit": "KG"
      },
      {
        "state": "TAS",
        "price": "295",
        "price_per_unit": "3105",
        "price_unit": "KG"
      },
      {
        "state": "ACT",
        "price": "295",
        "price_per_unit": "3105",
        "price_unit": "KG"
      },
      {
        "state": "NT",
        "price": "310",
        "price_per_unit": "3263",
        "price_unit": "KG"
      }
    ]
  },
  {
    "source_url": "https://www.woolworths.com.au/shop/productdetails/884423/sirena-tuna-pesto",
    "name": "Sirena Tuna Pesto 95g",
    "image_url": "https://cdn1.woolworths.media/content/wowproductimages/large/884423.jpg",
    "source_id": "Woolworths - 884423",
    "barcode": "9350177000961",
    "shop": "Woolworths",
    "weight": "1KG",
    "prices": [
      {
        "state": "NSW",
        "price": "295",
        "price_per_unit": "3105",
        "price_unit": "KG"
      },
      {
        "state": "VIC",
        "price": "295",
        "price_per_unit": "3105",
        "price_unit": "KG"
      },
      {
        "state": "QLD",
        "price": "295",
        "price_per_unit": "3105",
        "price_unit": "KG"
      },
      {
        "state": "WA",
        "price": "295",
        "price_per_unit": "3105",
        "price_unit": "KG"
      },
      {
        "state": "SA",
        "price": "295",
        "price_per_unit": "3105",
        "price_unit": "KG"
      },
      {
        "state": "TAS",
        "price": "295",
        "price_per_unit": "3105",
        "price_unit": "KG"
      },
      {
        "state": "ACT",
        "price": "295",
        "price_per_unit": "3105",
        "price_unit": "KG"
      },
      {
        "state": "NT",
        "price": "310",
        "price_per_unit": "3263",
        "price_unit": "KG"
      }
    ]
  },
  {
    "source_url": "https://www.woolworths.com.au/shop/productdetails/883385/sirena-tuna-pink-green-black-peppercorn",
    "name": "Sirena Tuna Pink Green & Black Peppercorn 95g",
    "image_url": "https://cdn1.woolworths.media/content/wowproductimages/large/883385.jpg",
    "source_id": "Woolworths - 883385",
    "barcode": "9350177000978",
    "shop": "Woolworths",
    "weight": "1KG",
    "prices": [
      {
        "state": "NSW",
        "price": "295",
        "price_per_unit": "3105",
        "price_unit": "KG"
      },
      {
        "state": "VIC",
        "price": "295",
        "price_per_unit": "3105",
        "price_unit": "KG"
      },
      {
        "state": "QLD",
        "price": "295",
        "price_per_unit": "3105",
        "price_unit": "KG"
      },
      {
        "state": "WA",
        "price": "295",
        "price_per_unit": "3105",
        "price_unit": "KG"
      },
      {
        "state": "SA",
        "price": "295",
        "price_per_unit": "3105",
        "price_unit": "KG"
      },
      {
        "state": "TAS",
        "price": "295",
        "price_per_unit": "3105",
        "price_unit": "KG"
      },
      {
        "state": "ACT",
        "price": "295",
        "price_per_unit": "3105",
        "price_unit": "KG"
      },
      {
        "state": "NT",
        "price": "310",
        "price_per_unit": "3263",
        "price_unit": "KG"
      }
    ]
  },
  {
    "source_url": "https://www.woolworths.com.au/shop/productdetails/257374/sirena-tuna-slices-chilli-oil",
    "name": "Sirena Tuna Slices Chilli & Oil 125g",
    "image_url": "https://cdn1.woolworths.media/content/wowproductimages/large/257374.jpg",
    "source_id": "Woolworths - 257374",
    "barcode": "9350177000305",
    "shop": "Woolworths",
    "weight": "1KG",
    "prices": [
      {
        "state": "NSW",
        "price": "390",
        "price_per_unit": "3120",
        "price_unit": "KG"
      },
      {
        "state": "VIC",
        "price": "390",
        "price_per_unit": "3120",
        "price_unit": "KG"
      },
      {
        "state": "QLD",
        "price": "390",
        "price_per_unit": "3120",
        "price_unit": "KG"
      },
      {
        "state": "WA",
        "price": "390",
        "price_per_unit": "3120",
        "price_unit": "KG"
      },
      {
        "state": "SA",
        "price": "390",
        "price_per_unit": "3120",
        "price_unit": "KG"
      },
      {
        "state": "TAS",
        "price": "390",
        "price_per_unit": "3120",
        "price_unit": "KG"
      },
      {
        "state": "ACT",
        "price": "390",
        "price_per_unit": "3120",
        "price_unit": "KG"
      },
      {
        "state": "NT",
        "price": "410",
        "price_per_unit": "3280",
        "price_unit": "KG"
      }
    ]
  },
  {
    "source_url": "https://www.woolworths.com.au/shop/productdetails/170152/sirena-tuna-soy-ginger",
    "name": "Sirena Tuna Soy & Ginger 95g",
    "image_url": "https://cdn1.woolworths.media/content/wowproductimages/large/170152.jpg",
    "source_id": "Woolworths - 170152",
    "barcode": "9350177000046",
    "shop": "Woolworths",
    "weight": "1KG",
    "prices": [
      {
        "state": "NSW",
        "price": "295",
        "price_per_unit": "3105",
        "price_unit": "KG"
      },
      {
        "state": "VIC",
        "price": "295",
        "price_per_unit": "3105",
        "price_unit": "KG"
      },
      {
        "state": "QLD",
        "price": "295",
        "price_per_unit": "3105",
        "price_unit": "KG"
      },
      {
        "state": "WA",
        "price": "295",
        "price_per_unit": "3105",
        "price_unit": "KG"
      },
      {
        "state": "SA",
        "price": "295",
        "price_per_unit": "3105",
        "price_unit": "KG"
      },
      {
        "state": "TAS",
        "price": "295",
        "price_per_unit": "3105",
        "price_unit": "KG"
      },
      {
        "state": "ACT",
        "price": "295",
        "price_per_unit": "3105",
        "price_unit": "KG"
      },
      {
        "state": "NT",
        "price": "310",
        "price_per_unit": "3263",
        "price_unit": "KG"
      }
    ]
  },
  {
    "source_url": "https://www.woolworths.com.au/shop/productdetails/765751/sirena-tuna-springwater-in-springwater",
    "name": "Sirena Tuna Springwater In Springwater 425g",
    "image_url": "https://cdn1.woolworths.media/content/wowproductimages/large/765751.jpg",
    "source_id": "Woolworths - 765751",
    "barcode": "9300637200301",
    "shop": "Woolworths",
    "weight": "1KG",
    "prices": [
      {
        "state": "NSW",
        "price": "750",
        "price_per_unit": "1765",
        "price_unit": "KG"
      },
      {
        "state": "VIC",
        "price": "750",
        "price_per_unit": "1765",
        "price_unit": "KG"
      },
      {
        "state": "QLD",
        "price": "750",
        "price_per_unit": "1765",
        "price_unit": "KG"
      },
      {
        "state": "WA",
        "price": "750",
        "price_per_unit": "1765",
        "price_unit": "KG"
      },
      {
        "state": "SA",
        "price": "750",
        "price_per_unit": "1765",
        "price_unit": "KG"
      },
      {
        "state": "TAS",
        "price": "750",
        "price_per_unit": "1765",
        "price_unit": "KG"
      },
      {
        "state": "ACT",
        "price": "750",
        "price_per_unit": "1765",
        "price_unit": "KG"
      },
      {
        "state": "NT",
        "price": "790",
        "price_per_unit": "1859",
        "price_unit": "KG"
      }
    ]
  },
  {
    "source_url": "https://www.woolworths.com.au/shop/productdetails/322340/sirena-tuna-sweet-chilli",
    "name": "Sirena Tuna Sweet Chilli 95g",
    "image_url": "https://cdn1.woolworths.media/content/wowproductimages/large/322340.jpg",
    "source_id": "Woolworths - 322340",
    "barcode": "9350177000886",
    "shop": "Woolworths",
    "weight": "1KG",
    "prices": [
      {
        "state": "NSW",
        "price": "295",
        "price_per_unit": "3105",
        "price_unit": "KG"
      },
      {
        "state": "VIC",
        "price": "295",
        "price_per_unit": "3105",
        "price_unit": "KG"
      },
      {
        "state": "QLD",
        "price": "295",
        "price_per_unit": "3105",
        "price_unit": "KG"
      },
      {
        "state": "WA",
        "price": "295",
        "price_per_unit": "3105",
        "price_unit": "KG"
      },
      {
        "state": "SA",
        "price": "295",
        "price_per_unit": "3105",
        "price_unit": "KG"
      },
      {
        "state": "TAS",
        "price": "295",
        "price_per_unit": "3105",
        "price_unit": "KG"
      },
      {
        "state": "ACT",
        "price": "295",
        "price_per_unit": "3105",
        "price_unit": "KG"
      },
      {
        "state": "NT",
        "price": "310",
        "price_per_unit": "3263",
        "price_unit": "KG"
      }
    ]
  },
  {
    "source_url": "https://www.woolworths.com.au/shop/productdetails/804464/sirena-tuna-thai-curry-noodles",
    "name": "Sirena Tuna Thai Curry Noodles 170g",
    "image_url": "https://cdn1.woolworths.media/content/wowproductimages/large/804464.jpg",
    "source_id": "Woolworths - 804464",
    "barcode": "9350177001135",
    "shop": "Woolworths",
    "weight": "1KG",
    "prices": [
      {
        "state": "NSW",
        "price": "330",
        "price_per_unit": "1941",
        "price_unit": "KG"
      },
      {
        "state": "VIC",
        "price": "330",
        "price_per_unit": "1941",
        "price_unit": "KG"
      },
      {
        "state": "QLD",
        "price": "330",
        "price_per_unit": "1941",
        "price_unit": "KG"
      },
      {
        "state": "WA",
        "price": "330",
        "price_per_unit": "1941",
        "price_unit": "KG"
      },
      {
        "state": "SA",
        "price": "330",
        "price_per_unit": "1941",
        "price_unit": "KG"
      },
      {
        "state": "TAS",
        "price": "430",
        "price_per_unit": "2529",
        "price_unit": "KG"
      },
      {
        "state": "ACT",
        "price": "430",
        "price_per_unit": "2529",
        "price_unit": "KG"
      },
      {
        "state": "NT",
        "price": "450",
        "price_per_unit": "2647",
        "price_unit": "KG"
      }
    ]
  },
  {
    "source_url": "https://www.woolworths.com.au/shop/productdetails/26137/sirena-tuna-triple-chilli",
    "name": "Sirena Tuna Triple Chilli 95g",
    "image_url": "https://cdn1.woolworths.media/content/wowproductimages/large/026137.jpg",
    "source_id": "Woolworths - 26137",
    "barcode": "9350177000435",
    "shop": "Woolworths",
    "weight": "1KG",
    "prices": [
      {
        "state": "NSW",
        "price": "295",
        "price_per_unit": "3105",
        "price_unit": "KG"
      },
      {
        "state": "VIC",
        "price": "295",
        "price_per_unit": "3105",
        "price_unit": "KG"
      },
      {
        "state": "QLD",
        "price": "295",
        "price_per_unit": "3105",
        "price_unit": "KG"
      },
      {
        "state": "WA",
        "price": "295",
        "price_per_unit": "3105",
        "price_unit": "KG"
      },
      {
        "state": "SA",
        "price": "295",
        "price_per_unit": "3105",
        "price_unit": "KG"
      },
      {
        "state": "TAS",
        "price": "295",
        "price_per_unit": "3105",
        "price_unit": "KG"
      },
      {
        "state": "ACT",
        "price": "295",
        "price_per_unit": "3105",
        "price_unit": "KG"
      },
      {
        "state": "NT",
        "price": "310",
        "price_per_unit": "3263",
        "price_unit": "KG"
      }
    ]
  },
  {
    "source_url": "https://www.woolworths.com.au/shop/productdetails/884022/sirena-tuna-zesty-vinaigrette",
    "name": "Sirena Tuna Zesty Vinaigrette 95g",
    "image_url": "https://cdn1.woolworths.media/content/wowproductimages/large/884022.jpg",
    "source_id": "Woolworths - 884022",
    "barcode": "9350177000985",
    "shop": "Woolworths",
    "weight": "1KG",
    "prices": [
      {
        "state": "NSW",
        "price": "295",
        "price_per_unit": "3105",
        "price_unit": "KG"
      },
      {
        "state": "VIC",
        "price": "295",
        "price_per_unit": "3105",
        "price_unit": "KG"
      },
      {
        "state": "QLD",
        "price": "295",
        "price_per_unit": "3105",
        "price_unit": "KG"
      },
      {
        "state": "WA",
        "price": "295",
        "price_per_unit": "3105",
        "price_unit": "KG"
      },
      {
        "state": "SA",
        "price": "295",
        "price_per_unit": "3105",
        "price_unit": "KG"
      },
      {
        "state": "TAS",
        "price": "295",
        "price_per_unit": "3105",
        "price_unit": "KG"
      },
      {
        "state": "ACT",
        "price": "295",
        "price_per_unit": "3105",
        "price_unit": "KG"
      },
      {
        "state": "NT",
        "price": "310",
        "price_per_unit": "3263",
        "price_unit": "KG"
      }
    ]
  },
  {
    "source_url": "https://www.woolworths.com.au/shop/productdetails/1075252459/vigilante-atun-claro-a-la-gallega-picante-spain-spanish-yellowfin-tuna-in-hot-galican-sauce-115g-4-pack-total-460g",
    "name": "Vigilante Atun Claro a la Gallega Picante Spain - Spanish Yellowfin Tuna in Hot Galican Sauce 115g - 4 Pack Total 460g",
    "image_url": "https://cdn1.woolworths.media/content/wowproductimages/large/1075252459.jpg",
    "source_id": "Woolworths - 1075252459",
    "barcode": null,
    "shop": "Woolworths",
    "weight": "1EA",
    "prices": [
      {
        "state": "NSW",
        "price": "2000",
        "price_per_unit": "500",
        "price_unit": "EA"
      },
      {
        "state": "VIC",
        "price": "2000",
        "price_per_unit": "500",
        "price_unit": "EA"
      },
      {
        "state": "QLD",
        "price": "2000",
        "price_per_unit": "500",
        "price_unit": "EA"
      },
      {
        "state": "WA",
        "price": "2000",
        "price_per_unit": "500",
        "price_unit": "EA"
      },
      {
        "state": "SA",
        "price": "2000",
        "price_per_unit": "500",
        "price_unit": "EA"
      },
      {
        "state": "TAS",
        "price": "2000",
        "price_per_unit": "500",
        "price_unit": "EA"
      },
      {
        "state": "ACT",
        "price": "2000",
        "price_per_unit": "500",
        "price_unit": "EA"
      },
      {
        "state": "NT",
        "price": "2000",
        "price_per_unit": "500",
        "price_unit": "EA"
      }
    ]
  },
  {
    "source_url": "https://www.woolworths.com.au/shop/productdetails/1075252458/vigilante-atun-en-tomate-spanish-tuna-in-tomato-sauce-111g-4-pack-total-444g",
    "name": "Vigilante Atun en Tomate - Spanish Tuna in Tomato Sauce 111g - 4 Pack Total 444g",
    "image_url": "https://cdn1.woolworths.media/content/wowproductimages/large/1075252458.jpg",
    "source_id": "Woolworths - 1075252458",
    "barcode": null,
    "shop": "Woolworths",
    "weight": "1EA",
    "prices": [
      {
        "state": "NSW",
        "price": "2000",
        "price_per_unit": "500",
        "price_unit": "EA"
      },
      {
        "state": "VIC",
        "price": "2000",
        "price_per_unit": "500",
        "price_unit": "EA"
      },
      {
        "state": "QLD",
        "price": "2000",
        "price_per_unit": "500",
        "price_unit": "EA"
      },
      {
        "state": "WA",
        "price": "2000",
        "price_per_unit": "500",
        "price_unit": "EA"
      },
      {
        "state": "SA",
        "price": "2000",
        "price_per_unit": "500",
        "price_unit": "EA"
      },
      {
        "state": "TAS",
        "price": "2000",
        "price_per_unit": "500",
        "price_unit": "EA"
      },
      {
        "state": "ACT",
        "price": "2000",
        "price_per_unit": "500",
        "price_unit": "EA"
      },
      {
        "state": "NT",
        "price": "2000",
        "price_per_unit": "500",
        "price_unit": "EA"
      }
    ]
  },
  {
    "source_url": "https://www.woolworths.com.au/shop/productdetails/1075252592/vigilante-bonito-del-norte-en-aceite-de-oliva-spanish-white-tuna-in-olive-oil-115g-4-pack-total-460g",
    "name": "Vigilante Bonito del Norte en Aceite de Oliva - Spanish White Tuna in Olive Oil 115g - 4 Pack Total 460g",
    "image_url": "https://cdn1.woolworths.media/content/wowproductimages/large/1075252592.jpg",
    "source_id": "Woolworths - 1075252592",
    "barcode": null,
    "shop": "Woolworths",
    "weight": "1EA",
    "prices": [
      {
        "state": "NSW",
        "price": "2400",
        "price_per_unit": "600",
        "price_unit": "EA"
      },
      {
        "state": "VIC",
        "price": "2400",
        "price_per_unit": "600",
        "price_unit": "EA"
      },
      {
        "state": "QLD",
        "price": "2400",
        "price_per_unit": "600",
        "price_unit": "EA"
      },
      {
        "state": "WA",
        "price": "2400",
        "price_per_unit": "600",
        "price_unit": "EA"
      },
      {
        "state": "SA",
        "price": "2400",
        "price_per_unit": "600",
        "price_unit": "EA"
      },
      {
        "state": "TAS",
        "price": "2400",
        "price_per_unit": "600",
        "price_unit": "EA"
      },
      {
        "state": "ACT",
        "price": "2400",
        "price_per_unit": "600",
        "price_unit": "EA"
      },
      {
        "state": "NT",
        "price": "2400",
        "price_per_unit": "600",
        "price_unit": "EA"
      }
    ]
  },
  {
    "source_url": "https://www.woolworths.com.au/shop/productdetails/1075252593/vigilante-bonito-del-norte-filetes-en-aceite-de-oliva-spanish-white-tuna-fillets-in-olive-oil-115g-4-pack-total-640g",
    "name": "Vigilante Bonito del Norte Filetes en Aceite de Oliva  - Spanish White Tuna Fillets in Olive Oil 115g - 4 Pack Total 640g",
    "image_url": "https://cdn1.woolworths.media/content/wowproductimages/large/1075252593.jpg",
    "source_id": "Woolworths - 1075252593",
    "barcode": null,
    "shop": "Woolworths",
    "weight": "1EA",
    "prices": [
      {
        "state": "NSW",
        "price": "6000",
        "price_per_unit": "1500",
        "price_unit": "EA"
      },
      {
        "state": "VIC",
        "price": "6000",
        "price_per_unit": "1500",
        "price_unit": "EA"
      },
      {
        "state": "QLD",
        "price": "6000",
        "price_per_unit": "1500",
        "price_unit": "EA"
      },
      {
        "state": "WA",
        "price": "6000",
        "price_per_unit": "1500",
        "price_unit": "EA"
      },
      {
        "state": "SA",
        "price": "6000",
        "price_per_unit": "1500",
        "price_unit": "EA"
      },
      {
        "state": "TAS",
        "price": "6000",
        "price_per_unit": "1500",
        "price_unit": "EA"
      },
      {
        "state": "ACT",
        "price": "6000",
        "price_per_unit": "1500",
        "price_unit": "EA"
      },
      {
        "state": "NT",
        "price": "6000",
        "price_per_unit": "1500",
        "price_unit": "EA"
      }
    ]
  },
  {
    "source_url": "https://www.woolworths.com.au/shop/productdetails/1075252610/vigilante-ventresca-de-atun-claro-en-aceite-de-oliva-spain-light-tuna-belly-in-olive-oil-115g-4-pack-total-640g",
    "name": "Vigilante Ventresca de Atun Claro en Aceite de Oliva Spain - Light Tuna Belly in Olive Oil 115g - 4 Pack Total 640g",
    "image_url": "https://cdn1.woolworths.media/content/wowproductimages/large/1075252610.jpg",
    "source_id": "Woolworths - 1075252610",
    "barcode": null,
    "shop": "Woolworths",
    "weight": "1EA",
    "prices": [
      {
        "state": "NSW",
        "price": "3600",
        "price_per_unit": "900",
        "price_unit": "EA"
      },
      {
        "state": "VIC",
        "price": "3600",
        "price_per_unit": "900",
        "price_unit": "EA"
      },
      {
        "state": "QLD",
        "price": "3600",
        "price_per_unit": "900",
        "price_unit": "EA"
      },
      {
        "state": "WA",
        "price": "3600",
        "price_per_unit": "900",
        "price_unit": "EA"
      },
      {
        "state": "SA",
        "price": "3600",
        "price_per_unit": "900",
        "price_unit": "EA"
      },
      {
        "state": "TAS",
        "price": "3600",
        "price_per_unit": "900",
        "price_unit": "EA"
      },
      {
        "state": "ACT",
        "price": "3600",
        "price_per_unit": "900",
        "price_unit": "EA"
      },
      {
        "state": "NT",
        "price": "3600",
        "price_per_unit": "900",
        "price_unit": "EA"
      }
    ]
  },
  {
    "source_url": "https://www.woolworths.com.au/shop/productdetails/54029/walker-s-tuna-preserved-australian-albacore-tuna",
    "name": "Walker's Tuna Preserved Australian Albacore Tuna 70g",
    "image_url": "https://cdn1.woolworths.media/content/wowproductimages/large/054029.jpg",
    "source_id": "Woolworths - 54029",
    "barcode": "9309001734022",
    "shop": "Woolworths",
    "weight": "100G",
    "prices": [
      {
        "state": "NSW",
        "price": "600",
        "price_per_unit": "857",
        "price_unit": "G"
      },
      {
        "state": "TAS",
        "price": "600",
        "price_per_unit": "857",
        "price_unit": "G"
      }
    ]
  },
  {
    "source_url": "https://www.woolworths.com.au/shop/productdetails/55271/walker-s-tuna-preserved-australian-albacore-tuna-with-chilli",
    "name": "Walker's Tuna Preserved Australian Albacore Tuna With Chilli 200g",
    "image_url": "https://cdn1.woolworths.media/content/wowproductimages/large/055271.jpg",
    "source_id": "Woolworths - 55271",
    "barcode": "9309001734015",
    "shop": "Woolworths",
    "weight": "100G",
    "prices": [
      {
        "state": "NSW",
        "price": "1500",
        "price_per_unit": "750",
        "price_unit": "G"
      },
      {
        "state": "TAS",
        "price": "1500",
        "price_per_unit": "750",
        "price_unit": "G"
      }
    ]
  },
  {
    "source_url": "https://www.woolworths.com.au/shop/productdetails/827211/woolworths-lemon-and-pepper-tuna",
    "name": "Woolworths Lemon And Pepper Tuna 95g",
    "image_url": "https://cdn1.woolworths.media/content/wowproductimages/large/827211.jpg",
    "source_id": "Woolworths - 827211",
    "barcode": "9300633714376",
    "shop": "Woolworths",
    "weight": "1KG",
    "prices": [
      {
        "state": "NSW",
        "price": "110",
        "price_per_unit": "1158",
        "price_unit": "KG"
      },
      {
        "state": "VIC",
        "price": "110",
        "price_per_unit": "1158",
        "price_unit": "KG"
      },
      {
        "state": "TAS",
        "price": "110",
        "price_per_unit": "1158",
        "price_unit": "KG"
      },
      {
        "state": "ACT",
        "price": "110",
        "price_per_unit": "1158",
        "price_unit": "KG"
      },
      {
        "state": "NT",
        "price": "115",
        "price_per_unit": "1211",
        "price_unit": "KG"
      }
    ]
  },
  {
    "source_url": "https://www.woolworths.com.au/shop/productdetails/504967/woolworths-salmon-crackers-snack-pack-mayonnaise-corn",
    "name": "Woolworths Salmon & Crackers Snack Pack Mayonnaise & Corn 112g",
    "image_url": "https://cdn1.woolworths.media/content/wowproductimages/large/504967.jpg",
    "source_id": "Woolworths - 504967",
    "barcode": "9339687362851",
    "shop": "Woolworths",
    "weight": "1KG",
    "prices": [
      {
        "state": "NSW",
        "price": "250",
        "price_per_unit": "2232",
        "price_unit": "KG"
      },
      {
        "state": "VIC",
        "price": "250",
        "price_per_unit": "2232",
        "price_unit": "KG"
      },
      {
        "state": "TAS",
        "price": "250",
        "price_per_unit": "2232",
        "price_unit": "KG"
      },
      {
        "state": "NT",
        "price": "250",
        "price_per_unit": "2232",
        "price_unit": "KG"
      }
    ]
  },
  {
    "source_url": "https://www.woolworths.com.au/shop/productdetails/504965/woolworths-salmon-crackers-snack-pack-mayonnaise-with-smoked-flavour",
    "name": "Woolworths Salmon & Crackers Snack Pack Mayonnaise With Smoked Flavour 112g",
    "image_url": "https://cdn1.woolworths.media/content/wowproductimages/large/504965.jpg",
    "source_id": "Woolworths - 504965",
    "barcode": "9339687362837",
    "shop": "Woolworths",
    "weight": "1KG",
    "prices": [
      {
        "state": "NSW",
        "price": "250",
        "price_per_unit": "2232",
        "price_unit": "KG"
      },
      {
        "state": "VIC",
        "price": "250",
        "price_per_unit": "2232",
        "price_unit": "KG"
      },
      {
        "state": "TAS",
        "price": "250",
        "price_per_unit": "2232",
        "price_unit": "KG"
      },
      {
        "state": "NT",
        "price": "250",
        "price_per_unit": "2232",
        "price_unit": "KG"
      }
    ]
  },
  {
    "source_url": "https://www.woolworths.com.au/shop/productdetails/504966/woolworths-salmon-crackers-snack-pack-spicy-mayonnaise",
    "name": "Woolworths Salmon & Crackers Snack Pack Spicy Mayonnaise 112g",
    "image_url": "https://cdn1.woolworths.media/content/wowproductimages/large/504966.jpg",
    "source_id": "Woolworths - 504966",
    "barcode": "9339687362844",
    "shop": "Woolworths",
    "weight": "1KG",
    "prices": [
      {
        "state": "NSW",
        "price": "250",
        "price_per_unit": "2232",
        "price_unit": "KG"
      },
      {
        "state": "VIC",
        "price": "250",
        "price_per_unit": "2232",
        "price_unit": "KG"
      },
      {
        "state": "TAS",
        "price": "250",
        "price_per_unit": "2232",
        "price_unit": "KG"
      },
      {
        "state": "NT",
        "price": "250",
        "price_per_unit": "2232",
        "price_unit": "KG"
      }
    ]
  },
  {
    "source_url": "https://www.woolworths.com.au/shop/productdetails/476702/woolworths-tuna-chilli",
    "name": "Woolworths Tuna Chilli 95g",
    "image_url": "https://cdn1.woolworths.media/content/wowproductimages/large/476702.jpg",
    "source_id": "Woolworths - 476702",
    "barcode": "9300633584559",
    "shop": "Woolworths",
    "weight": "1KG",
    "prices": [
      {
        "state": "NSW",
        "price": "110",
        "price_per_unit": "1158",
        "price_unit": "KG"
      },
      {
        "state": "VIC",
        "price": "110",
        "price_per_unit": "1158",
        "price_unit": "KG"
      },
      {
        "state": "TAS",
        "price": "110",
        "price_per_unit": "1158",
        "price_unit": "KG"
      },
      {
        "state": "NT",
        "price": "115",
        "price_per_unit": "1211",
        "price_unit": "KG"
      }
    ]
  },
  {
    "source_url": "https://www.woolworths.com.au/shop/productdetails/476701/woolworths-tuna-in-oil",
    "name": "Woolworths Tuna In Oil 95g",
    "image_url": "https://cdn1.woolworths.media/content/wowproductimages/large/476701.jpg",
    "source_id": "Woolworths - 476701",
    "barcode": "9339687363186",
    "shop": "Woolworths",
    "weight": "1KG",
    "prices": [
      {
        "state": "NSW",
        "price": "110",
        "price_per_unit": "1158",
        "price_unit": "KG"
      },
      {
        "state": "VIC",
        "price": "110",
        "price_per_unit": "1158",
        "price_unit": "KG"
      },
      {
        "state": "TAS",
        "price": "110",
        "price_per_unit": "1158",
        "price_unit": "KG"
      },
      {
        "state": "NT",
        "price": "115",
        "price_per_unit": "1211",
        "price_unit": "KG"
      }
    ]
  },
  {
    "source_url": "https://www.woolworths.com.au/shop/productdetails/476700/woolworths-tuna-in-springwater",
    "name": "Woolworths Tuna In Springwater 95g",
    "image_url": "https://cdn1.woolworths.media/content/wowproductimages/large/476700.jpg",
    "source_id": "Woolworths - 476700",
    "barcode": "9339687363179",
    "shop": "Woolworths",
    "weight": "1KG",
    "prices": [
      {
        "state": "NSW",
        "price": "110",
        "price_per_unit": "1158",
        "price_unit": "KG"
      },
      {
        "state": "VIC",
        "price": "110",
        "price_per_unit": "1158",
        "price_unit": "KG"
      },
      {
        "state": "TAS",
        "price": "110",
        "price_per_unit": "1158",
        "price_unit": "KG"
      },
      {
        "state": "NT",
        "price": "115",
        "price_per_unit": "1211",
        "price_unit": "KG"
      }
    ]
  },
  {
    "source_url": "https://www.woolworths.com.au/shop/productdetails/827213/woolworths-tuna-mayonnaise-corn",
    "name": "Woolworths Tuna Mayonnaise & Corn 95g",
    "image_url": "https://cdn1.woolworths.media/content/wowproductimages/large/827213.jpg",
    "source_id": "Woolworths - 827213",
    "barcode": "9300633714390",
    "shop": "Woolworths",
    "weight": "1KG",
    "prices": [
      {
        "state": "NSW",
        "price": "110",
        "price_per_unit": "1158",
        "price_unit": "KG"
      },
      {
        "state": "VIC",
        "price": "110",
        "price_per_unit": "1158",
        "price_unit": "KG"
      },
      {
        "state": "TAS",
        "price": "110",
        "price_per_unit": "1158",
        "price_unit": "KG"
      },
      {
        "state": "NT",
        "price": "115",
        "price_per_unit": "1211",
        "price_unit": "KG"
      }
    ]
  },
  {
    "source_url": "https://www.woolworths.com.au/shop/productdetails/827218/woolworths-tuna-sweet-chilli",
    "name": "Woolworths Tuna Sweet Chilli 95g",
    "image_url": "https://cdn1.woolworths.media/content/wowproductimages/large/827218.jpg",
    "source_id": "Woolworths - 827218",
    "barcode": "9300633714444",
    "shop": "Woolworths",
    "weight": "1KG",
    "prices": [
      {
        "state": "NSW",
        "price": "110",
        "price_per_unit": "1158",
        "price_unit": "KG"
      },
      {
        "state": "VIC",
        "price": "110",
        "price_per_unit": "1158",
        "price_unit": "KG"
      },
      {
        "state": "TAS",
        "price": "110",
        "price_per_unit": "1158",
        "price_unit": "KG"
      },
      {
        "state": "NT",
        "price": "115",
        "price_per_unit": "1211",
        "price_unit": "KG"
      }
    ]
  },
  {
    "source_url": "https://www.woolworths.com.au/shop/productdetails/476704/woolworths-tuna-tomato-basil",
    "name": "Woolworths Tuna Tomato & Basil 95g",
    "image_url": "https://cdn1.woolworths.media/content/wowproductimages/large/476704.jpg",
    "source_id": "Woolworths - 476704",
    "barcode": "9300633584566",
    "shop": "Woolworths",
    "weight": "1KG",
    "prices": [
      {
        "state": "NSW",
        "price": "110",
        "price_per_unit": "1158",
        "price_unit": "KG"
      },
      {
        "state": "VIC",
        "price": "110",
        "price_per_unit": "1158",
        "price_unit": "KG"
      },
      {
        "state": "TAS",
        "price": "110",
        "price_per_unit": "1158",
        "price_unit": "KG"
      },
      {
        "state": "NT",
        "price": "115",
        "price_per_unit": "1211",
        "price_unit": "KG"
      }
    ]
  },
  {
    "source_url": "https://www.woolworths.com.au/shop/productdetails/827217/woolworths-tuna-tomato-and-onion",
    "name": "Woolworths Tuna Tomato And Onion 95g",
    "image_url": "https://cdn1.woolworths.media/content/wowproductimages/large/827217.jpg",
    "source_id": "Woolworths - 827217",
    "barcode": "9300633714437",
    "shop": "Woolworths",
    "weight": "1KG",
    "prices": [
      {
        "state": "NSW",
        "price": "110",
        "price_per_unit": "1158",
        "price_unit": "KG"
      },
      {
        "state": "VIC",
        "price": "110",
        "price_per_unit": "1158",
        "price_unit": "KG"
      },
      {
        "state": "TAS",
        "price": "110",
        "price_per_unit": "1158",
        "price_unit": "KG"
      },
      {
        "state": "NT",
        "price": "115",
        "price_per_unit": "1211",
        "price_unit": "KG"
      }
    ]
  },
  {
    "source_url": "https://www.woolworths.com.au/shop/productdetails/132885/woolworths-wild-alaskan-salmon-lentil-salad",
    "name": "Woolworths Wild Alaskan Salmon & Lentil Salad 185g",
    "image_url": "https://cdn1.woolworths.media/content/wowproductimages/large/132885.jpg",
    "source_id": "Woolworths - 132885",
    "barcode": "9339687221646",
    "shop": "Woolworths",
    "weight": "1KG",
    "prices": [
      {
        "state": "NSW",
        "price": "350",
        "price_per_unit": "1892",
        "price_unit": "KG"
      },
      {
        "state": "VIC",
        "price": "350",
        "price_per_unit": "1892",
        "price_unit": "KG"
      },
      {
        "state": "TAS",
        "price": "350",
        "price_per_unit": "1892",
        "price_unit": "KG"
      },
      {
        "state": "NT",
        "price": "370",
        "price_per_unit": "2000",
        "price_unit": "KG"
      }
    ]
  },
  {
    "source_url": "https://www.woolworths.com.au/shop/productdetails/92591/essentials-tuna-in-brine",
    "name": "Essentials Tuna In Brine 425g",
    "image_url": "https://cdn1.woolworths.media/content/wowproductimages/large/092591.jpg",
    "source_id": "Woolworths - 92591",
    "barcode": "9339687384372",
    "shop": "Woolworths",
    "weight": "1KG",
    "prices": [
      {
        "state": "VIC",
        "price": "330",
        "price_per_unit": "776",
        "price_unit": "KG"
      },
      {
        "state": "QLD",
        "price": "330",
        "price_per_unit": "776",
        "price_unit": "KG"
      },
      {
        "state": "WA",
        "price": "330",
        "price_per_unit": "776",
        "price_unit": "KG"
      },
      {
        "state": "SA",
        "price": "330",
        "price_per_unit": "776",
        "price_unit": "KG"
      },
      {
        "state": "TAS",
        "price": "330",
        "price_per_unit": "776",
        "price_unit": "KG"
      },
      {
        "state": "ACT",
        "price": "330",
        "price_per_unit": "776",
        "price_unit": "KG"
      },
      {
        "state": "NT",
        "price": "330",
        "price_per_unit": "776",
        "price_unit": "KG"
      }
    ]
  },
  {
    "source_url": "https://www.woolworths.com.au/shop/productdetails/22867/john-west-chunk-style-tuna-in-olive-oil-value-pack",
    "name": "John West Chunk Style Tuna In Olive Oil Value Pack 95g x 12 pack",
    "image_url": "https://cdn1.woolworths.media/content/wowproductimages/large/022867.jpg",
    "source_id": "Woolworths - 22867",
    "barcode": "9300462136264",
    "shop": "Woolworths",
    "weight": "1KG",
    "prices": [
      {
        "state": "VIC",
        "price": "1620",
        "price_per_unit": "1421",
        "price_unit": "KG"
      },
      {
        "state": "QLD",
        "price": "1620",
        "price_per_unit": "1421",
        "price_unit": "KG"
      },
      {
        "state": "WA",
        "price": "1620",
        "price_per_unit": "1421",
        "price_unit": "KG"
      },
      {
        "state": "SA",
        "price": "1620",
        "price_per_unit": "1421",
        "price_unit": "KG"
      },
      {
        "state": "TAS",
        "price": "1620",
        "price_per_unit": "1421",
        "price_unit": "KG"
      },
      {
        "state": "ACT",
        "price": "1620",
        "price_per_unit": "1421",
        "price_unit": "KG"
      },
      {
        "state": "NT",
        "price": "1620",
        "price_per_unit": "1421",
        "price_unit": "KG"
      }
    ]
  },
  {
    "source_url": "https://www.woolworths.com.au/shop/productdetails/44011/john-west-chunk-style-tuna-in-springwater-value-pack",
    "name": "John West Chunk Style Tuna In Springwater Value Pack 95g x 12 pack",
    "image_url": "https://cdn1.woolworths.media/content/wowproductimages/large/044011.jpg",
    "source_id": "Woolworths - 44011",
    "barcode": "9300462136271",
    "shop": "Woolworths",
    "weight": "1KG",
    "prices": [
      {
        "state": "VIC",
        "price": "1620",
        "price_per_unit": "1421",
        "price_unit": "KG"
      },
      {
        "state": "QLD",
        "price": "1620",
        "price_per_unit": "1421",
        "price_unit": "KG"
      },
      {
        "state": "WA",
        "price": "1620",
        "price_per_unit": "1421",
        "price_unit": "KG"
      },
      {
        "state": "SA",
        "price": "1620",
        "price_per_unit": "1421",
        "price_unit": "KG"
      },
      {
        "state": "TAS",
        "price": "1620",
        "price_per_unit": "1421",
        "price_unit": "KG"
      },
      {
        "state": "ACT",
        "price": "1620",
        "price_per_unit": "1421",
        "price_unit": "KG"
      },
      {
        "state": "NT",
        "price": "1620",
        "price_per_unit": "1421",
        "price_unit": "KG"
      }
    ]
  },
  {
    "source_url": "https://www.woolworths.com.au/shop/productdetails/758016/john-west-chunk-style-tuna-in-springwater-value-pack",
    "name": "John West Chunk Style Tuna In Springwater Value Pack 95g x 3 pack",
    "image_url": "https://cdn1.woolworths.media/content/wowproductimages/large/758016.jpg",
    "source_id": "Woolworths - 758016",
    "barcode": "9300462135694",
    "shop": "Woolworths",
    "weight": "1KG",
    "prices": [
      {
        "state": "VIC",
        "price": "495",
        "price_per_unit": "1737",
        "price_unit": "KG"
      },
      {
        "state": "QLD",
        "price": "495",
        "price_per_unit": "1737",
        "price_unit": "KG"
      },
      {
        "state": "WA",
        "price": "495",
        "price_per_unit": "1737",
        "price_unit": "KG"
      },
      {
        "state": "SA",
        "price": "495",
        "price_per_unit": "1737",
        "price_unit": "KG"
      },
      {
        "state": "TAS",
        "price": "495",
        "price_per_unit": "1737",
        "price_unit": "KG"
      },
      {
        "state": "ACT",
        "price": "495",
        "price_per_unit": "1737",
        "price_unit": "KG"
      },
      {
        "state": "NT",
        "price": "495",
        "price_per_unit": "1737",
        "price_unit": "KG"
      }
    ]
  },
  {
    "source_url": "https://www.woolworths.com.au/shop/productdetails/780494/john-west-chunk-style-tuna-oil-in-olive-oil-blend",
    "name": "John West Chunk Style Tuna Oil In Olive Oil Blend 95g x 3 pack",
    "image_url": "https://cdn1.woolworths.media/content/wowproductimages/large/780494.jpg",
    "source_id": "Woolworths - 780494",
    "barcode": "9300462135700",
    "shop": "Woolworths",
    "weight": "1KG",
    "prices": [
      {
        "state": "VIC",
        "price": "495",
        "price_per_unit": "1737",
        "price_unit": "KG"
      },
      {
        "state": "QLD",
        "price": "495",
        "price_per_unit": "1737",
        "price_unit": "KG"
      },
      {
        "state": "WA",
        "price": "495",
        "price_per_unit": "1737",
        "price_unit": "KG"
      },
      {
        "state": "SA",
        "price": "495",
        "price_per_unit": "1737",
        "price_unit": "KG"
      },
      {
        "state": "TAS",
        "price": "495",
        "price_per_unit": "1737",
        "price_unit": "KG"
      },
      {
        "state": "ACT",
        "price": "495",
        "price_per_unit": "1737",
        "price_unit": "KG"
      },
      {
        "state": "NT",
        "price": "495",
        "price_per_unit": "1737",
        "price_unit": "KG"
      }
    ]
  },
  {
    "source_url": "https://www.woolworths.com.au/shop/productdetails/30023/john-west-chunky-tuna-in-brine",
    "name": "John West Chunky Tuna In Brine 425g",
    "image_url": "https://cdn1.woolworths.media/content/wowproductimages/large/030023.jpg",
    "source_id": "Woolworths - 30023",
    "barcode": "9300654000069",
    "shop": "Woolworths",
    "weight": "1KG",
    "prices": [
      {
        "state": "VIC",
        "price": "550",
        "price_per_unit": "1294",
        "price_unit": "KG"
      },
      {
        "state": "QLD",
        "price": "550",
        "price_per_unit": "1294",
        "price_unit": "KG"
      },
      {
        "state": "WA",
        "price": "550",
        "price_per_unit": "1294",
        "price_unit": "KG"
      },
      {
        "state": "SA",
        "price": "550",
        "price_per_unit": "1294",
        "price_unit": "KG"
      },
      {
        "state": "TAS",
        "price": "550",
        "price_per_unit": "1294",
        "price_unit": "KG"
      },
      {
        "state": "ACT",
        "price": "550",
        "price_per_unit": "1294",
        "price_unit": "KG"
      },
      {
        "state": "NT",
        "price": "550",
        "price_per_unit": "1294",
        "price_unit": "KG"
      }
    ]
  },
  {
    "source_url": "https://www.woolworths.com.au/shop/productdetails/167165/john-west-protein-iron-tuna-bowl-capsicum-kidney-bean-chickpeas",
    "name": "John West Protein+ Iron Tuna Bowl Capsicum Kidney Bean Chickpeas 170g",
    "image_url": "https://cdn1.woolworths.media/content/wowproductimages/large/167165.jpg",
    "source_id": "Woolworths - 167165",
    "barcode": "9300462129167",
    "shop": "Woolworths",
    "weight": "1KG",
    "prices": [
      {
        "state": "VIC",
        "price": "400",
        "price_per_unit": "2353",
        "price_unit": "KG"
      },
      {
        "state": "QLD",
        "price": "400",
        "price_per_unit": "2353",
        "price_unit": "KG"
      },
      {
        "state": "WA",
        "price": "400",
        "price_per_unit": "2353",
        "price_unit": "KG"
      },
      {
        "state": "SA",
        "price": "400",
        "price_per_unit": "2353",
        "price_unit": "KG"
      },
      {
        "state": "TAS",
        "price": "400",
        "price_per_unit": "2353",
        "price_unit": "KG"
      },
      {
        "state": "NT",
        "price": "400",
        "price_per_unit": "2353",
        "price_unit": "KG"
      }
    ]
  },
  {
    "source_url": "https://www.woolworths.com.au/shop/productdetails/167376/john-west-protein-mag-tuna-bowl-brown-rice-corn-black-beans-chilli",
    "name": "John West Protein+ Mag Tuna Bowl Brown Rice, Corn, Black Beans Chilli 170g",
    "image_url": "https://cdn1.woolworths.media/content/wowproductimages/large/167376.jpg",
    "source_id": "Woolworths - 167376",
    "barcode": "9300462129112",
    "shop": "Woolworths",
    "weight": "1KG",
    "prices": [
      {
        "state": "VIC",
        "price": "400",
        "price_per_unit": "2353",
        "price_unit": "KG"
      },
      {
        "state": "QLD",
        "price": "400",
        "price_per_unit": "2353",
        "price_unit": "KG"
      },
      {
        "state": "WA",
        "price": "400",
        "price_per_unit": "2353",
        "price_unit": "KG"
      },
      {
        "state": "SA",
        "price": "400",
        "price_per_unit": "2353",
        "price_unit": "KG"
      },
      {
        "state": "TAS",
        "price": "400",
        "price_per_unit": "2353",
        "price_unit": "KG"
      },
      {
        "state": "NT",
        "price": "400",
        "price_per_unit": "2353",
        "price_unit": "KG"
      }
    ]
  },
  {
    "source_url": "https://www.woolworths.com.au/shop/productdetails/167166/john-west-protein-vitamin-e-tuna-bowl-red-rice-lemongrass-chickpeas",
    "name": "John West Protein+ Vitamin e Tuna Bowl Red Rice Lemongrass& Chickpeas 170g",
    "image_url": "https://cdn1.woolworths.media/content/wowproductimages/large/167166.jpg",
    "source_id": "Woolworths - 167166",
    "barcode": "9300462129136",
    "shop": "Woolworths",
    "weight": "1KG",
    "prices": [
      {
        "state": "VIC",
        "price": "400",
        "price_per_unit": "2353",
        "price_unit": "KG"
      },
      {
        "state": "QLD",
        "price": "400",
        "price_per_unit": "2353",
        "price_unit": "KG"
      },
      {
        "state": "WA",
        "price": "400",
        "price_per_unit": "2353",
        "price_unit": "KG"
      },
      {
        "state": "SA",
        "price": "400",
        "price_per_unit": "2353",
        "price_unit": "KG"
      },
      {
        "state": "TAS",
        "price": "400",
        "price_per_unit": "2353",
        "price_unit": "KG"
      },
      {
        "state": "NT",
        "price": "400",
        "price_per_unit": "2353",
        "price_unit": "KG"
      }
    ]
  },
  {
    "source_url": "https://www.woolworths.com.au/shop/productdetails/319475/john-west-tuna-beans-red-kidney-beans-navy-beans-chickpeas",
    "name": "John West Tuna & Beans Red Kidney Beans Navy Beans Chickpeas 185g",
    "image_url": "https://cdn1.woolworths.media/content/wowproductimages/large/319475.jpg",
    "source_id": "Woolworths - 319475",
    "barcode": "9300462344560",
    "shop": "Woolworths",
    "weight": "1KG",
    "prices": [
      {
        "state": "VIC",
        "price": "440",
        "price_per_unit": "2378",
        "price_unit": "KG"
      },
      {
        "state": "QLD",
        "price": "440",
        "price_per_unit": "2378",
        "price_unit": "KG"
      },
      {
        "state": "WA",
        "price": "440",
        "price_per_unit": "2378",
        "price_unit": "KG"
      },
      {
        "state": "SA",
        "price": "440",
        "price_per_unit": "2378",
        "price_unit": "KG"
      },
      {
        "state": "TAS",
        "price": "440",
        "price_per_unit": "2378",
        "price_unit": "KG"
      },
      {
        "state": "NT",
        "price": "440",
        "price_per_unit": "2378",
        "price_unit": "KG"
      }
    ]
  },
  {
    "source_url": "https://www.woolworths.com.au/shop/productdetails/319476/john-west-tuna-beans-roasted-capsicum-kidney-navy-beans-chickpeas",
    "name": "John West Tuna & Beans Roasted Capsicum Kidney Navy Beans Chickpeas 185g",
    "image_url": "https://cdn1.woolworths.media/content/wowproductimages/large/319476.jpg",
    "source_id": "Woolworths - 319476",
    "barcode": "9300462344607",
    "shop": "Woolworths",
    "weight": "1KG",
    "prices": [
      {
        "state": "VIC",
        "price": "440",
        "price_per_unit": "2378",
        "price_unit": "KG"
      },
      {
        "state": "QLD",
        "price": "440",
        "price_per_unit": "2378",
        "price_unit": "KG"
      },
      {
        "state": "WA",
        "price": "440",
        "price_per_unit": "2378",
        "price_unit": "KG"
      },
      {
        "state": "SA",
        "price": "440",
        "price_per_unit": "2378",
        "price_unit": "KG"
      },
      {
        "state": "TAS",
        "price": "440",
        "price_per_unit": "2378",
        "price_unit": "KG"
      },
      {
        "state": "NT",
        "price": "440",
        "price_per_unit": "2378",
        "price_unit": "KG"
      }
    ]
  },
  {
    "source_url": "https://www.woolworths.com.au/shop/productdetails/51918/john-west-tuna-with-chilli-value-pack",
    "name": "John West Tuna With Chilli Value Pack 95g x 12 pack",
    "image_url": "https://cdn1.woolworths.media/content/wowproductimages/large/051918.jpg",
    "source_id": "Woolworths - 51918",
    "barcode": "9300462136288",
    "shop": "Woolworths",
    "weight": "1KG",
    "prices": [
      {
        "state": "VIC",
        "price": "1620",
        "price_per_unit": "1421",
        "price_unit": "KG"
      },
      {
        "state": "QLD",
        "price": "1620",
        "price_per_unit": "1421",
        "price_unit": "KG"
      },
      {
        "state": "WA",
        "price": "1620",
        "price_per_unit": "1421",
        "price_unit": "KG"
      },
      {
        "state": "SA",
        "price": "1620",
        "price_per_unit": "1421",
        "price_unit": "KG"
      },
      {
        "state": "TAS",
        "price": "1620",
        "price_per_unit": "1421",
        "price_unit": "KG"
      },
      {
        "state": "NT",
        "price": "1620",
        "price_per_unit": "1421",
        "price_unit": "KG"
      }
    ]
  },
  {
    "source_url": "https://www.woolworths.com.au/shop/productdetails/779974/john-west-tuna-with-chilli-value-pack",
    "name": "John West Tuna With Chilli Value Pack 95g x 3 pack",
    "image_url": "https://cdn1.woolworths.media/content/wowproductimages/large/779974.jpg",
    "source_id": "Woolworths - 779974",
    "barcode": "9300462135717",
    "shop": "Woolworths",
    "weight": "1KG",
    "prices": [
      {
        "state": "VIC",
        "price": "495",
        "price_per_unit": "1737",
        "price_unit": "KG"
      },
      {
        "state": "QLD",
        "price": "495",
        "price_per_unit": "1737",
        "price_unit": "KG"
      },
      {
        "state": "WA",
        "price": "495",
        "price_per_unit": "1737",
        "price_unit": "KG"
      },
      {
        "state": "SA",
        "price": "495",
        "price_per_unit": "1737",
        "price_unit": "KG"
      },
      {
        "state": "TAS",
        "price": "495",
        "price_per_unit": "1737",
        "price_unit": "KG"
      },
      {
        "state": "NT",
        "price": "495",
        "price_per_unit": "1737",
        "price_unit": "KG"
      }
    ]
  },
  {
    "source_url": "https://www.woolworths.com.au/shop/productdetails/322963/john-west-wild-caught-salmon-bowl-cherry-tomatoes-olives-risoni",
    "name": "John West Wild Caught Salmon Bowl Cherry Tomatoes Olives &Risoni 170g",
    "image_url": "https://cdn1.woolworths.media/content/wowproductimages/large/322963.jpg",
    "source_id": "Woolworths - 322963",
    "barcode": "9300462133843",
    "shop": "Woolworths",
    "weight": "1KG",
    "prices": [
      {
        "state": "VIC",
        "price": "480",
        "price_per_unit": "2824",
        "price_unit": "KG"
      },
      {
        "state": "QLD",
        "price": "480",
        "price_per_unit": "2824",
        "price_unit": "KG"
      },
      {
        "state": "WA",
        "price": "480",
        "price_per_unit": "2824",
        "price_unit": "KG"
      },
      {
        "state": "SA",
        "price": "480",
        "price_per_unit": "2824",
        "price_unit": "KG"
      },
      {
        "state": "TAS",
        "price": "480",
        "price_per_unit": "2824",
        "price_unit": "KG"
      },
      {
        "state": "NT",
        "price": "480",
        "price_per_unit": "2824",
        "price_unit": "KG"
      }
    ]
  },
  {
    "source_url": "https://www.woolworths.com.au/shop/productdetails/323507/john-west-wild-caught-salmon-bowl-coconut-chilli-lime-thai-rice",
    "name": "John West Wild Caught Salmon Bowl Coconut Chilli Lime &Thai Rice 170g",
    "image_url": "https://cdn1.woolworths.media/content/wowproductimages/large/323507.jpg",
    "source_id": "Woolworths - 323507",
    "barcode": "9300462133850",
    "shop": "Woolworths",
    "weight": "1KG",
    "prices": [
      {
        "state": "VIC",
        "price": "480",
        "price_per_unit": "2824",
        "price_unit": "KG"
      },
      {
        "state": "QLD",
        "price": "480",
        "price_per_unit": "2824",
        "price_unit": "KG"
      },
      {
        "state": "WA",
        "price": "480",
        "price_per_unit": "2824",
        "price_unit": "KG"
      },
      {
        "state": "SA",
        "price": "480",
        "price_per_unit": "2824",
        "price_unit": "KG"
      },
      {
        "state": "TAS",
        "price": "480",
        "price_per_unit": "2824",
        "price_unit": "KG"
      },
      {
        "state": "NT",
        "price": "480",
        "price_per_unit": "2824",
        "price_unit": "KG"
      }
    ]
  },
  {
    "source_url": "https://www.woolworths.com.au/shop/productdetails/323532/john-west-wild-caught-salmon-bowl-sweet-soy-vegetable-black-rice",
    "name": "John West Wild Caught Salmon Bowl Sweet Soy Vegetable Black Rice 170g",
    "image_url": "https://cdn1.woolworths.media/content/wowproductimages/large/323532.jpg",
    "source_id": "Woolworths - 323532",
    "barcode": "9300462133867",
    "shop": "Woolworths",
    "weight": "1KG",
    "prices": [
      {
        "state": "VIC",
        "price": "480",
        "price_per_unit": "2824",
        "price_unit": "KG"
      },
      {
        "state": "QLD",
        "price": "480",
        "price_per_unit": "2824",
        "price_unit": "KG"
      },
      {
        "state": "WA",
        "price": "480",
        "price_per_unit": "2824",
        "price_unit": "KG"
      },
      {
        "state": "SA",
        "price": "480",
        "price_per_unit": "2824",
        "price_unit": "KG"
      },
      {
        "state": "TAS",
        "price": "480",
        "price_per_unit": "2824",
        "price_unit": "KG"
      },
      {
        "state": "NT",
        "price": "480",
        "price_per_unit": "2824",
        "price_unit": "KG"
      }
    ]
  },
  {
    "source_url": "https://www.woolworths.com.au/shop/productdetails/98520/john-west-wild-caught-yellowfin-tuna-slices-naturally-smoked",
    "name": "John West Wild Caught Yellowfin Tuna Slices Naturally Smoked 125g",
    "image_url": "https://cdn1.woolworths.media/content/wowproductimages/large/098520.jpg",
    "source_id": "Woolworths - 98520",
    "barcode": "5000171030153",
    "shop": "Woolworths",
    "weight": "1KG",
    "prices": [
      {
        "state": "VIC",
        "price": "380",
        "price_per_unit": "3040",
        "price_unit": "KG"
      },
      {
        "state": "QLD",
        "price": "380",
        "price_per_unit": "3040",
        "price_unit": "KG"
      },
      {
        "state": "WA",
        "price": "380",
        "price_per_unit": "3040",
        "price_unit": "KG"
      },
      {
        "state": "SA",
        "price": "380",
        "price_per_unit": "3040",
        "price_unit": "KG"
      },
      {
        "state": "TAS",
        "price": "380",
        "price_per_unit": "3040",
        "price_unit": "KG"
      },
      {
        "state": "NT",
        "price": "380",
        "price_per_unit": "3040",
        "price_unit": "KG"
      }
    ]
  },
  {
    "source_url": "https://www.woolworths.com.au/shop/productdetails/236763/safcol-no-nets-tuna-in-oil",
    "name": "Safcol No Nets Tuna In Oil 185g",
    "image_url": "https://cdn1.woolworths.media/content/wowproductimages/large/236763.jpg",
    "source_id": "Woolworths - 236763",
    "barcode": "9310768114958",
    "shop": "Woolworths",
    "weight": "1KG",
    "prices": [
      {
        "state": "VIC",
        "price": "290",
        "price_per_unit": "1568",
        "price_unit": "KG"
      },
      {
        "state": "QLD",
        "price": "290",
        "price_per_unit": "1568",
        "price_unit": "KG"
      },
      {
        "state": "WA",
        "price": "290",
        "price_per_unit": "1568",
        "price_unit": "KG"
      },
      {
        "state": "SA",
        "price": "290",
        "price_per_unit": "1568",
        "price_unit": "KG"
      },
      {
        "state": "TAS",
        "price": "290",
        "price_per_unit": "1568",
        "price_unit": "KG"
      },
      {
        "state": "ACT",
        "price": "290",
        "price_per_unit": "1568",
        "price_unit": "KG"
      },
      {
        "state": "NT",
        "price": "305",
        "price_per_unit": "1649",
        "price_unit": "KG"
      }
    ]
  },
  {
    "source_url": "https://www.woolworths.com.au/shop/productdetails/236624/safcol-no-nets-tuna-in-springwater",
    "name": "Safcol No Nets Tuna In Springwater 185g",
    "image_url": "https://cdn1.woolworths.media/content/wowproductimages/large/236624.jpg",
    "source_id": "Woolworths - 236624",
    "barcode": "9310768114941",
    "shop": "Woolworths",
    "weight": "1KG",
    "prices": [
      {
        "state": "VIC",
        "price": "290",
        "price_per_unit": "1568",
        "price_unit": "KG"
      },
      {
        "state": "QLD",
        "price": "290",
        "price_per_unit": "1568",
        "price_unit": "KG"
      },
      {
        "state": "WA",
        "price": "290",
        "price_per_unit": "1568",
        "price_unit": "KG"
      },
      {
        "state": "SA",
        "price": "290",
        "price_per_unit": "1568",
        "price_unit": "KG"
      },
      {
        "state": "TAS",
        "price": "290",
        "price_per_unit": "1568",
        "price_unit": "KG"
      },
      {
        "state": "ACT",
        "price": "290",
        "price_per_unit": "1568",
        "price_unit": "KG"
      },
      {
        "state": "NT",
        "price": "305",
        "price_per_unit": "1649",
        "price_unit": "KG"
      }
    ]
  },
  {
    "source_url": "https://www.woolworths.com.au/shop/productdetails/708381/safcol-responsibly-fished-tuna-in-spring-water",
    "name": "Safcol Responsibly Fished Tuna In Spring Water 425g",
    "image_url": "https://cdn1.woolworths.media/content/wowproductimages/large/708381.jpg",
    "source_id": "Woolworths - 708381",
    "barcode": "9310768107080",
    "shop": "Woolworths",
    "weight": "1KG",
    "prices": [
      {
        "state": "VIC",
        "price": "465",
        "price_per_unit": "1094",
        "price_unit": "KG"
      },
      {
        "state": "QLD",
        "price": "465",
        "price_per_unit": "1094",
        "price_unit": "KG"
      },
      {
        "state": "WA",
        "price": "465",
        "price_per_unit": "1094",
        "price_unit": "KG"
      },
      {
        "state": "SA",
        "price": "465",
        "price_per_unit": "1094",
        "price_unit": "KG"
      },
      {
        "state": "TAS",
        "price": "465",
        "price_per_unit": "1094",
        "price_unit": "KG"
      },
      {
        "state": "ACT",
        "price": "465",
        "price_per_unit": "1094",
        "price_unit": "KG"
      },
      {
        "state": "NT",
        "price": "490",
        "price_per_unit": "1153",
        "price_unit": "KG"
      }
    ]
  },
  {
    "source_url": "https://www.woolworths.com.au/shop/productdetails/63966/safcol-tuna-pouch-lentils-black-rice",
    "name": "Safcol Tuna Pouch Lentils & Black Rice 160g",
    "image_url": "https://cdn1.woolworths.media/content/wowproductimages/large/063966.jpg",
    "source_id": "Woolworths - 63966",
    "barcode": "9310768112978",
    "shop": "Woolworths",
    "weight": "1KG",
    "prices": [
      {
        "state": "VIC",
        "price": "350",
        "price_per_unit": "2188",
        "price_unit": "KG"
      },
      {
        "state": "QLD",
        "price": "350",
        "price_per_unit": "2188",
        "price_unit": "KG"
      },
      {
        "state": "WA",
        "price": "350",
        "price_per_unit": "2188",
        "price_unit": "KG"
      },
      {
        "state": "SA",
        "price": "350",
        "price_per_unit": "2188",
        "price_unit": "KG"
      },
      {
        "state": "TAS",
        "price": "300",
        "price_per_unit": "1875",
        "price_unit": "KG"
      },
      {
        "state": "ACT",
        "price": "300",
        "price_per_unit": "1875",
        "price_unit": "KG"
      },
      {
        "state": "NT",
        "price": "300",
        "price_per_unit": "1875",
        "price_unit": "KG"
      }
    ]
  },
  {
    "source_url": "https://www.woolworths.com.au/shop/productdetails/63967/safcol-tuna-pouch-red-beans-quinoa",
    "name": "Safcol Tuna Pouch Red Beans & Quinoa 160g",
    "image_url": "https://cdn1.woolworths.media/content/wowproductimages/large/063967.jpg",
    "source_id": "Woolworths - 63967",
    "barcode": "9310768112992",
    "shop": "Woolworths",
    "weight": "1KG",
    "prices": [
      {
        "state": "VIC",
        "price": "350",
        "price_per_unit": "2188",
        "price_unit": "KG"
      },
      {
        "state": "QLD",
        "price": "350",
        "price_per_unit": "2188",
        "price_unit": "KG"
      },
      {
        "state": "WA",
        "price": "350",
        "price_per_unit": "2188",
        "price_unit": "KG"
      },
      {
        "state": "SA",
        "price": "350",
        "price_per_unit": "2188",
        "price_unit": "KG"
      },
      {
        "state": "TAS",
        "price": "300",
        "price_per_unit": "1875",
        "price_unit": "KG"
      },
      {
        "state": "ACT",
        "price": "300",
        "price_per_unit": "1875",
        "price_unit": "KG"
      },
      {
        "state": "NT",
        "price": "300",
        "price_per_unit": "1875",
        "price_unit": "KG"
      }
    ]
  },
  {
    "source_url": "https://www.woolworths.com.au/shop/productdetails/887481/safcol-wild-caught-tuna-in-oil-italian-style",
    "name": "Safcol Wild Caught Tuna In Oil Italian Style 95g",
    "image_url": "https://cdn1.woolworths.media/content/wowproductimages/large/887481.jpg",
    "source_id": "Woolworths - 887481",
    "barcode": "9310768115689",
    "shop": "Woolworths",
    "weight": "1KG",
    "prices": [
      {
        "state": "VIC",
        "price": "135",
        "price_per_unit": "1421",
        "price_unit": "KG"
      },
      {
        "state": "QLD",
        "price": "135",
        "price_per_unit": "1421",
        "price_unit": "KG"
      },
      {
        "state": "WA",
        "price": "135",
        "price_per_unit": "1421",
        "price_unit": "KG"
      },
      {
        "state": "SA",
        "price": "135",
        "price_per_unit": "1421",
        "price_unit": "KG"
      },
      {
        "state": "TAS",
        "price": "270",
        "price_per_unit": "2842",
        "price_unit": "KG"
      },
      {
        "state": "ACT",
        "price": "270",
        "price_per_unit": "2842",
        "price_unit": "KG"
      },
      {
        "state": "NT",
        "price": "285",
        "price_per_unit": "3000",
        "price_unit": "KG"
      }
    ]
  },
  {
    "source_url": "https://www.woolworths.com.au/shop/productdetails/878479/safcol-wild-caught-tuna-springwater",
    "name": "Safcol Wild Caught Tuna Springwater 95g",
    "image_url": "https://cdn1.woolworths.media/content/wowproductimages/large/878479.jpg",
    "source_id": "Woolworths - 878479",
    "barcode": "9310768115672",
    "shop": "Woolworths",
    "weight": "1KG",
    "prices": [
      {
        "state": "VIC",
        "price": "135",
        "price_per_unit": "1421",
        "price_unit": "KG"
      },
      {
        "state": "QLD",
        "price": "135",
        "price_per_unit": "1421",
        "price_unit": "KG"
      },
      {
        "state": "WA",
        "price": "135",
        "price_per_unit": "1421",
        "price_unit": "KG"
      },
      {
        "state": "SA",
        "price": "135",
        "price_per_unit": "1421",
        "price_unit": "KG"
      },
      {
        "state": "TAS",
        "price": "270",
        "price_per_unit": "2842",
        "price_unit": "KG"
      },
      {
        "state": "ACT",
        "price": "270",
        "price_per_unit": "2842",
        "price_unit": "KG"
      },
      {
        "state": "NT",
        "price": "285",
        "price_per_unit": "3000",
        "price_unit": "KG"
      }
    ]
  },
  {
    "source_url": "https://www.woolworths.com.au/shop/productdetails/333873/sirena-mexican-rice-with-tuna",
    "name": "Sirena Mexican Rice With Tuna 170g",
    "image_url": "https://cdn1.woolworths.media/content/wowproductimages/large/333873.jpg",
    "source_id": "Woolworths - 333873",
    "barcode": "9350177000862",
    "shop": "Woolworths",
    "weight": "1KG",
    "prices": [
      {
        "state": "VIC",
        "price": "330",
        "price_per_unit": "1941",
        "price_unit": "KG"
      },
      {
        "state": "QLD",
        "price": "330",
        "price_per_unit": "1941",
        "price_unit": "KG"
      },
      {
        "state": "WA",
        "price": "330",
        "price_per_unit": "1941",
        "price_unit": "KG"
      },
      {
        "state": "SA",
        "price": "330",
        "price_per_unit": "1941",
        "price_unit": "KG"
      },
      {
        "state": "TAS",
        "price": "430",
        "price_per_unit": "2529",
        "price_unit": "KG"
      },
      {
        "state": "ACT",
        "price": "430",
        "price_per_unit": "2529",
        "price_unit": "KG"
      },
      {
        "state": "NT",
        "price": "450",
        "price_per_unit": "2647",
        "price_unit": "KG"
      }
    ]
  },
  {
    "source_url": "https://www.woolworths.com.au/shop/productdetails/238063/sirena-napoli-style-pasta-with-tuna",
    "name": "Sirena Napoli Style Pasta With Tuna 170g",
    "image_url": "https://cdn1.woolworths.media/content/wowproductimages/large/238063.jpg",
    "source_id": "Woolworths - 238063",
    "barcode": "9350177000718",
    "shop": "Woolworths",
    "weight": "1KG",
    "prices": [
      {
        "state": "VIC",
        "price": "330",
        "price_per_unit": "1941",
        "price_unit": "KG"
      },
      {
        "state": "QLD",
        "price": "330",
        "price_per_unit": "1941",
        "price_unit": "KG"
      },
      {
        "state": "WA",
        "price": "330",
        "price_per_unit": "1941",
        "price_unit": "KG"
      },
      {
        "state": "SA",
        "price": "330",
        "price_per_unit": "1941",
        "price_unit": "KG"
      },
      {
        "state": "TAS",
        "price": "430",
        "price_per_unit": "2529",
        "price_unit": "KG"
      },
      {
        "state": "ACT",
        "price": "430",
        "price_per_unit": "2529",
        "price_unit": "KG"
      },
      {
        "state": "NT",
        "price": "450",
        "price_per_unit": "2647",
        "price_unit": "KG"
      }
    ]
  },
  {
    "source_url": "https://www.woolworths.com.au/shop/productdetails/333854/sirena-pesto-pasta-with-tuna",
    "name": "Sirena Pesto Pasta With Tuna 170g",
    "image_url": "https://cdn1.woolworths.media/content/wowproductimages/large/333854.jpg",
    "source_id": "Woolworths - 333854",
    "barcode": "9350177000725",
    "shop": "Woolworths",
    "weight": "1KG",
    "prices": [
      {
        "state": "VIC",
        "price": "330",
        "price_per_unit": "1941",
        "price_unit": "KG"
      },
      {
        "state": "QLD",
        "price": "330",
        "price_per_unit": "1941",
        "price_unit": "KG"
      },
      {
        "state": "WA",
        "price": "330",
        "price_per_unit": "1941",
        "price_unit": "KG"
      },
      {
        "state": "SA",
        "price": "330",
        "price_per_unit": "1941",
        "price_unit": "KG"
      },
      {
        "state": "TAS",
        "price": "430",
        "price_per_unit": "2529",
        "price_unit": "KG"
      },
      {
        "state": "ACT",
        "price": "430",
        "price_per_unit": "2529",
        "price_unit": "KG"
      },
      {
        "state": "NT",
        "price": "450",
        "price_per_unit": "2647",
        "price_unit": "KG"
      }
    ]
  },
  {
    "source_url": "https://www.woolworths.com.au/shop/productdetails/801493/sirena-sicilian-style-pasta-with-tuna",
    "name": "Sirena Sicilian Style Pasta With Tuna 170g",
    "image_url": "https://cdn1.woolworths.media/content/wowproductimages/large/801493.jpg",
    "source_id": "Woolworths - 801493",
    "barcode": "9350177000497",
    "shop": "Woolworths",
    "weight": "1KG",
    "prices": [
      {
        "state": "VIC",
        "price": "330",
        "price_per_unit": "1941",
        "price_unit": "KG"
      },
      {
        "state": "QLD",
        "price": "330",
        "price_per_unit": "1941",
        "price_unit": "KG"
      },
      {
        "state": "WA",
        "price": "330",
        "price_per_unit": "1941",
        "price_unit": "KG"
      },
      {
        "state": "SA",
        "price": "330",
        "price_per_unit": "1941",
        "price_unit": "KG"
      },
      {
        "state": "TAS",
        "price": "430",
        "price_per_unit": "2529",
        "price_unit": "KG"
      },
      {
        "state": "ACT",
        "price": "430",
        "price_per_unit": "2529",
        "price_unit": "KG"
      },
      {
        "state": "NT",
        "price": "450",
        "price_per_unit": "2647",
        "price_unit": "KG"
      }
    ]
  },
  {
    "source_url": "https://www.woolworths.com.au/shop/productdetails/322987/sirena-snacking-tuna-aioli",
    "name": "Sirena Snacking Tuna Aioli 75g",
    "image_url": "https://cdn1.woolworths.media/content/wowproductimages/large/322987.jpg",
    "source_id": "Woolworths - 322987",
    "barcode": "9350177000923",
    "shop": "Woolworths",
    "weight": "1KG",
    "prices": [
      {
        "state": "VIC",
        "price": "320",
        "price_per_unit": "4267",
        "price_unit": "KG"
      },
      {
        "state": "QLD",
        "price": "320",
        "price_per_unit": "4267",
        "price_unit": "KG"
      },
      {
        "state": "WA",
        "price": "320",
        "price_per_unit": "4267",
        "price_unit": "KG"
      },
      {
        "state": "SA",
        "price": "320",
        "price_per_unit": "4267",
        "price_unit": "KG"
      },
      {
        "state": "TAS",
        "price": "320",
        "price_per_unit": "4267",
        "price_unit": "KG"
      },
      {
        "state": "ACT",
        "price": "320",
        "price_per_unit": "4267",
        "price_unit": "KG"
      },
      {
        "state": "NT",
        "price": "335",
        "price_per_unit": "4467",
        "price_unit": "KG"
      }
    ]
  },
  {
    "source_url": "https://www.woolworths.com.au/shop/productdetails/333768/sirena-snacking-tuna-chilli-mayonnaise",
    "name": "Sirena Snacking Tuna Chilli & Mayonnaise 75g",
    "image_url": "https://cdn1.woolworths.media/content/wowproductimages/large/333768.jpg",
    "source_id": "Woolworths - 333768",
    "barcode": "9350177000930",
    "shop": "Woolworths",
    "weight": "1KG",
    "prices": [
      {
        "state": "VIC",
        "price": "320",
        "price_per_unit": "4267",
        "price_unit": "KG"
      },
      {
        "state": "QLD",
        "price": "320",
        "price_per_unit": "4267",
        "price_unit": "KG"
      },
      {
        "state": "WA",
        "price": "320",
        "price_per_unit": "4267",
        "price_unit": "KG"
      },
      {
        "state": "SA",
        "price": "320",
        "price_per_unit": "4267",
        "price_unit": "KG"
      },
      {
        "state": "TAS",
        "price": "320",
        "price_per_unit": "4267",
        "price_unit": "KG"
      },
      {
        "state": "ACT",
        "price": "320",
        "price_per_unit": "4267",
        "price_unit": "KG"
      },
      {
        "state": "NT",
        "price": "335",
        "price_per_unit": "4467",
        "price_unit": "KG"
      }
    ]
  },
  {
    "source_url": "https://www.woolworths.com.au/shop/productdetails/333760/sirena-snacking-tuna-mayo-sweet-corn",
    "name": "Sirena Snacking Tuna Mayo & Sweet Corn 75g",
    "image_url": "https://cdn1.woolworths.media/content/wowproductimages/large/333760.jpg",
    "source_id": "Woolworths - 333760",
    "barcode": "9350177000954",
    "shop": "Woolworths",
    "weight": "1KG",
    "prices": [
      {
        "state": "VIC",
        "price": "320",
        "price_per_unit": "4267",
        "price_unit": "KG"
      },
      {
        "state": "QLD",
        "price": "320",
        "price_per_unit": "4267",
        "price_unit": "KG"
      },
      {
        "state": "WA",
        "price": "320",
        "price_per_unit": "4267",
        "price_unit": "KG"
      },
      {
        "state": "SA",
        "price": "320",
        "price_per_unit": "4267",
        "price_unit": "KG"
      },
      {
        "state": "TAS",
        "price": "320",
        "price_per_unit": "4267",
        "price_unit": "KG"
      },
      {
        "state": "ACT",
        "price": "320",
        "price_per_unit": "4267",
        "price_unit": "KG"
      },
      {
        "state": "NT",
        "price": "335",
        "price_per_unit": "4467",
        "price_unit": "KG"
      }
    ]
  },
  {
    "source_url": "https://www.woolworths.com.au/shop/productdetails/333802/sirena-tomato-onion-tuna-in-oil",
    "name": "Sirena Tomato & Onion Tuna In Oil 95g",
    "image_url": "https://cdn1.woolworths.media/content/wowproductimages/large/333802.jpg",
    "source_id": "Woolworths - 333802",
    "barcode": "9350177000817",
    "shop": "Woolworths",
    "weight": "1KG",
    "prices": [
      {
        "state": "VIC",
        "price": "295",
        "price_per_unit": "3105",
        "price_unit": "KG"
      },
      {
        "state": "QLD",
        "price": "295",
        "price_per_unit": "3105",
        "price_unit": "KG"
      },
      {
        "state": "WA",
        "price": "295",
        "price_per_unit": "3105",
        "price_unit": "KG"
      },
      {
        "state": "SA",
        "price": "295",
        "price_per_unit": "3105",
        "price_unit": "KG"
      },
      {
        "state": "TAS",
        "price": "295",
        "price_per_unit": "3105",
        "price_unit": "KG"
      },
      {
        "state": "ACT",
        "price": "295",
        "price_per_unit": "3105",
        "price_unit": "KG"
      },
      {
        "state": "NT",
        "price": "310",
        "price_per_unit": "3263",
        "price_unit": "KG"
      }
    ]
  },
  {
    "source_url": "https://www.woolworths.com.au/shop/productdetails/820827/sirena-tuna-pesto-mayo-snacking-mayonnaise",
    "name": "Sirena Tuna & Pesto Mayo Snacking 75g",
    "image_url": "https://cdn1.woolworths.media/content/wowproductimages/large/820827.jpg",
    "source_id": "Woolworths - 820827",
    "barcode": "9350177001005",
    "shop": "Woolworths",
    "weight": "1KG",
    "prices": [
      {
        "state": "VIC",
        "price": "320",
        "price_per_unit": "4267",
        "price_unit": "KG"
      },
      {
        "state": "QLD",
        "price": "320",
        "price_per_unit": "4267",
        "price_unit": "KG"
      },
      {
        "state": "WA",
        "price": "320",
        "price_per_unit": "4267",
        "price_unit": "KG"
      },
      {
        "state": "SA",
        "price": "320",
        "price_per_unit": "4267",
        "price_unit": "KG"
      },
      {
        "state": "TAS",
        "price": "320",
        "price_per_unit": "4267",
        "price_unit": "KG"
      },
      {
        "state": "ACT",
        "price": "320",
        "price_per_unit": "4267",
        "price_unit": "KG"
      },
      {
        "state": "NT",
        "price": "335",
        "price_per_unit": "4467",
        "price_unit": "KG"
      }
    ]
  },
  {
    "source_url": "https://www.woolworths.com.au/shop/productdetails/340431/sirena-tuna-basil-infused-oil",
    "name": "Sirena Tuna Basil Infused Oil 95g",
    "image_url": "https://cdn1.woolworths.media/content/wowproductimages/large/340431.jpg",
    "source_id": "Woolworths - 340431",
    "barcode": "9300637504959",
    "shop": "Woolworths",
    "weight": "1KG",
    "prices": [
      {
        "state": "VIC",
        "price": "295",
        "price_per_unit": "3105",
        "price_unit": "KG"
      },
      {
        "state": "QLD",
        "price": "295",
        "price_per_unit": "3105",
        "price_unit": "KG"
      },
      {
        "state": "WA",
        "price": "295",
        "price_per_unit": "3105",
        "price_unit": "KG"
      },
      {
        "state": "SA",
        "price": "295",
        "price_per_unit": "3105",
        "price_unit": "KG"
      },
      {
        "state": "TAS",
        "price": "295",
        "price_per_unit": "3105",
        "price_unit": "KG"
      },
      {
        "state": "ACT",
        "price": "295",
        "price_per_unit": "3105",
        "price_unit": "KG"
      },
      {
        "state": "NT",
        "price": "310",
        "price_per_unit": "3263",
        "price_unit": "KG"
      }
    ]
  },
  {
    "source_url": "https://www.woolworths.com.au/shop/productdetails/333897/sirena-tuna-caramelised-onion",
    "name": "Sirena Tuna Caramelised Onion 95g",
    "image_url": "https://cdn1.woolworths.media/content/wowproductimages/large/333897.jpg",
    "source_id": "Woolworths - 333897",
    "barcode": "9350177000909",
    "shop": "Woolworths",
    "weight": "1KG",
    "prices": [
      {
        "state": "VIC",
        "price": "295",
        "price_per_unit": "3105",
        "price_unit": "KG"
      },
      {
        "state": "QLD",
        "price": "295",
        "price_per_unit": "3105",
        "price_unit": "KG"
      },
      {
        "state": "WA",
        "price": "295",
        "price_per_unit": "3105",
        "price_unit": "KG"
      },
      {
        "state": "SA",
        "price": "295",
        "price_per_unit": "3105",
        "price_unit": "KG"
      },
      {
        "state": "TAS",
        "price": "295",
        "price_per_unit": "3105",
        "price_unit": "KG"
      },
      {
        "state": "ACT",
        "price": "295",
        "price_per_unit": "3105",
        "price_unit": "KG"
      },
      {
        "state": "NT",
        "price": "310",
        "price_per_unit": "3263",
        "price_unit": "KG"
      }
    ]
  },
  {
    "source_url": "https://www.woolworths.com.au/shop/productdetails/237392/sirena-tuna-garlic-chilli-in-oil",
    "name": "Sirena Tuna Garlic & Chilli In Oil 95g",
    "image_url": "https://cdn1.woolworths.media/content/wowproductimages/large/237392.jpg",
    "source_id": "Woolworths - 237392",
    "barcode": "9350177000756",
    "shop": "Woolworths",
    "weight": "1KG",
    "prices": [
      {
        "state": "VIC",
        "price": "295",
        "price_per_unit": "3105",
        "price_unit": "KG"
      },
      {
        "state": "QLD",
        "price": "295",
        "price_per_unit": "3105",
        "price_unit": "KG"
      },
      {
        "state": "WA",
        "price": "295",
        "price_per_unit": "3105",
        "price_unit": "KG"
      },
      {
        "state": "SA",
        "price": "295",
        "price_per_unit": "3105",
        "price_unit": "KG"
      },
      {
        "state": "TAS",
        "price": "295",
        "price_per_unit": "3105",
        "price_unit": "KG"
      },
      {
        "state": "ACT",
        "price": "295",
        "price_per_unit": "3105",
        "price_unit": "KG"
      },
      {
        "state": "NT",
        "price": "310",
        "price_per_unit": "3263",
        "price_unit": "KG"
      }
    ]
  },
  {
    "source_url": "https://www.woolworths.com.au/shop/productdetails/64169/sirena-tuna-in-garlic",
    "name": "Sirena Tuna In Garlic 95g",
    "image_url": "https://cdn1.woolworths.media/content/wowproductimages/large/064169.jpg",
    "source_id": "Woolworths - 64169",
    "barcode": "9350177000626",
    "shop": "Woolworths",
    "weight": "1KG",
    "prices": [
      {
        "state": "VIC",
        "price": "295",
        "price_per_unit": "3105",
        "price_unit": "KG"
      },
      {
        "state": "QLD",
        "price": "295",
        "price_per_unit": "3105",
        "price_unit": "KG"
      },
      {
        "state": "WA",
        "price": "295",
        "price_per_unit": "3105",
        "price_unit": "KG"
      },
      {
        "state": "SA",
        "price": "295",
        "price_per_unit": "3105",
        "price_unit": "KG"
      },
      {
        "state": "TAS",
        "price": "295",
        "price_per_unit": "3105",
        "price_unit": "KG"
      },
      {
        "state": "ACT",
        "price": "295",
        "price_per_unit": "3105",
        "price_unit": "KG"
      },
      {
        "state": "NT",
        "price": "310",
        "price_per_unit": "3263",
        "price_unit": "KG"
      }
    ]
  },
  {
    "source_url": "https://www.woolworths.com.au/shop/productdetails/237206/sirena-tuna-in-lite-oil-italian-style",
    "name": "Sirena Tuna In Lite Oil Italian Style 185g",
    "image_url": "https://cdn1.woolworths.media/content/wowproductimages/large/237206.jpg",
    "source_id": "Woolworths - 237206",
    "barcode": "9350177000428",
    "shop": "Woolworths",
    "weight": "1KG",
    "prices": [
      {
        "state": "VIC",
        "price": "470",
        "price_per_unit": "2541",
        "price_unit": "KG"
      },
      {
        "state": "QLD",
        "price": "470",
        "price_per_unit": "2541",
        "price_unit": "KG"
      },
      {
        "state": "WA",
        "price": "470",
        "price_per_unit": "2541",
        "price_unit": "KG"
      },
      {
        "state": "SA",
        "price": "470",
        "price_per_unit": "2541",
        "price_unit": "KG"
      },
      {
        "state": "TAS",
        "price": "470",
        "price_per_unit": "2541",
        "price_unit": "KG"
      },
      {
        "state": "ACT",
        "price": "470",
        "price_per_unit": "2541",
        "price_unit": "KG"
      },
      {
        "state": "NT",
        "price": "495",
        "price_per_unit": "2676",
        "price_unit": "KG"
      }
    ]
  },
  {
    "source_url": "https://www.woolworths.com.au/shop/productdetails/263409/sirena-tuna-la-vita-lite-in-oil",
    "name": "Sirena Tuna La Vita Lite In Oil 95g",
    "image_url": "https://cdn1.woolworths.media/content/wowproductimages/large/263409.jpg",
    "source_id": "Woolworths - 263409",
    "barcode": "9300637501538",
    "shop": "Woolworths",
    "weight": "1KG",
    "prices": [
      {
        "state": "VIC",
        "price": "295",
        "price_per_unit": "3105",
        "price_unit": "KG"
      },
      {
        "state": "QLD",
        "price": "295",
        "price_per_unit": "3105",
        "price_unit": "KG"
      },
      {
        "state": "WA",
        "price": "295",
        "price_per_unit": "3105",
        "price_unit": "KG"
      },
      {
        "state": "SA",
        "price": "295",
        "price_per_unit": "3105",
        "price_unit": "KG"
      },
      {
        "state": "TAS",
        "price": "295",
        "price_per_unit": "3105",
        "price_unit": "KG"
      },
      {
        "state": "ACT",
        "price": "295",
        "price_per_unit": "3105",
        "price_unit": "KG"
      },
      {
        "state": "NT",
        "price": "310",
        "price_per_unit": "3263",
        "price_unit": "KG"
      }
    ]
  },
  {
    "source_url": "https://www.woolworths.com.au/shop/productdetails/804706/sirena-tuna-lemon-dill-mayo-snacking",
    "name": "Sirena Tuna Lemon & Dill Mayo Snacking 75g",
    "image_url": "https://cdn1.woolworths.media/content/wowproductimages/large/804706.jpg",
    "source_id": "Woolworths - 804706",
    "barcode": "9350177000992",
    "shop": "Woolworths",
    "weight": "1KG",
    "prices": [
      {
        "state": "VIC",
        "price": "320",
        "price_per_unit": "4267",
        "price_unit": "KG"
      },
      {
        "state": "QLD",
        "price": "320",
        "price_per_unit": "4267",
        "price_unit": "KG"
      },
      {
        "state": "WA",
        "price": "320",
        "price_per_unit": "4267",
        "price_unit": "KG"
      },
      {
        "state": "SA",
        "price": "320",
        "price_per_unit": "4267",
        "price_unit": "KG"
      },
      {
        "state": "TAS",
        "price": "320",
        "price_per_unit": "4267",
        "price_unit": "KG"
      },
      {
        "state": "ACT",
        "price": "320",
        "price_per_unit": "4267",
        "price_unit": "KG"
      },
      {
        "state": "NT",
        "price": "335",
        "price_per_unit": "4467",
        "price_unit": "KG"
      }
    ]
  },
  {
    "source_url": "https://www.woolworths.com.au/shop/productdetails/804491/sirena-tuna-paella",
    "name": "Sirena Tuna Paella 170g",
    "image_url": "https://cdn1.woolworths.media/content/wowproductimages/large/804491.jpg",
    "source_id": "Woolworths - 804491",
    "barcode": "9350177001166",
    "shop": "Woolworths",
    "weight": "1KG",
    "prices": [
      {
        "state": "VIC",
        "price": "330",
        "price_per_unit": "1941",
        "price_unit": "KG"
      },
      {
        "state": "QLD",
        "price": "330",
        "price_per_unit": "1941",
        "price_unit": "KG"
      },
      {
        "state": "WA",
        "price": "330",
        "price_per_unit": "1941",
        "price_unit": "KG"
      },
      {
        "state": "SA",
        "price": "330",
        "price_per_unit": "1941",
        "price_unit": "KG"
      },
      {
        "state": "TAS",
        "price": "430",
        "price_per_unit": "2529",
        "price_unit": "KG"
      },
      {
        "state": "ACT",
        "price": "430",
        "price_per_unit": "2529",
        "price_unit": "KG"
      },
      {
        "state": "NT",
        "price": "450",
        "price_per_unit": "2647",
        "price_unit": "KG"
      }
    ]
  },
  {
    "source_url": "https://www.woolworths.com.au/shop/productdetails/841809/sirena-tuna-roasted-capsicum-mayo-snacking",
    "name": "Sirena Tuna Roasted Capsicum Mayo Snacking 75g",
    "image_url": "https://cdn1.woolworths.media/content/wowproductimages/large/841809.jpg",
    "source_id": "Woolworths - 841809",
    "barcode": "9350177001012",
    "shop": "Woolworths",
    "weight": "1KG",
    "prices": [
      {
        "state": "VIC",
        "price": "320",
        "price_per_unit": "4267",
        "price_unit": "KG"
      },
      {
        "state": "QLD",
        "price": "320",
        "price_per_unit": "4267",
        "price_unit": "KG"
      },
      {
        "state": "WA",
        "price": "320",
        "price_per_unit": "4267",
        "price_unit": "KG"
      },
      {
        "state": "SA",
        "price": "320",
        "price_per_unit": "4267",
        "price_unit": "KG"
      },
      {
        "state": "TAS",
        "price": "320",
        "price_per_unit": "4267",
        "price_unit": "KG"
      },
      {
        "state": "ACT",
        "price": "320",
        "price_per_unit": "4267",
        "price_unit": "KG"
      },
      {
        "state": "NT",
        "price": "335",
        "price_per_unit": "4467",
        "price_unit": "KG"
      }
    ]
  },
  {
    "source_url": "https://www.woolworths.com.au/shop/productdetails/257375/sirena-tuna-slices-in-oil-italian-style",
    "name": "Sirena Tuna Slices In Oil Italian Style 125g",
    "image_url": "https://cdn1.woolworths.media/content/wowproductimages/large/257375.jpg",
    "source_id": "Woolworths - 257375",
    "barcode": "9300637501415",
    "shop": "Woolworths",
    "weight": "1KG",
    "prices": [
      {
        "state": "VIC",
        "price": "390",
        "price_per_unit": "3120",
        "price_unit": "KG"
      },
      {
        "state": "QLD",
        "price": "390",
        "price_per_unit": "3120",
        "price_unit": "KG"
      },
      {
        "state": "WA",
        "price": "390",
        "price_per_unit": "3120",
        "price_unit": "KG"
      },
      {
        "state": "SA",
        "price": "390",
        "price_per_unit": "3120",
        "price_unit": "KG"
      },
      {
        "state": "TAS",
        "price": "390",
        "price_per_unit": "3120",
        "price_unit": "KG"
      },
      {
        "state": "ACT",
        "price": "390",
        "price_per_unit": "3120",
        "price_unit": "KG"
      },
      {
        "state": "NT",
        "price": "410",
        "price_per_unit": "3280",
        "price_unit": "KG"
      }
    ]
  },
  {
    "source_url": "https://www.woolworths.com.au/shop/productdetails/326758/sirena-tuna-smoky-chilli",
    "name": "Sirena Tuna Smoky Chilli 95g",
    "image_url": "https://cdn1.woolworths.media/content/wowproductimages/large/326758.jpg",
    "source_id": "Woolworths - 326758",
    "barcode": "9350177000893",
    "shop": "Woolworths",
    "weight": "1KG",
    "prices": [
      {
        "state": "VIC",
        "price": "295",
        "price_per_unit": "3105",
        "price_unit": "KG"
      },
      {
        "state": "QLD",
        "price": "295",
        "price_per_unit": "3105",
        "price_unit": "KG"
      },
      {
        "state": "WA",
        "price": "295",
        "price_per_unit": "3105",
        "price_unit": "KG"
      },
      {
        "state": "SA",
        "price": "295",
        "price_per_unit": "3105",
        "price_unit": "KG"
      },
      {
        "state": "TAS",
        "price": "295",
        "price_per_unit": "3105",
        "price_unit": "KG"
      },
      {
        "state": "ACT",
        "price": "295",
        "price_per_unit": "3105",
        "price_unit": "KG"
      },
      {
        "state": "NT",
        "price": "310",
        "price_per_unit": "3263",
        "price_unit": "KG"
      }
    ]
  },
  {
    "source_url": "https://www.woolworths.com.au/shop/productdetails/840252/sirena-tuna-snack-tub-sweet-chilli-snacking",
    "name": "Sirena Tuna Snack Tub Sweet Chilli Snacking 85g",
    "image_url": "https://cdn1.woolworths.media/content/wowproductimages/large/840252.jpg",
    "source_id": "Woolworths - 840252",
    "barcode": "9350177001043",
    "shop": "Woolworths",
    "weight": "1KG",
    "prices": [
      {
        "state": "VIC",
        "price": "320",
        "price_per_unit": "3765",
        "price_unit": "KG"
      },
      {
        "state": "QLD",
        "price": "320",
        "price_per_unit": "3765",
        "price_unit": "KG"
      },
      {
        "state": "WA",
        "price": "320",
        "price_per_unit": "3765",
        "price_unit": "KG"
      },
      {
        "state": "SA",
        "price": "320",
        "price_per_unit": "3765",
        "price_unit": "KG"
      },
      {
        "state": "TAS",
        "price": "320",
        "price_per_unit": "3765",
        "price_unit": "KG"
      },
      {
        "state": "ACT",
        "price": "320",
        "price_per_unit": "3765",
        "price_unit": "KG"
      },
      {
        "state": "NT",
        "price": "335",
        "price_per_unit": "3941",
        "price_unit": "KG"
      }
    ]
  },
  {
    "source_url": "https://www.woolworths.com.au/shop/productdetails/804685/sirena-tuna-snack-tub-tomato-onion-snacking",
    "name": "Sirena Tuna Snack Tub Tomato & Onion Snacking 85g",
    "image_url": "https://cdn1.woolworths.media/content/wowproductimages/large/804685.jpg",
    "source_id": "Woolworths - 804685",
    "barcode": "9350177001180",
    "shop": "Woolworths",
    "weight": "1KG",
    "prices": [
      {
        "state": "VIC",
        "price": "320",
        "price_per_unit": "3765",
        "price_unit": "KG"
      },
      {
        "state": "QLD",
        "price": "320",
        "price_per_unit": "3765",
        "price_unit": "KG"
      },
      {
        "state": "WA",
        "price": "320",
        "price_per_unit": "3765",
        "price_unit": "KG"
      },
      {
        "state": "SA",
        "price": "320",
        "price_per_unit": "3765",
        "price_unit": "KG"
      },
      {
        "state": "TAS",
        "price": "320",
        "price_per_unit": "3765",
        "price_unit": "KG"
      },
      {
        "state": "ACT",
        "price": "320",
        "price_per_unit": "3765",
        "price_unit": "KG"
      },
      {
        "state": "NT",
        "price": "335",
        "price_per_unit": "3941",
        "price_unit": "KG"
      }
    ]
  },
  {
    "source_url": "https://www.woolworths.com.au/shop/productdetails/840323/sirena-tuna-sweet-chilli-rice",
    "name": "Sirena Tuna Sweet Chilli Rice 170g",
    "image_url": "https://cdn1.woolworths.media/content/wowproductimages/large/840323.jpg",
    "source_id": "Woolworths - 840323",
    "barcode": "9350177001173",
    "shop": "Woolworths",
    "weight": "1KG",
    "prices": [
      {
        "state": "VIC",
        "price": "330",
        "price_per_unit": "1941",
        "price_unit": "KG"
      },
      {
        "state": "QLD",
        "price": "330",
        "price_per_unit": "1941",
        "price_unit": "KG"
      },
      {
        "state": "WA",
        "price": "330",
        "price_per_unit": "1941",
        "price_unit": "KG"
      },
      {
        "state": "SA",
        "price": "330",
        "price_per_unit": "1941",
        "price_unit": "KG"
      },
      {
        "state": "TAS",
        "price": "430",
        "price_per_unit": "2529",
        "price_unit": "KG"
      },
      {
        "state": "ACT",
        "price": "430",
        "price_per_unit": "2529",
        "price_unit": "KG"
      },
      {
        "state": "NT",
        "price": "450",
        "price_per_unit": "2647",
        "price_unit": "KG"
      }
    ]
  },
  {
    "source_url": "https://www.woolworths.com.au/shop/productdetails/302155/sirena-tuna-with-beans",
    "name": "Sirena Tuna With Beans 185g",
    "image_url": "https://cdn1.woolworths.media/content/wowproductimages/large/302155.jpg",
    "source_id": "Woolworths - 302155",
    "barcode": "9350177000350",
    "shop": "Woolworths",
    "weight": "1KG",
    "prices": [
      {
        "state": "VIC",
        "price": "470",
        "price_per_unit": "2541",
        "price_unit": "KG"
      },
      {
        "state": "QLD",
        "price": "470",
        "price_per_unit": "2541",
        "price_unit": "KG"
      },
      {
        "state": "WA",
        "price": "470",
        "price_per_unit": "2541",
        "price_unit": "KG"
      },
      {
        "state": "SA",
        "price": "470",
        "price_per_unit": "2541",
        "price_unit": "KG"
      },
      {
        "state": "TAS",
        "price": "470",
        "price_per_unit": "2541",
        "price_unit": "KG"
      },
      {
        "state": "ACT",
        "price": "470",
        "price_per_unit": "2541",
        "price_unit": "KG"
      },
      {
        "state": "NT",
        "price": "495",
        "price_per_unit": "2676",
        "price_unit": "KG"
      }
    ]
  },
  {
    "source_url": "https://www.woolworths.com.au/shop/productdetails/820408/woolworths-asian-style-tuna-quinoa-salad",
    "name": "Woolworths Asian Style Tuna Quinoa Salad 185g",
    "image_url": "https://cdn1.woolworths.media/content/wowproductimages/large/820408.jpg",
    "source_id": "Woolworths - 820408",
    "barcode": "9339687080144",
    "shop": "Woolworths",
    "weight": "1KG",
    "prices": [
      {
        "state": "VIC",
        "price": "295",
        "price_per_unit": "1595",
        "price_unit": "KG"
      },
      {
        "state": "QLD",
        "price": "295",
        "price_per_unit": "1595",
        "price_unit": "KG"
      },
      {
        "state": "WA",
        "price": "295",
        "price_per_unit": "1595",
        "price_unit": "KG"
      },
      {
        "state": "TAS",
        "price": "295",
        "price_per_unit": "1595",
        "price_unit": "KG"
      },
      {
        "state": "ACT",
        "price": "295",
        "price_per_unit": "1595",
        "price_unit": "KG"
      },
      {
        "state": "NT",
        "price": "330",
        "price_per_unit": "1784",
        "price_unit": "KG"
      }
    ]
  },
  {
    "source_url": "https://www.woolworths.com.au/shop/productdetails/820407/woolworths-mexican-style-tuna-salad",
    "name": "Woolworths Mexican Style Tuna Salad 185g",
    "image_url": "https://cdn1.woolworths.media/content/wowproductimages/large/820407.jpg",
    "source_id": "Woolworths - 820407",
    "barcode": "9339687080137",
    "shop": "Woolworths",
    "weight": "1KG",
    "prices": [
      {
        "state": "VIC",
        "price": "295",
        "price_per_unit": "1595",
        "price_unit": "KG"
      },
      {
        "state": "TAS",
        "price": "295",
        "price_per_unit": "1595",
        "price_unit": "KG"
      },
      {
        "state": "ACT",
        "price": "295",
        "price_per_unit": "1595",
        "price_unit": "KG"
      },
      {
        "state": "NT",
        "price": "330",
        "price_per_unit": "1784",
        "price_unit": "KG"
      }
    ]
  },
  {
    "source_url": "https://www.woolworths.com.au/shop/productdetails/87017/woolworths-tuna-crackers-snack-pack-thousand-island",
    "name": "Woolworths Tuna & Crackers Snack Pack Thousand Island 112g",
    "image_url": "https://cdn1.woolworths.media/content/wowproductimages/large/087017.jpg",
    "source_id": "Woolworths - 87017",
    "barcode": "9339687165520",
    "shop": "Woolworths",
    "weight": "1KG",
    "prices": [
      {
        "state": "VIC",
        "price": "210",
        "price_per_unit": "1875",
        "price_unit": "KG"
      },
      {
        "state": "TAS",
        "price": "210",
        "price_per_unit": "1875",
        "price_unit": "KG"
      },
      {
        "state": "NT",
        "price": "220",
        "price_per_unit": "1964",
        "price_unit": "KG"
      }
    ]
  },
  {
    "source_url": "https://www.woolworths.com.au/shop/productdetails/87014/woolworths-tuna-crackers-snack-pack-tomato-spinach",
    "name": "Woolworths Tuna & Crackers Snack Pack Tomato & Spinach 112g",
    "image_url": "https://cdn1.woolworths.media/content/wowproductimages/large/087014.jpg",
    "source_id": "Woolworths - 87014",
    "barcode": "9339687165490",
    "shop": "Woolworths",
    "weight": "1KG",
    "prices": [
      {
        "state": "VIC",
        "price": "210",
        "price_per_unit": "1875",
        "price_unit": "KG"
      },
      {
        "state": "TAS",
        "price": "210",
        "price_per_unit": "1875",
        "price_unit": "KG"
      },
      {
        "state": "NT",
        "price": "220",
        "price_per_unit": "1964",
        "price_unit": "KG"
      }
    ]
  },
  {
    "source_url": "https://www.woolworths.com.au/shop/productdetails/64837/woolworths-tuna-laksa",
    "name": "Woolworths Tuna Laksa 95g",
    "image_url": "https://cdn1.woolworths.media/content/wowproductimages/large/064837.jpg",
    "source_id": "Woolworths - 64837",
    "barcode": "9339687135516",
    "shop": "Woolworths",
    "weight": "1KG",
    "prices": [
      {
        "state": "VIC",
        "price": "110",
        "price_per_unit": "1158",
        "price_unit": "KG"
      },
      {
        "state": "TAS",
        "price": "110",
        "price_per_unit": "1158",
        "price_unit": "KG"
      },
      {
        "state": "NT",
        "price": "115",
        "price_per_unit": "1211",
        "price_unit": "KG"
      }
    ]
  },
  {
    "source_url": "https://www.woolworths.com.au/shop/productdetails/672828/woolworths-tuna-mayo-corn-with-crackers",
    "name": "Woolworths Tuna Mayo & Corn With Crackers 112g",
    "image_url": "https://cdn1.woolworths.media/content/wowproductimages/large/672828.jpg",
    "source_id": "Woolworths - 672828",
    "barcode": "9339687025558",
    "shop": "Woolworths",
    "weight": "1KG",
    "prices": [
      {
        "state": "VIC",
        "price": "210",
        "price_per_unit": "1875",
        "price_unit": "KG"
      },
      {
        "state": "TAS",
        "price": "210",
        "price_per_unit": "1875",
        "price_unit": "KG"
      },
      {
        "state": "NT",
        "price": "220",
        "price_per_unit": "1964",
        "price_unit": "KG"
      }
    ]
  },
  {
    "source_url": "https://www.woolworths.com.au/shop/productdetails/476705/woolworths-tuna-mexican-style",
    "name": "Woolworths Tuna Mexican Style 95g",
    "image_url": "https://cdn1.woolworths.media/content/wowproductimages/large/476705.jpg",
    "source_id": "Woolworths - 476705",
    "barcode": "9300633584573",
    "shop": "Woolworths",
    "weight": "1KG",
    "prices": [
      {
        "state": "VIC",
        "price": "110",
        "price_per_unit": "1158",
        "price_unit": "KG"
      },
      {
        "state": "TAS",
        "price": "110",
        "price_per_unit": "1158",
        "price_unit": "KG"
      },
      {
        "state": "NT",
        "price": "115",
        "price_per_unit": "1211",
        "price_unit": "KG"
      }
    ]
  },
  {
    "source_url": "https://www.woolworths.com.au/shop/productdetails/66591/woolworths-tuna-pasta-sicilian",
    "name": "Woolworths Tuna Pasta Sicilian 170g",
    "image_url": "https://cdn1.woolworths.media/content/wowproductimages/large/066591.jpg",
    "source_id": "Woolworths - 66591",
    "barcode": "9339687136223",
    "shop": "Woolworths",
    "weight": "1KG",
    "prices": [
      {
        "state": "VIC",
        "price": "295",
        "price_per_unit": "1735",
        "price_unit": "KG"
      },
      {
        "state": "TAS",
        "price": "295",
        "price_per_unit": "1735",
        "price_unit": "KG"
      },
      null
    ]
  },
  {
    "source_url": "https://www.woolworths.com.au/shop/productdetails/672826/woolworths-tuna-sweet-chilli-with-crackers",
    "name": "Woolworths Tuna Sweet Chilli With Crackers 112g",
    "image_url": "https://cdn1.woolworths.media/content/wowproductimages/large/672826.jpg",
    "source_id": "Woolworths - 672826",
    "barcode": "9339687025534",
    "shop": "Woolworths",
    "weight": "1KG",
    "prices": [
      {
        "state": "VIC",
        "price": "210",
        "price_per_unit": "1875",
        "price_unit": "KG"
      },
      {
        "state": "TAS",
        "price": "210",
        "price_per_unit": "1875",
        "price_unit": "KG"
      },
      {
        "state": "NT",
        "price": "220",
        "price_per_unit": "1964",
        "price_unit": "KG"
      }
    ]
  },
  {
    "source_url": "https://www.woolworths.com.au/shop/productdetails/194216/woolworths-tuna-tikka-masala",
    "name": "Woolworths Tuna Tikka Masala 95g",
    "image_url": "https://cdn1.woolworths.media/content/wowproductimages/large/194216.jpg",
    "source_id": "Woolworths - 194216",
    "barcode": "9339687285600",
    "shop": "Woolworths",
    "weight": "1KG",
    "prices": [
      {
        "state": "VIC",
        "price": "110",
        "price_per_unit": "1158",
        "price_unit": "KG"
      },
      {
        "state": "TAS",
        "price": "110",
        "price_per_unit": "1158",
        "price_unit": "KG"
      },
      {
        "state": "NT",
        "price": "115",
        "price_per_unit": "1211",
        "price_unit": "KG"
      }
    ]
  },
  {
    "source_url": "https://www.woolworths.com.au/shop/productdetails/194212/woolworths-yellow-fin-tuna-in-olive-oil",
    "name": "Woolworths Yellow Fin Tuna In Olive Oil 160g",
    "image_url": "https://cdn1.woolworths.media/content/wowproductimages/large/194212.jpg",
    "source_id": "Woolworths - 194212",
    "barcode": "9339687285570",
    "shop": "Woolworths",
    "weight": "1KG",
    "prices": [
      {
        "state": "VIC",
        "price": "350",
        "price_per_unit": "2188",
        "price_unit": "KG"
      },
      {
        "state": "TAS",
        "price": "350",
        "price_per_unit": "2188",
        "price_unit": "KG"
      },
      {
        "state": "NT",
        "price": "370",
        "price_per_unit": "2313",
        "price_unit": "KG"
      }
    ]
  },
  {
    "source_url": "https://www.woolworths.com.au/shop/productdetails/66605/woolworths-yellowfin-tuna-rice-yellow-curry-fried-rice",
    "name": "Woolworths Yellowfin Tuna & Rice Yellow Curry Fried Rice 190g",
    "image_url": "https://cdn1.woolworths.media/content/wowproductimages/large/066605.jpg",
    "source_id": "Woolworths - 66605",
    "barcode": "9339687136254",
    "shop": "Woolworths",
    "weight": "1KG",
    "prices": [
      {
        "state": "VIC",
        "price": "295",
        "price_per_unit": "1553",
        "price_unit": "KG"
      },
      {
        "state": "TAS",
        "price": "295",
        "price_per_unit": "1553",
        "price_unit": "KG"
      },
      {
        "state": "NT",
        "price": "330",
        "price_per_unit": "1737",
        "price_unit": "KG"
      }
    ]
  },
  {
    "source_url": "https://www.woolworths.com.au/shop/productdetails/941586/woolworths-yellowfin-tuna-in-chilli-oil",
    "name": "Woolworths Yellowfin Tuna In Chilli & Oil 95g",
    "image_url": "https://cdn1.woolworths.media/content/wowproductimages/large/941586.jpg",
    "source_id": "Woolworths - 941586",
    "barcode": "9300633529253",
    "shop": "Woolworths",
    "weight": "1KG",
    "prices": [
      {
        "state": "VIC",
        "price": "140",
        "price_per_unit": "1474",
        "price_unit": "KG"
      },
      {
        "state": "TAS",
        "price": "140",
        "price_per_unit": "1474",
        "price_unit": "KG"
      },
      {
        "state": "NT",
        "price": "145",
        "price_per_unit": "1526",
        "price_unit": "KG"
      }
    ]
  },
  {
    "source_url": "https://www.woolworths.com.au/shop/productdetails/941590/woolworths-yellowfin-tuna-in-oil",
    "name": "Woolworths Yellowfin Tuna In Oil 185g",
    "image_url": "https://cdn1.woolworths.media/content/wowproductimages/large/941590.jpg",
    "source_id": "Woolworths - 941590",
    "barcode": "9300633529284",
    "shop": "Woolworths",
    "weight": "1KG",
    "prices": [
      {
        "state": "VIC",
        "price": "250",
        "price_per_unit": "1351",
        "price_unit": "KG"
      },
      {
        "state": "TAS",
        "price": "250",
        "price_per_unit": "1351",
        "price_unit": "KG"
      },
      {
        "state": "NT",
        "price": "260",
        "price_per_unit": "1405",
        "price_unit": "KG"
      }
    ]
  },
  {
    "source_url": "https://www.woolworths.com.au/shop/productdetails/941593/woolworths-yellowfin-tuna-in-oil",
    "name": "Woolworths Yellowfin Tuna In Oil 425g",
    "image_url": "https://cdn1.woolworths.media/content/wowproductimages/large/941593.jpg",
    "source_id": "Woolworths - 941593",
    "barcode": "9300633529307",
    "shop": "Woolworths",
    "weight": "1KG",
    "prices": [
      {
        "state": "VIC",
        "price": "490",
        "price_per_unit": "1153",
        "price_unit": "KG"
      },
      {
        "state": "TAS",
        "price": "490",
        "price_per_unit": "1153",
        "price_unit": "KG"
      },
      null
    ]
  },
  {
    "source_url": "https://www.woolworths.com.au/shop/productdetails/941584/woolworths-yellowfin-tuna-in-oil",
    "name": "Woolworths Yellowfin Tuna In Oil 95g",
    "image_url": "https://cdn1.woolworths.media/content/wowproductimages/large/941584.jpg",
    "source_id": "Woolworths - 941584",
    "barcode": "9300633529246",
    "shop": "Woolworths",
    "weight": "1KG",
    "prices": [
      {
        "state": "VIC",
        "price": "140",
        "price_per_unit": "1474",
        "price_unit": "KG"
      },
      {
        "state": "TAS",
        "price": "140",
        "price_per_unit": "1474",
        "price_unit": "KG"
      },
      {
        "state": "NT",
        "price": "145",
        "price_per_unit": "1526",
        "price_unit": "KG"
      }
    ]
  },
  {
    "source_url": "https://www.woolworths.com.au/shop/productdetails/941588/woolworths-yellowfin-tuna-in-springwater",
    "name": "Woolworths Yellowfin Tuna In Springwater 185g",
    "image_url": "https://cdn1.woolworths.media/content/wowproductimages/large/941588.jpg",
    "source_id": "Woolworths - 941588",
    "barcode": "9300633529277",
    "shop": "Woolworths",
    "weight": "1KG",
    "prices": [
      {
        "state": "VIC",
        "price": "250",
        "price_per_unit": "1351",
        "price_unit": "KG"
      },
      {
        "state": "TAS",
        "price": "250",
        "price_per_unit": "1351",
        "price_unit": "KG"
      },
      {
        "state": "NT",
        "price": "260",
        "price_per_unit": "1405",
        "price_unit": "KG"
      }
    ]
  },
  {
    "source_url": "https://www.woolworths.com.au/shop/productdetails/941583/woolworths-yellowfin-tuna-in-springwater",
    "name": "Woolworths Yellowfin Tuna In Springwater 95g",
    "image_url": "https://cdn1.woolworths.media/content/wowproductimages/large/941583.jpg",
    "source_id": "Woolworths - 941583",
    "barcode": "9300633529239",
    "shop": "Woolworths",
    "weight": "1KG",
    "prices": [
      {
        "state": "VIC",
        "price": "140",
        "price_per_unit": "1474",
        "price_unit": "KG"
      },
      {
        "state": "TAS",
        "price": "140",
        "price_per_unit": "1474",
        "price_unit": "KG"
      },
      {
        "state": "NT",
        "price": "145",
        "price_per_unit": "1526",
        "price_unit": "KG"
      }
    ]
  },
  {
    "source_url": "https://www.woolworths.com.au/shop/productdetails/194215/woolworths-yellowfin-tuna-olive-oil-with-garlic-herbs",
    "name": "Woolworths Yellowfin Tuna Olive Oil With Garlic & Herbs 160g",
    "image_url": "https://cdn1.woolworths.media/content/wowproductimages/large/194215.jpg",
    "source_id": "Woolworths - 194215",
    "barcode": "9339687285594",
    "shop": "Woolworths",
    "weight": "1KG",
    "prices": [
      {
        "state": "VIC",
        "price": "350",
        "price_per_unit": "2188",
        "price_unit": "KG"
      },
      {
        "state": "TAS",
        "price": "350",
        "price_per_unit": "2188",
        "price_unit": "KG"
      },
      {
        "state": "NT",
        "price": "370",
        "price_per_unit": "2313",
        "price_unit": "KG"
      }
    ]
  },
  {
    "source_url": "https://www.woolworths.com.au/shop/productdetails/194213/woolworths-yellowfin-tuna-olive-oil-with-red-chilli",
    "name": "Woolworths Yellowfin Tuna Olive Oil With Red Chilli 160g",
    "image_url": "https://cdn1.woolworths.media/content/wowproductimages/large/194213.jpg",
    "source_id": "Woolworths - 194213",
    "barcode": "9339687285587",
    "shop": "Woolworths",
    "weight": "1KG",
    "prices": [
      {
        "state": "VIC",
        "price": "350",
        "price_per_unit": "2188",
        "price_unit": "KG"
      },
      {
        "state": "TAS",
        "price": "350",
        "price_per_unit": "2188",
        "price_unit": "KG"
      },
      {
        "state": "NT",
        "price": "370",
        "price_per_unit": "2313",
        "price_unit": "KG"
      }
    ]
  },
  {
    "source_url": "https://www.woolworths.com.au/shop/productdetails/676655/woolworths-yellowfin-tuna-slices-in-olive-oil",
    "name": "Woolworths Yellowfin Tuna Slices In Olive Oil 125g",
    "image_url": "https://cdn1.woolworths.media/content/wowproductimages/large/676655.jpg",
    "source_id": "Woolworths - 676655",
    "barcode": "9339687032525",
    "shop": "Woolworths",
    "weight": "1KG",
    "prices": [
      {
        "state": "VIC",
        "price": "250",
        "price_per_unit": "2000",
        "price_unit": "KG"
      },
      {
        "state": "TAS",
        "price": "250",
        "price_per_unit": "2000",
        "price_unit": "KG"
      },
      {
        "state": "NT",
        "price": "265",
        "price_per_unit": "2120",
        "price_unit": "KG"
      }
    ]
  },
  {
    "source_url": "https://www.woolworths.com.au/shop/productdetails/676656/woolworths-yellowfin-tuna-slices-in-olive-oil-with-chilli",
    "name": "Woolworths Yellowfin Tuna Slices In Olive Oil With Chilli 125g",
    "image_url": "https://cdn1.woolworths.media/content/wowproductimages/large/676656.jpg",
    "source_id": "Woolworths - 676656",
    "barcode": "9339687032532",
    "shop": "Woolworths",
    "weight": "1KG",
    "prices": [
      {
        "state": "VIC",
        "price": "250",
        "price_per_unit": "2000",
        "price_unit": "KG"
      },
      {
        "state": "TAS",
        "price": "250",
        "price_per_unit": "2000",
        "price_unit": "KG"
      },
      {
        "state": "NT",
        "price": "265",
        "price_per_unit": "2120",
        "price_unit": "KG"
      }
    ]
  },
  {
    "source_url": "https://www.woolworths.com.au/shop/productdetails/128995/ortiz-tuna-in-olive-oil-tin",
    "name": "Ortiz Tuna In Olive Oil Tin 112g",
    "image_url": "https://cdn1.woolworths.media/content/wowproductimages/large/128995.jpg",
    "source_id": "Woolworths - 128995",
    "barcode": "8411320334027",
    "shop": "Woolworths",
    "weight": "100G",
    "prices": [
      {
        "state": "ACT",
        "price": "1000",
        "price_per_unit": "893",
        "price_unit": "G"
      }
    ]
  },
  {
    "source_url": "https://www.woolworths.com.au/shop/productdetails/887523/safcol-wild-caught-tuna-chilli",
    "name": "Safcol Wild Caught Tuna Chilli 95g",
    "image_url": "https://cdn1.woolworths.media/content/wowproductimages/large/887523.jpg",
    "source_id": "Woolworths - 887523",
    "barcode": "9310768115696",
    "shop": "Woolworths",
    "weight": "1KG",
    "prices": [
      {
        "state": "ACT",
        "price": "270",
        "price_per_unit": "2842",
        "price_unit": "KG"
      }
    ]
  },
  {
    "source_url": "https://www.woolworths.com.au/shop/productdetails/888484/safcol-wild-caught-tuna-smoked-flavour",
    "name": "Safcol Wild Caught Tuna Smoked Flavour 95g",
    "image_url": "https://cdn1.woolworths.media/content/wowproductimages/large/888484.jpg",
    "source_id": "Woolworths - 888484",
    "barcode": "9310768115719",
    "shop": "Woolworths",
    "weight": "1KG",
    "prices": [
      {
        "state": "ACT",
        "price": "270",
        "price_per_unit": "2842",
        "price_unit": "KG"
      }
    ]
  },
  {
    "source_url": "https://www.woolworths.com.au/shop/productdetails/886899/safcol-wild-caught-tuna-tomato-onion",
    "name": "Safcol Wild Caught Tuna Tomato & Onion 95g",
    "image_url": "https://cdn1.woolworths.media/content/wowproductimages/large/886899.jpg",
    "source_id": "Woolworths - 886899",
    "barcode": "9310768115702",
    "shop": "Woolworths",
    "weight": "1KG",
    "prices": [
      {
        "state": "ACT",
        "price": "270",
        "price_per_unit": "2842",
        "price_unit": "KG"
      }
    ]
  }
]