[
  {
    "source_url": "https://www.woolworths.com.au/shop/productdetails/1075965488/benny-s-gourmet-american-mayonnaise-887g-x-2",
    "name": "Benny's Gourmet American Mayonnaise 887g x 2",
    "image_url": "https://cdn1.woolworths.media/content/wowproductimages/large/1075965488.jpg",
    "source_id": "Woolworths - 1075965488",
    "barcode": null,
    "shop": "Woolworths",
    "weight": "100G",
    "prices": [
      {
        "state": "NSW",
        "price": "4499",
        "price_per_unit": "254",
        "price_unit": "G"
      },
      {
        "state": "VIC",
        "price": "4499",
        "price_per_unit": "254",
        "price_unit": "G"
      },
      {
        "state": "QLD",
        "price": "4499",
        "price_per_unit": "254",
        "price_unit": "G"
      },
      {
        "state": "WA",
        "price": "4499",
        "price_per_unit": "254",
        "price_unit": "G"
      },
      {
        "state": "SA",
        "price": "4499",
        "price_per_unit": "254",
        "price_unit": "G"
      },
      {
        "state": "TAS",
        "price": "4499",
        "price_per_unit": "254",
        "price_unit": "G"
      },
      {
        "state": "ACT",
        "price": "4499",
        "price_per_unit": "254",
        "price_unit": "G"
      },
      {
        "state": "NT",
        "price": "4499",
        "price_per_unit": "254",
        "price_unit": "G"
      }
    ]
  },
  {
    "source_url": "https://www.woolworths.com.au/shop/productdetails/1074032853/best-foods-real-mayonnaise-1-9-ltr",
    "name": "Best Foods Real Mayonnaise 1.9 Ltr",
    "image_url": "https://cdn1.woolworths.media/content/wowproductimages/large/1074032853.jpg",
    "source_id": "Woolworths - 1074032853",
    "barcode": null,
    "shop": "Woolworths",
    "weight": "1EA",
    "prices": [
      {
        "state": "NSW",
        "price": "3675",
        "price_per_unit": "1838",
        "price_unit": "EA"
      },
      {
        "state": "VIC",
        "price": "3675",
        "price_per_unit": "1838",
        "price_unit": "EA"
      },
      {
        "state": "QLD",
        "price": "3675",
        "price_per_unit": "1838",
        "price_unit": "EA"
      },
      {
        "state": "WA",
        "price": "3675",
        "price_per_unit": "1838",
        "price_unit": "EA"
      },
      {
        "state": "SA",
        "price": "3675",
        "price_per_unit": "1838",
        "price_unit": "EA"
      },
      {
        "state": "TAS",
        "price": "3675",
        "price_per_unit": "1838",
        "price_unit": "EA"
      },
      {
        "state": "ACT",
        "price": "3675",
        "price_per_unit": "1838",
        "price_unit": "EA"
      },
      {
        "state": "NT",
        "price": "3675",
        "price_per_unit": "1838",
        "price_unit": "EA"
      }
    ]
  },
  {
    "source_url": "https://www.woolworths.com.au/shop/productdetails/302745/doodles-creek-aioli",
    "name": "Doodles Creek Aioli 285g",
    "image_url": "https://cdn1.woolworths.media/content/wowproductimages/large/302745.jpg",
    "source_id": "Woolworths - 302745",
    "barcode": "9338516000148",
    "shop": "Woolworths",
    "weight": "100G",
    "prices": [
      {
        "state": "NSW",
        "price": "1050",
        "price_per_unit": "368",
        "price_unit": "G"
      },
      {
        "state": "SA",
        "price": "1050",
        "price_per_unit": "368",
        "price_unit": "G"
      },
      {
        "state": "TAS",
        "price": "1200",
        "price_per_unit": "421",
        "price_unit": "G"
      },
      {
        "state": "ACT",
        "price": "1050",
        "price_per_unit": "368",
        "price_unit": "G"
      }
    ]
  },
  {
    "source_url": "https://www.woolworths.com.au/shop/productdetails/302756/doodles-creek-mayonnaise",
    "name": "Doodles Creek Mayonnaise 285g",
    "image_url": "https://cdn1.woolworths.media/content/wowproductimages/large/302756.jpg",
    "source_id": "Woolworths - 302756",
    "barcode": "9338516000018",
    "shop": "Woolworths",
    "weight": "100G",
    "prices": [
      {
        "state": "NSW",
        "price": "1050",
        "price_per_unit": "368",
        "price_unit": "G"
      },
      {
        "state": "SA",
        "price": "1050",
        "price_per_unit": "368",
        "price_unit": "G"
      },
      {
        "state": "TAS",
        "price": "1050",
        "price_per_unit": "368",
        "price_unit": "G"
      },
      {
        "state": "ACT",
        "price": "1050",
        "price_per_unit": "368",
        "price_unit": "G"
      }
    ]
  },
  {
    "source_url": "https://www.woolworths.com.au/shop/productdetails/302964/doodles-creek-mayonnaise-chilli-lime-coriander",
    "name": "Doodles Creek Mayonnaise Chilli Lime & Coriander 285g",
    "image_url": "https://cdn1.woolworths.media/content/wowproductimages/large/302964.jpg",
    "source_id": "Woolworths - 302964",
    "barcode": "9338516000032",
    "shop": "Woolworths",
    "weight": "100G",
    "prices": [
      {
        "state": "NSW",
        "price": "1050",
        "price_per_unit": "368",
        "price_unit": "G"
      },
      {
        "state": "SA",
        "price": "1050",
        "price_per_unit": "368",
        "price_unit": "G"
      },
      {
        "state": "TAS",
        "price": "1050",
        "price_per_unit": "368",
        "price_unit": "G"
      },
      {
        "state": "ACT",
        "price": "1050",
        "price_per_unit": "368",
        "price_unit": "G"
      }
    ]
  },
  {
    "source_url": "https://www.woolworths.com.au/shop/productdetails/302966/doodles-creek-mayonnaise-dill-lime",
    "name": "Doodles Creek Mayonnaise Dill & Lime 285g",
    "image_url": "https://cdn1.woolworths.media/content/wowproductimages/large/302966.jpg",
    "source_id": "Woolworths - 302966",
    "barcode": "9338516000087",
    "shop": "Woolworths",
    "weight": "100G",
    "prices": [
      {
        "state": "NSW",
        "price": "1050",
        "price_per_unit": "368",
        "price_unit": "G"
      },
      {
        "state": "SA",
        "price": "1050",
        "price_per_unit": "368",
        "price_unit": "G"
      },
      {
        "state": "TAS",
        "price": "1050",
        "price_per_unit": "368",
        "price_unit": "G"
      },
      {
        "state": "ACT",
        "price": "1050",
        "price_per_unit": "368",
        "price_unit": "G"
      }
    ]
  },
  {
    "source_url": "https://www.woolworths.com.au/shop/productdetails/35067/heinz-salad-cream-with-natural-flavours-no-preservatives",
    "name": "Heinz Salad Cream With Natural Flavours & No Preservatives 250g",
    "image_url": "https://cdn1.woolworths.media/content/wowproductimages/large/035067.jpg",
    "source_id": "Woolworths - 35067",
    "barcode": "93657778",
    "shop": "Woolworths",
    "weight": "100G",
    "prices": [
      {
        "state": "NSW",
        "price": "400",
        "price_per_unit": "160",
        "price_unit": "G"
      },
      {
        "state": "VIC",
        "price": "400",
        "price_per_unit": "160",
        "price_unit": "G"
      },
      {
        "state": "QLD",
        "price": "400",
        "price_per_unit": "160",
        "price_unit": "G"
      },
      {
        "state": "WA",
        "price": "400",
        "price_per_unit": "160",
        "price_unit": "G"
      },
      {
        "state": "SA",
        "price": "400",
        "price_per_unit": "160",
        "price_unit": "G"
      },
      {
        "state": "TAS",
        "price": "400",
        "price_per_unit": "160",
        "price_unit": "G"
      },
      {
        "state": "ACT",
        "price": "400",
        "price_per_unit": "160",
        "price_unit": "G"
      },
      {
        "state": "NT",
        "price": "420",
        "price_per_unit": "168",
        "price_unit": "G"
      },
      {
        "state": "NT",
        "price": "400",
        "price_per_unit": "160",
        "price_unit": "G"
      }
    ]
  },
  {
    "source_url": "https://www.woolworths.com.au/shop/productdetails/706158/heinz-seriously-good-garlic-aioli-mayonnaise-mayo",
    "name": "Heinz Seriously Good Garlic Aioli Mayonnaise Mayo 295ml",
    "image_url": "https://cdn1.woolworths.media/content/wowproductimages/large/706158.jpg",
    "source_id": "Woolworths - 706158",
    "barcode": "9300657021450",
    "shop": "Woolworths",
    "weight": "100ML",
    "prices": [
      {
        "state": "NSW",
        "price": "550",
        "price_per_unit": "186",
        "price_unit": "ML"
      },
      {
        "state": "VIC",
        "price": "550",
        "price_per_unit": "186",
        "price_unit": "ML"
      },
      {
        "state": "QLD",
        "price": "550",
        "price_per_unit": "186",
        "price_unit": "ML"
      },
      {
        "state": "WA",
        "price": "550",
        "price_per_unit": "186",
        "price_unit": "ML"
      },
      {
        "state": "SA",
        "price": "550",
        "price_per_unit": "186",
        "price_unit": "ML"
      },
      {
        "state": "TAS",
        "price": "550",
        "price_per_unit": "186",
        "price_unit": "ML"
      },
      {
        "state": "ACT",
        "price": "450",
        "price_per_unit": "153",
        "price_unit": "ML"
      },
      {
        "state": "NT",
        "price": "480",
        "price_per_unit": "163",
        "price_unit": "ML"
      },
      {
        "state": "NT",
        "price": "450",
        "price_per_unit": "153",
        "price_unit": "ML"
      }
    ]
  },
  {
    "source_url": "https://www.woolworths.com.au/shop/productdetails/799459/heinz-seriously-good-mayonnaise-garlic-aioli-mayo",
    "name": "Heinz Seriously Good Mayonnaise Garlic Aioli Mayo 500ml",
    "image_url": "https://cdn1.woolworths.media/content/wowproductimages/large/799459.jpg",
    "source_id": "Woolworths - 799459",
    "barcode": "9300657021870",
    "shop": "Woolworths",
    "weight": "100ML",
    "prices": [
      {
        "state": "NSW",
        "price": "650",
        "price_per_unit": "130",
        "price_unit": "ML"
      },
      {
        "state": "VIC",
        "price": "650",
        "price_per_unit": "130",
        "price_unit": "ML"
      },
      {
        "state": "QLD",
        "price": "650",
        "price_per_unit": "130",
        "price_unit": "ML"
      },
      {
        "state": "WA",
        "price": "650",
        "price_per_unit": "130",
        "price_unit": "ML"
      },
      {
        "state": "SA",
        "price": "650",
        "price_per_unit": "130",
        "price_unit": "ML"
      },
      {
        "state": "TAS",
        "price": "650",
        "price_per_unit": "130",
        "price_unit": "ML"
      },
      {
        "state": "ACT",
        "price": "830",
        "price_per_unit": "166",
        "price_unit": "ML"
      },
      {
        "state": "NT",
        "price": "870",
        "price_per_unit": "174",
        "price_unit": "ML"
      },
      {
        "state": "NT",
        "price": "830",
        "price_per_unit": "166",
        "price_unit": "ML"
      }
    ]
  },
  {
    "source_url": "https://www.woolworths.com.au/shop/productdetails/535642/heinz-seriously-good-mayonnaise-garlic-lovers-aioli-mayo",
    "name": "Heinz Seriously Good Mayonnaise Garlic Lovers Aioli Mayo 295ml",
    "image_url": "https://cdn1.woolworths.media/content/wowproductimages/large/535642.jpg",
    "source_id": "Woolworths - 535642",
    "barcode": "9300657021825",
    "shop": "Woolworths",
    "weight": "100ML",
    "prices": [
      {
        "state": "NSW",
        "price": "550",
        "price_per_unit": "186",
        "price_unit": "ML"
      },
      {
        "state": "VIC",
        "price": "550",
        "price_per_unit": "186",
        "price_unit": "ML"
      },
      {
        "state": "QLD",
        "price": "550",
        "price_per_unit": "186",
        "price_unit": "ML"
      },
      {
        "state": "WA",
        "price": "550",
        "price_per_unit": "186",
        "price_unit": "ML"
      },
      {
        "state": "SA",
        "price": "550",
        "price_per_unit": "186",
        "price_unit": "ML"
      },
      {
        "state": "TAS",
        "price": "550",
        "price_per_unit": "186",
        "price_unit": "ML"
      },
      {
        "state": "ACT",
        "price": "450",
        "price_per_unit": "153",
        "price_unit": "ML"
      },
      {
        "state": "NT",
        "price": "480",
        "price_per_unit": "163",
        "price_unit": "ML"
      },
      {
        "state": "NT",
        "price": "450",
        "price_per_unit": "153",
        "price_unit": "ML"
      }
    ]
  },
  {
    "source_url": "https://www.woolworths.com.au/shop/productdetails/332185/heinz-seriously-good-mayonnaise-original-mayo",
    "name": "Heinz Seriously Good Mayonnaise Original Mayo 295ml",
    "image_url": "https://cdn1.woolworths.media/content/wowproductimages/large/332185.jpg",
    "source_id": "Woolworths - 332185",
    "barcode": "9300657021443",
    "shop": "Woolworths",
    "weight": "100ML",
    "prices": [
      {
        "state": "NSW",
        "price": "550",
        "price_per_unit": "186",
        "price_unit": "ML"
      },
      {
        "state": "VIC",
        "price": "550",
        "price_per_unit": "186",
        "price_unit": "ML"
      },
      {
        "state": "QLD",
        "price": "550",
        "price_per_unit": "186",
        "price_unit": "ML"
      },
      {
        "state": "WA",
        "price": "550",
        "price_per_unit": "186",
        "price_unit": "ML"
      },
      {
        "state": "SA",
        "price": "550",
        "price_per_unit": "186",
        "price_unit": "ML"
      },
      {
        "state": "TAS",
        "price": "550",
        "price_per_unit": "186",
        "price_unit": "ML"
      },
      {
        "state": "ACT",
        "price": "450",
        "price_per_unit": "153",
        "price_unit": "ML"
      },
      {
        "state": "NT",
        "price": "480",
        "price_per_unit": "163",
        "price_unit": "ML"
      },
      {
        "state": "NT",
        "price": "450",
        "price_per_unit": "153",
        "price_unit": "ML"
      }
    ]
  },
  {
    "source_url": "https://www.woolworths.com.au/shop/productdetails/787154/heinz-seriously-good-mayonnaise-spicy-peri-peri-mayo",
    "name": "Heinz Seriously Good Mayonnaise Spicy Peri Peri Mayo 295ml",
    "image_url": "https://cdn1.woolworths.media/content/wowproductimages/large/787154.jpg",
    "source_id": "Woolworths - 787154",
    "barcode": "9300657021696",
    "shop": "Woolworths",
    "weight": "100ML",
    "prices": [
      {
        "state": "NSW",
        "price": "550",
        "price_per_unit": "186",
        "price_unit": "ML"
      },
      {
        "state": "VIC",
        "price": "550",
        "price_per_unit": "186",
        "price_unit": "ML"
      },
      {
        "state": "QLD",
        "price": "550",
        "price_per_unit": "186",
        "price_unit": "ML"
      },
      {
        "state": "WA",
        "price": "550",
        "price_per_unit": "186",
        "price_unit": "ML"
      },
      {
        "state": "SA",
        "price": "550",
        "price_per_unit": "186",
        "price_unit": "ML"
      },
      {
        "state": "TAS",
        "price": "550",
        "price_per_unit": "186",
        "price_unit": "ML"
      },
      {
        "state": "ACT",
        "price": "450",
        "price_per_unit": "153",
        "price_unit": "ML"
      },
      {
        "state": "NT",
        "price": "480",
        "price_per_unit": "163",
        "price_unit": "ML"
      },
      {
        "state": "NT",
        "price": "450",
        "price_per_unit": "153",
        "price_unit": "ML"
      }
    ]
  },
  {
    "source_url": "https://www.woolworths.com.au/shop/productdetails/164662/heinz-seriously-good-mayonnaise-vegan-aioli-mayo",
    "name": "Heinz Seriously Good Mayonnaise Vegan Aioli Mayo 270ml",
    "image_url": "https://cdn1.woolworths.media/content/wowproductimages/large/164662.jpg",
    "source_id": "Woolworths - 164662",
    "barcode": "9300657022228",
    "shop": "Woolworths",
    "weight": "100ML",
    "prices": [
      {
        "state": "NSW",
        "price": "480",
        "price_per_unit": "178",
        "price_unit": "ML"
      },
      {
        "state": "VIC",
        "price": "480",
        "price_per_unit": "178",
        "price_unit": "ML"
      },
      {
        "state": "QLD",
        "price": "480",
        "price_per_unit": "178",
        "price_unit": "ML"
      },
      {
        "state": "WA",
        "price": "480",
        "price_per_unit": "178",
        "price_unit": "ML"
      },
      {
        "state": "SA",
        "price": "480",
        "price_per_unit": "178",
        "price_unit": "ML"
      },
      {
        "state": "TAS",
        "price": "600",
        "price_per_unit": "222",
        "price_unit": "ML"
      },
      {
        "state": "ACT",
        "price": "600",
        "price_per_unit": "222",
        "price_unit": "ML"
      },
      {
        "state": "NT",
        "price": "630",
        "price_per_unit": "233",
        "price_unit": "ML"
      },
      {
        "state": "NT",
        "price": "600",
        "price_per_unit": "222",
        "price_unit": "ML"
      }
    ]
  },
  {
    "source_url": "https://www.woolworths.com.au/shop/productdetails/364435/kewpie-japanese-mayonnaise",
    "name": "Kewpie Japanese Mayonnaise 500g",
    "image_url": "https://cdn1.woolworths.media/content/wowproductimages/large/364435.jpg",
    "source_id": "Woolworths - 364435",
    "barcode": "8852511011448",
    "shop": "Woolworths",
    "weight": "100G",
    "prices": [
      {
        "state": "NSW",
        "price": "800",
        "price_per_unit": "160",
        "price_unit": "G"
      },
      {
        "state": "VIC",
        "price": "800",
        "price_per_unit": "160",
        "price_unit": "G"
      },
      {
        "state": "QLD",
        "price": "800",
        "price_per_unit": "160",
        "price_unit": "G"
      },
      {
        "state": "WA",
        "price": "800",
        "price_per_unit": "160",
        "price_unit": "G"
      },
      {
        "state": "SA",
        "price": "800",
        "price_per_unit": "160",
        "price_unit": "G"
      },
      {
        "state": "TAS",
        "price": "800",
        "price_per_unit": "160",
        "price_unit": "G"
      },
      {
        "state": "ACT",
        "price": "800",
        "price_per_unit": "160",
        "price_unit": "G"
      },
      {
        "state": "ACT",
        "price": "800",
        "price_per_unit": "160",
        "price_unit": "G"
      },
      {
        "state": "NT",
        "price": "800",
        "price_per_unit": "160",
        "price_unit": "G"
      }
    ]
  },
  {
    "source_url": "https://www.woolworths.com.au/shop/productdetails/1074496766/kewpie-mayonnaise-1kg",
    "name": "Kewpie Mayonnaise 1kg",
    "image_url": "https://cdn1.woolworths.media/content/wowproductimages/large/1074496766.jpg",
    "source_id": "Woolworths - 1074496766",
    "barcode": null,
    "shop": "Woolworths",
    "weight": "100G",
    "prices": [
      {
        "state": "NSW",
        "price": "3149",
        "price_per_unit": "315",
        "price_unit": "G"
      },
      {
        "state": "VIC",
        "price": "3149",
        "price_per_unit": "315",
        "price_unit": "G"
      },
      {
        "state": "QLD",
        "price": "3149",
        "price_per_unit": "315",
        "price_unit": "G"
      },
      {
        "state": "WA",
        "price": "3149",
        "price_per_unit": "315",
        "price_unit": "G"
      },
      {
        "state": "SA",
        "price": "3149",
        "price_per_unit": "315",
        "price_unit": "G"
      },
      {
        "state": "TAS",
        "price": "3149",
        "price_per_unit": "315",
        "price_unit": "G"
      },
      {
        "state": "ACT",
        "price": "3149",
        "price_per_unit": "315",
        "price_unit": "G"
      },
      {
        "state": "ACT",
        "price": "3149",
        "price_per_unit": "315",
        "price_unit": "G"
      },
      {
        "state": "NT",
        "price": "3149",
        "price_per_unit": "315",
        "price_unit": "G"
      }
    ]
  },
  {
    "source_url": "https://www.woolworths.com.au/shop/productdetails/1075975585/kiwi-style-mayonnaise-mayo-6l-bulk",
    "name": "Kiwi Style Mayonnaise Mayo 6L Bulk",
    "image_url": "https://cdn1.woolworths.media/content/wowproductimages/large/1075975585.jpg",
    "source_id": "Woolworths - 1075975585",
    "barcode": null,
    "shop": "Woolworths",
    "weight": "1EA",
    "prices": [
      {
        "state": "NSW",
        "price": "7995",
        "price_per_unit": "7995",
        "price_unit": "EA"
      },
      {
        "state": "VIC",
        "price": "7995",
        "price_per_unit": "7995",
        "price_unit": "EA"
      },
      {
        "state": "QLD",
        "price": "7995",
        "price_per_unit": "7995",
        "price_unit": "EA"
      },
      {
        "state": "WA",
        "price": "7995",
        "price_per_unit": "7995",
        "price_unit": "EA"
      },
      {
        "state": "SA",
        "price": "7995",
        "price_per_unit": "7995",
        "price_unit": "EA"
      },
      {
        "state": "TAS",
        "price": "7995",
        "price_per_unit": "7995",
        "price_unit": "EA"
      },
      {
        "state": "ACT",
        "price": "7995",
        "price_per_unit": "7995",
        "price_unit": "EA"
      },
      {
        "state": "ACT",
        "price": "7995",
        "price_per_unit": "7995",
        "price_unit": "EA"
      },
      {
        "state": "NT",
        "price": "7995",
        "price_per_unit": "7995",
        "price_unit": "EA"
      }
    ]
  },
  {
    "source_url": "https://www.woolworths.com.au/shop/productdetails/1075975587/kiwi-style-tartare-sauce-seafood-6-7l-bulk",
    "name": "Kiwi Style Tartare Sauce Seafood 6.7L Bulk",
    "image_url": "https://cdn1.woolworths.media/content/wowproductimages/large/1075975587.jpg",
    "source_id": "Woolworths - 1075975587",
    "barcode": null,
    "shop": "Woolworths",
    "weight": "1EA",
    "prices": [
      {
        "state": "NSW",
        "price": "8995",
        "price_per_unit": "8995",
        "price_unit": "EA"
      },
      {
        "state": "VIC",
        "price": "8995",
        "price_per_unit": "8995",
        "price_unit": "EA"
      },
      {
        "state": "QLD",
        "price": "8995",
        "price_per_unit": "8995",
        "price_unit": "EA"
      },
      {
        "state": "WA",
        "price": "8995",
        "price_per_unit": "8995",
        "price_unit": "EA"
      },
      {
        "state": "SA",
        "price": "8995",
        "price_per_unit": "8995",
        "price_unit": "EA"
      },
      {
        "state": "TAS",
        "price": "8995",
        "price_per_unit": "8995",
        "price_unit": "EA"
      },
      {
        "state": "ACT",
        "price": "8995",
        "price_per_unit": "8995",
        "price_unit": "EA"
      },
      {
        "state": "ACT",
        "price": "8995",
        "price_per_unit": "8995",
        "price_unit": "EA"
      },
      {
        "state": "NT",
        "price": "8995",
        "price_per_unit": "8995",
        "price_unit": "EA"
      }
    ]
  },
  {
    "source_url": "https://www.woolworths.com.au/shop/productdetails/1075557243/masterfoods-homestyle-mayonnaise-mayo-2-6kg-bottle-bulk",
    "name": "Masterfoods Homestyle Mayonnaise Mayo 2.6kg Bottle Bulk",
    "image_url": "https://cdn1.woolworths.media/content/wowproductimages/large/1075557243.jpg",
    "source_id": "Woolworths - 1075557243",
    "barcode": null,
    "shop": "Woolworths",
    "weight": "1EA",
    "prices": [
      {
        "state": "NSW",
        "price": "3495",
        "price_per_unit": "3495",
        "price_unit": "EA"
      },
      {
        "state": "VIC",
        "price": "3495",
        "price_per_unit": "3495",
        "price_unit": "EA"
      },
      {
        "state": "QLD",
        "price": "3495",
        "price_per_unit": "3495",
        "price_unit": "EA"
      },
      {
        "state": "WA",
        "price": "3495",
        "price_per_unit": "3495",
        "price_unit": "EA"
      },
      {
        "state": "SA",
        "price": "3495",
        "price_per_unit": "3495",
        "price_unit": "EA"
      },
      {
        "state": "TAS",
        "price": "3495",
        "price_per_unit": "3495",
        "price_unit": "EA"
      },
      {
        "state": "ACT",
        "price": "3495",
        "price_per_unit": "3495",
        "price_unit": "EA"
      },
      {
        "state": "NT",
        "price": "3495",
        "price_per_unit": "3495",
        "price_unit": "EA"
      }
    ]
  },
  {
    "source_url": "https://www.woolworths.com.au/shop/productdetails/1075501747/masterfoods-mayonnaise-sauce-squeezy-individual-portions-11g-100-carton-squeeze-bulk-box",
    "name": "Masterfoods Mayonnaise Sauce Squeezy Individual Portions 11g 100 Carton Squeeze Bulk Box",
    "image_url": "https://cdn1.woolworths.media/content/wowproductimages/large/1075501747.jpg",
    "source_id": "Woolworths - 1075501747",
    "barcode": null,
    "shop": "Woolworths",
    "weight": "1EA",
    "prices": [
      {
        "state": "NSW",
        "price": "5000",
        "price_per_unit": "50",
        "price_unit": "EA"
      },
      {
        "state": "VIC",
        "price": "5000",
        "price_per_unit": "50",
        "price_unit": "EA"
      },
      {
        "state": "QLD",
        "price": "5000",
        "price_per_unit": "50",
        "price_unit": "EA"
      },
      {
        "state": "WA",
        "price": "5000",
        "price_per_unit": "50",
        "price_unit": "EA"
      },
      {
        "state": "SA",
        "price": "5000",
        "price_per_unit": "50",
        "price_unit": "EA"
      },
      {
        "state": "TAS",
        "price": "5000",
        "price_per_unit": "50",
        "price_unit": "EA"
      },
      {
        "state": "ACT",
        "price": "5000",
        "price_per_unit": "50",
        "price_unit": "EA"
      },
      {
        "state": "NT",
        "price": "5000",
        "price_per_unit": "50",
        "price_unit": "EA"
      }
    ]
  },
  {
    "source_url": "https://www.woolworths.com.au/shop/productdetails/1075557239/masterfoods-professional-tartare-sauce-fish-2-3kg-bottle-bulk",
    "name": "Masterfoods Professional Tartare Sauce Fish 2.3kg Bottle Bulk",
    "image_url": "https://cdn1.woolworths.media/content/wowproductimages/large/1075557239.jpg",
    "source_id": "Woolworths - 1075557239",
    "barcode": null,
    "shop": "Woolworths",
    "weight": "1EA",
    "prices": [
      {
        "state": "NSW",
        "price": "5000",
        "price_per_unit": "5000",
        "price_unit": "EA"
      },
      {
        "state": "VIC",
        "price": "5000",
        "price_per_unit": "5000",
        "price_unit": "EA"
      },
      {
        "state": "QLD",
        "price": "5000",
        "price_per_unit": "5000",
        "price_unit": "EA"
      },
      {
        "state": "WA",
        "price": "5000",
        "price_per_unit": "5000",
        "price_unit": "EA"
      },
      {
        "state": "SA",
        "price": "5000",
        "price_per_unit": "5000",
        "price_unit": "EA"
      },
      {
        "state": "TAS",
        "price": "5000",
        "price_per_unit": "5000",
        "price_unit": "EA"
      },
      {
        "state": "ACT",
        "price": "5000",
        "price_per_unit": "5000",
        "price_unit": "EA"
      },
      {
        "state": "NT",
        "price": "5000",
        "price_per_unit": "5000",
        "price_unit": "EA"
      }
    ]
  },
  {
    "source_url": "https://www.woolworths.com.au/shop/productdetails/1075501740/masterfoods-tartare-sauce-squeezy-individual-portions-11g-100-carton-squeeze-bulk-box",
    "name": "Masterfoods Tartare Sauce Squeezy Individual Portions 11g 100 Carton Squeeze Bulk Box",
    "image_url": "https://cdn1.woolworths.media/content/wowproductimages/large/1075501740.jpg",
    "source_id": "Woolworths - 1075501740",
    "barcode": null,
    "shop": "Woolworths",
    "weight": "1EA",
    "prices": [
      {
        "state": "NSW",
        "price": "5000",
        "price_per_unit": "50",
        "price_unit": "EA"
      },
      {
        "state": "VIC",
        "price": "5000",
        "price_per_unit": "50",
        "price_unit": "EA"
      },
      {
        "state": "QLD",
        "price": "5000",
        "price_per_unit": "50",
        "price_unit": "EA"
      },
      {
        "state": "WA",
        "price": "5000",
        "price_per_unit": "50",
        "price_unit": "EA"
      },
      {
        "state": "SA",
        "price": "5000",
        "price_per_unit": "50",
        "price_unit": "EA"
      },
      {
        "state": "TAS",
        "price": "5000",
        "price_per_unit": "50",
        "price_unit": "EA"
      },
      {
        "state": "ACT",
        "price": "5000",
        "price_per_unit": "50",
        "price_unit": "EA"
      },
      {
        "state": "NT",
        "price": "5000",
        "price_per_unit": "50",
        "price_unit": "EA"
      }
    ]
  },
  {
    "source_url": "https://www.woolworths.com.au/shop/productdetails/1075557221/masterfoods-vegan-mayonnaise-gluten-free-2-2kg-bulk",
    "name": "Masterfoods Vegan Mayonnaise Gluten Free 2.2kg Bulk",
    "image_url": "https://cdn1.woolworths.media/content/wowproductimages/large/1075557221.jpg",
    "source_id": "Woolworths - 1075557221",
    "barcode": null,
    "shop": "Woolworths",
    "weight": "1EA",
    "prices": [
      {
        "state": "NSW",
        "price": "3995",
        "price_per_unit": "3995",
        "price_unit": "EA"
      },
      {
        "state": "VIC",
        "price": "3995",
        "price_per_unit": "3995",
        "price_unit": "EA"
      },
      {
        "state": "QLD",
        "price": "3995",
        "price_per_unit": "3995",
        "price_unit": "EA"
      },
      {
        "state": "WA",
        "price": "3995",
        "price_per_unit": "3995",
        "price_unit": "EA"
      },
      {
        "state": "SA",
        "price": "3995",
        "price_per_unit": "3995",
        "price_unit": "EA"
      },
      {
        "state": "TAS",
        "price": "3995",
        "price_per_unit": "3995",
        "price_unit": "EA"
      },
      {
        "state": "ACT",
        "price": "3995",
        "price_per_unit": "3995",
        "price_unit": "EA"
      },
      {
        "state": "NT",
        "price": "3995",
        "price_per_unit": "3995",
        "price_unit": "EA"
      }
    ]
  },
  {
    "source_url": "https://www.woolworths.com.au/shop/productdetails/919323/praise-99-fat-free-mayo",
    "name": "Praise 99% Fat Free Mayo 280g",
    "image_url": "https://cdn1.woolworths.media/content/wowproductimages/large/919323.jpg",
    "source_id": "Woolworths - 919323",
    "barcode": "9310047223807",
    "shop": "Woolworths",
    "weight": "100G",
    "prices": [
      {
        "state": "NSW",
        "price": "350",
        "price_per_unit": "125",
        "price_unit": "G"
      },
      {
        "state": "VIC",
        "price": "350",
        "price_per_unit": "125",
        "price_unit": "G"
      },
      {
        "state": "QLD",
        "price": "350",
        "price_per_unit": "125",
        "price_unit": "G"
      },
      {
        "state": "WA",
        "price": "350",
        "price_per_unit": "125",
        "price_unit": "G"
      },
      {
        "state": "SA",
        "price": "350",
        "price_per_unit": "125",
        "price_unit": "G"
      },
      {
        "state": "TAS",
        "price": "250",
        "price_per_unit": "89",
        "price_unit": "G"
      },
      {
        "state": "ACT",
        "price": "250",
        "price_per_unit": "89",
        "price_unit": "G"
      },
      {
        "state": "NT",
        "price": "250",
        "price_per_unit": "89",
        "price_unit": "G"
      }
    ]
  },
  {
    "source_url": "https://www.woolworths.com.au/shop/productdetails/136649/praise-99-fat-free-squeeze-mayonnaise",
    "name": "Praise 99% Fat Free Squeeze Mayonnaise 555g",
    "image_url": "https://cdn1.woolworths.media/content/wowproductimages/large/136649.jpg",
    "source_id": "Woolworths - 136649",
    "barcode": "9310047203496",
    "shop": "Woolworths",
    "weight": "100G",
    "prices": [
      {
        "state": "NSW",
        "price": "450",
        "price_per_unit": "81",
        "price_unit": "G"
      },
      {
        "state": "VIC",
        "price": "450",
        "price_per_unit": "81",
        "price_unit": "G"
      },
      {
        "state": "QLD",
        "price": "450",
        "price_per_unit": "81",
        "price_unit": "G"
      },
      {
        "state": "WA",
        "price": "450",
        "price_per_unit": "81",
        "price_unit": "G"
      },
      {
        "state": "SA",
        "price": "450",
        "price_per_unit": "81",
        "price_unit": "G"
      },
      {
        "state": "TAS",
        "price": "450",
        "price_per_unit": "81",
        "price_unit": "G"
      },
      {
        "state": "ACT",
        "price": "450",
        "price_per_unit": "81",
        "price_unit": "G"
      },
      {
        "state": "NT",
        "price": "475",
        "price_per_unit": "86",
        "price_unit": "G"
      }
    ]
  },
  {
    "source_url": "https://www.woolworths.com.au/shop/productdetails/766230/praise-aioli-mayonnaise-deli-style-chipotle",
    "name": "Praise Aioli Mayonnaise Deli Style Chipotle 250ml",
    "image_url": "https://cdn1.woolworths.media/content/wowproductimages/large/766230.jpg",
    "source_id": "Woolworths - 766230",
    "barcode": "9310047214294",
    "shop": "Woolworths",
    "weight": "100ML",
    "prices": [
      {
        "state": "NSW",
        "price": "300",
        "price_per_unit": "120",
        "price_unit": "ML"
      },
      {
        "state": "VIC",
        "price": "300",
        "price_per_unit": "120",
        "price_unit": "ML"
      },
      {
        "state": "QLD",
        "price": "300",
        "price_per_unit": "120",
        "price_unit": "ML"
      },
      {
        "state": "WA",
        "price": "300",
        "price_per_unit": "120",
        "price_unit": "ML"
      },
      {
        "state": "SA",
        "price": "300",
        "price_per_unit": "120",
        "price_unit": "ML"
      },
      {
        "state": "TAS",
        "price": "450",
        "price_per_unit": "180",
        "price_unit": "ML"
      },
      {
        "state": "ACT",
        "price": "450",
        "price_per_unit": "180",
        "price_unit": "ML"
      },
      {
        "state": "NT",
        "price": "420",
        "price_per_unit": "168",
        "price_unit": "ML"
      }
    ]
  },
  {
    "source_url": "https://www.woolworths.com.au/shop/productdetails/766214/praise-aioli-mayonnaise-deli-style-classic",
    "name": "Praise Aioli Mayonnaise Deli Style Classic 250ml",
    "image_url": "https://cdn1.woolworths.media/content/wowproductimages/large/766214.jpg",
    "source_id": "Woolworths - 766214",
    "barcode": "9310047214287",
    "shop": "Woolworths",
    "weight": "100ML",
    "prices": [
      {
        "state": "NSW",
        "price": "300",
        "price_per_unit": "120",
        "price_unit": "ML"
      },
      {
        "state": "VIC",
        "price": "300",
        "price_per_unit": "120",
        "price_unit": "ML"
      },
      {
        "state": "QLD",
        "price": "300",
        "price_per_unit": "120",
        "price_unit": "ML"
      },
      {
        "state": "WA",
        "price": "300",
        "price_per_unit": "120",
        "price_unit": "ML"
      },
      {
        "state": "SA",
        "price": "300",
        "price_per_unit": "120",
        "price_unit": "ML"
      },
      {
        "state": "TAS",
        "price": "450",
        "price_per_unit": "180",
        "price_unit": "ML"
      },
      {
        "state": "ACT",
        "price": "450",
        "price_per_unit": "180",
        "price_unit": "ML"
      },
      {
        "state": "NT",
        "price": "420",
        "price_per_unit": "168",
        "price_unit": "ML"
      }
    ]
  },
  {
    "source_url": "https://www.woolworths.com.au/shop/productdetails/136644/praise-traditional-mayonnaise-squeeze-bottle",
    "name": "Praise Traditional Mayonnaise Squeeze Bottle 490g",
    "image_url": "https://cdn1.woolworths.media/content/wowproductimages/large/136644.jpg",
    "source_id": "Woolworths - 136644",
    "barcode": "9310047203489",
    "shop": "Woolworths",
    "weight": "100G",
    "prices": [
      {
        "state": "NSW",
        "price": "450",
        "price_per_unit": "92",
        "price_unit": "G"
      },
      {
        "state": "VIC",
        "price": "450",
        "price_per_unit": "92",
        "price_unit": "G"
      },
      {
        "state": "QLD",
        "price": "450",
        "price_per_unit": "92",
        "price_unit": "G"
      },
      {
        "state": "WA",
        "price": "450",
        "price_per_unit": "92",
        "price_unit": "G"
      },
      {
        "state": "SA",
        "price": "450",
        "price_per_unit": "92",
        "price_unit": "G"
      },
      {
        "state": "TAS",
        "price": "450",
        "price_per_unit": "92",
        "price_unit": "G"
      },
      {
        "state": "ACT",
        "price": "450",
        "price_per_unit": "92",
        "price_unit": "G"
      },
      {
        "state": "NT",
        "price": "475",
        "price_per_unit": "97",
        "price_unit": "G"
      }
    ]
  },
  {
    "source_url": "https://www.woolworths.com.au/shop/productdetails/926813/praise-whole-egg-creamy-mayo",
    "name": "Praise Whole Egg Creamy Mayo 230g",
    "image_url": "https://cdn1.woolworths.media/content/wowproductimages/large/926813.jpg",
    "source_id": "Woolworths - 926813",
    "barcode": "9310047223791",
    "shop": "Woolworths",
    "weight": "100G",
    "prices": [
      {
        "state": "NSW",
        "price": "300",
        "price_per_unit": "130",
        "price_unit": "G"
      },
      {
        "state": "VIC",
        "price": "300",
        "price_per_unit": "130",
        "price_unit": "G"
      },
      {
        "state": "QLD",
        "price": "300",
        "price_per_unit": "130",
        "price_unit": "G"
      },
      {
        "state": "WA",
        "price": "300",
        "price_per_unit": "130",
        "price_unit": "G"
      },
      {
        "state": "SA",
        "price": "300",
        "price_per_unit": "130",
        "price_unit": "G"
      },
      {
        "state": "TAS",
        "price": "450",
        "price_per_unit": "196",
        "price_unit": "G"
      },
      {
        "state": "ACT",
        "price": "450",
        "price_per_unit": "196",
        "price_unit": "G"
      },
      {
        "state": "NT",
        "price": "450",
        "price_per_unit": "196",
        "price_unit": "G"
      }
    ]
  },
  {
    "source_url": "https://www.woolworths.com.au/shop/productdetails/919315/praise-whole-egg-light-mayo",
    "name": "Praise Whole Egg Light Mayo 250g",
    "image_url": "https://cdn1.woolworths.media/content/wowproductimages/large/919315.jpg",
    "source_id": "Woolworths - 919315",
    "barcode": "9310047223814",
    "shop": "Woolworths",
    "weight": "100G",
    "prices": [
      {
        "state": "NSW",
        "price": "300",
        "price_per_unit": "120",
        "price_unit": "G"
      },
      {
        "state": "VIC",
        "price": "300",
        "price_per_unit": "120",
        "price_unit": "G"
      },
      {
        "state": "QLD",
        "price": "300",
        "price_per_unit": "120",
        "price_unit": "G"
      },
      {
        "state": "WA",
        "price": "300",
        "price_per_unit": "120",
        "price_unit": "G"
      },
      {
        "state": "SA",
        "price": "300",
        "price_per_unit": "120",
        "price_unit": "G"
      },
      {
        "state": "TAS",
        "price": "450",
        "price_per_unit": "180",
        "price_unit": "G"
      },
      {
        "state": "ACT",
        "price": "450",
        "price_per_unit": "180",
        "price_unit": "G"
      },
      {
        "state": "NT",
        "price": "450",
        "price_per_unit": "180",
        "price_unit": "G"
      }
    ]
  },
  {
    "source_url": "https://www.woolworths.com.au/shop/productdetails/293958/s-w-mayonnaise-whole-egg",
    "name": "S&W Mayonnaise Whole Egg 440g",
    "image_url": "https://cdn1.woolworths.media/content/wowproductimages/large/293958.jpg",
    "source_id": "Woolworths - 293958",
    "barcode": "9310560014883",
    "shop": "Woolworths",
    "weight": "100G",
    "prices": [
      {
        "state": "NSW",
        "price": "500",
        "price_per_unit": "114",
        "price_unit": "G"
      },
      {
        "state": "VIC",
        "price": "500",
        "price_per_unit": "114",
        "price_unit": "G"
      },
      {
        "state": "QLD",
        "price": "500",
        "price_per_unit": "114",
        "price_unit": "G"
      },
      {
        "state": "WA",
        "price": "500",
        "price_per_unit": "114",
        "price_unit": "G"
      },
      {
        "state": "SA",
        "price": "500",
        "price_per_unit": "114",
        "price_unit": "G"
      },
      {
        "state": "TAS",
        "price": "500",
        "price_per_unit": "114",
        "price_unit": "G"
      },
      {
        "state": "ACT",
        "price": "500",
        "price_per_unit": "114",
        "price_unit": "G"
      },
      {
        "state": "NT",
        "price": "535",
        "price_per_unit": "122",
        "price_unit": "G"
      }
    ]
  },
  {
    "source_url": "https://www.woolworths.com.au/shop/productdetails/1075479110/undivided-food-co-good-fat-chilli-mayonnaise-280g",
    "name": "Undivided Food Co GOOD FAT Chilli Mayonnaise 280g",
    "image_url": "https://cdn1.woolworths.media/content/wowproductimages/large/1075479110.jpg",
    "source_id": "Woolworths - 1075479110",
    "barcode": null,
    "shop": "Woolworths",
    "weight": "100G",
    "prices": [
      {
        "state": "NSW",
        "price": "1500",
        "price_per_unit": "536",
        "price_unit": "G"
      },
      {
        "state": "VIC",
        "price": "1500",
        "price_per_unit": "536",
        "price_unit": "G"
      },
      {
        "state": "QLD",
        "price": "1500",
        "price_per_unit": "536",
        "price_unit": "G"
      },
      {
        "state": "WA",
        "price": "1500",
        "price_per_unit": "536",
        "price_unit": "G"
      },
      {
        "state": "SA",
        "price": "1500",
        "price_per_unit": "536",
        "price_unit": "G"
      },
      {
        "state": "TAS",
        "price": "1500",
        "price_per_unit": "536",
        "price_unit": "G"
      },
      {
        "state": "ACT",
        "price": "1500",
        "price_per_unit": "536",
        "price_unit": "G"
      },
      {
        "state": "NT",
        "price": "1500",
        "price_per_unit": "536",
        "price_unit": "G"
      }
    ]
  },
  {
    "source_url": "https://www.woolworths.com.au/shop/productdetails/1075797807/undivided-food-co-good-fat-joppie-mayo-280g",
    "name": "Undivided Food Co Good Fat Joppie Mayo 280g",
    "image_url": "https://cdn1.woolworths.media/content/wowproductimages/large/1075797807.jpg",
    "source_id": "Woolworths - 1075797807",
    "barcode": null,
    "shop": "Woolworths",
    "weight": "100G",
    "prices": [
      {
        "state": "NSW",
        "price": "1500",
        "price_per_unit": "536",
        "price_unit": "G"
      },
      {
        "state": "VIC",
        "price": "1500",
        "price_per_unit": "536",
        "price_unit": "G"
      },
      {
        "state": "QLD",
        "price": "1500",
        "price_per_unit": "536",
        "price_unit": "G"
      },
      {
        "state": "WA",
        "price": "1500",
        "price_per_unit": "536",
        "price_unit": "G"
      },
      {
        "state": "SA",
        "price": "1500",
        "price_per_unit": "536",
        "price_unit": "G"
      },
      {
        "state": "TAS",
        "price": "1500",
        "price_per_unit": "536",
        "price_unit": "G"
      },
      {
        "state": "ACT",
        "price": "1500",
        "price_per_unit": "536",
        "price_unit": "G"
      },
      {
        "state": "NT",
        "price": "1500",
        "price_per_unit": "536",
        "price_unit": "G"
      }
    ]
  },
  {
    "source_url": "https://www.woolworths.com.au/shop/productdetails/567738/woolworths-garlic-aioli",
    "name": "Woolworths Garlic Aioli 250ml",
    "image_url": "https://cdn1.woolworths.media/content/wowproductimages/large/567738.jpg",
    "source_id": "Woolworths - 567738",
    "barcode": "9300633630751",
    "shop": "Woolworths",
    "weight": "100ML",
    "prices": [
      {
        "state": "NSW",
        "price": "200",
        "price_per_unit": "80",
        "price_unit": "ML"
      },
      {
        "state": "VIC",
        "price": "200",
        "price_per_unit": "80",
        "price_unit": "ML"
      },
      {
        "state": "TAS",
        "price": "200",
        "price_per_unit": "80",
        "price_unit": "ML"
      },
      {
        "state": "ACT",
        "price": "200",
        "price_per_unit": "80",
        "price_unit": "ML"
      },
      {
        "state": "NT",
        "price": "200",
        "price_per_unit": "80",
        "price_unit": "ML"
      }
    ]
  },
  {
    "source_url": "https://www.woolworths.com.au/shop/productdetails/467269/woolworths-traditional-mayonnaise",
    "name": "Woolworths Traditional Mayonnaise 470g",
    "image_url": "https://cdn1.woolworths.media/content/wowproductimages/large/467269.jpg",
    "source_id": "Woolworths - 467269",
    "barcode": "9300633583835",
    "shop": "Woolworths",
    "weight": "100G",
    "prices": [
      {
        "state": "NSW",
        "price": "400",
        "price_per_unit": "85",
        "price_unit": "G"
      },
      {
        "state": "VIC",
        "price": "400",
        "price_per_unit": "85",
        "price_unit": "G"
      },
      {
        "state": "TAS",
        "price": "400",
        "price_per_unit": "85",
        "price_unit": "G"
      },
      {
        "state": "NT",
        "price": "400",
        "price_per_unit": "85",
        "price_unit": "G"
      }
    ]
  },
  {
    "source_url": "https://www.woolworths.com.au/shop/productdetails/360680/woolworths-whole-egg-mayonnaise",
    "name": "Woolworths Whole Egg Mayonnaise 440g",
    "image_url": "https://cdn1.woolworths.media/content/wowproductimages/large/360680.jpg",
    "source_id": "Woolworths - 360680",
    "barcode": "9300633210311",
    "shop": "Woolworths",
    "weight": "100G",
    "prices": [
      {
        "state": "NSW",
        "price": "370",
        "price_per_unit": "84",
        "price_unit": "G"
      },
      {
        "state": "VIC",
        "price": "370",
        "price_per_unit": "84",
        "price_unit": "G"
      },
      {
        "state": "TAS",
        "price": "370",
        "price_per_unit": "84",
        "price_unit": "G"
      },
      {
        "state": "NT",
        "price": "390",
        "price_per_unit": "89",
        "price_unit": "G"
      }
    ]
  },
  {
    "source_url": "https://www.woolworths.com.au/shop/productdetails/304977/best-foods-real-mayonnaise-jar",
    "name": "Best Foods Real Mayonnaise Jar 405g",
    "image_url": "https://cdn1.woolworths.media/content/wowproductimages/large/304977.jpg",
    "source_id": "Woolworths - 304977",
    "barcode": "9415559040017",
    "shop": "Woolworths",
    "weight": "100G",
    "prices": [
      {
        "state": "VIC",
        "price": "650",
        "price_per_unit": "160",
        "price_unit": "G"
      },
      {
        "state": "QLD",
        "price": "650",
        "price_per_unit": "160",
        "price_unit": "G"
      },
      {
        "state": "WA",
        "price": "650",
        "price_per_unit": "160",
        "price_unit": "G"
      },
      {
        "state": "SA",
        "price": "650",
        "price_per_unit": "160",
        "price_unit": "G"
      },
      {
        "state": "TAS",
        "price": "525",
        "price_per_unit": "130",
        "price_unit": "G"
      },
      {
        "state": "ACT",
        "price": "525",
        "price_per_unit": "130",
        "price_unit": "G"
      },
      {
        "state": "NT",
        "price": "560",
        "price_per_unit": "138",
        "price_unit": "G"
      }
    ]
  },
  {
    "source_url": "https://www.woolworths.com.au/shop/productdetails/332183/best-foods-real-mayonnaise-jar",
    "name": "Best Foods Real Mayonnaise Jar 810g",
    "image_url": "https://cdn1.woolworths.media/content/wowproductimages/large/332183.jpg",
    "source_id": "Woolworths - 332183",
    "barcode": "9415559040031",
    "shop": "Woolworths",
    "weight": "100G",
    "prices": [
      {
        "state": "VIC",
        "price": "850",
        "price_per_unit": "105",
        "price_unit": "G"
      },
      {
        "state": "QLD",
        "price": "850",
        "price_per_unit": "105",
        "price_unit": "G"
      },
      {
        "state": "WA",
        "price": "850",
        "price_per_unit": "105",
        "price_unit": "G"
      },
      {
        "state": "SA",
        "price": "850",
        "price_per_unit": "105",
        "price_unit": "G"
      },
      {
        "state": "TAS",
        "price": "850",
        "price_per_unit": "105",
        "price_unit": "G"
      },
      {
        "state": "ACT",
        "price": "850",
        "price_per_unit": "105",
        "price_unit": "G"
      },
      {
        "state": "NT",
        "price": "850",
        "price_per_unit": "105",
        "price_unit": "G"
      }
    ]
  },
  {
    "source_url": "https://www.woolworths.com.au/shop/productdetails/922946/celebrate-health-vegan-mayo",
    "name": "Celebrate Health Vegan Mayo 250g",
    "image_url": "https://cdn1.woolworths.media/content/wowproductimages/large/922946.jpg",
    "source_id": "Woolworths - 922946",
    "barcode": "9337484003427",
    "shop": "Woolworths",
    "weight": "100G",
    "prices": [
      {
        "state": "VIC",
        "price": "400",
        "price_per_unit": "160",
        "price_unit": "G"
      },
      {
        "state": "QLD",
        "price": "400",
        "price_per_unit": "160",
        "price_unit": "G"
      },
      {
        "state": "WA",
        "price": "400",
        "price_per_unit": "160",
        "price_unit": "G"
      },
      {
        "state": "SA",
        "price": "400",
        "price_per_unit": "160",
        "price_unit": "G"
      },
      {
        "state": "TAS",
        "price": "400",
        "price_per_unit": "160",
        "price_unit": "G"
      },
      {
        "state": "ACT",
        "price": "400",
        "price_per_unit": "160",
        "price_unit": "G"
      },
      {
        "state": "NT",
        "price": "400",
        "price_per_unit": "160",
        "price_unit": "G"
      }
    ]
  },
  {
    "source_url": "https://www.woolworths.com.au/shop/productdetails/919098/heinz-margherita-pizza-mayonnaise",
    "name": "Heinz Margherita Pizza Mayonnaise 295mL",
    "image_url": "https://cdn1.woolworths.media/content/wowproductimages/large/919098.jpg",
    "source_id": "Woolworths - 919098",
    "barcode": "9300657023607",
    "shop": "Woolworths",
    "weight": "100ML",
    "prices": [
      {
        "state": "VIC",
        "price": "550",
        "price_per_unit": "186",
        "price_unit": "ML"
      },
      {
        "state": "QLD",
        "price": "550",
        "price_per_unit": "186",
        "price_unit": "ML"
      },
      {
        "state": "WA",
        "price": "550",
        "price_per_unit": "186",
        "price_unit": "ML"
      },
      {
        "state": "SA",
        "price": "550",
        "price_per_unit": "186",
        "price_unit": "ML"
      },
      {
        "state": "TAS",
        "price": "550",
        "price_per_unit": "186",
        "price_unit": "ML"
      },
      {
        "state": "ACT",
        "price": "450",
        "price_per_unit": "153",
        "price_unit": "ML"
      },
      {
        "state": "NT",
        "price": "480",
        "price_per_unit": "163",
        "price_unit": "ML"
      },
      {
        "state": "NT",
        "price": "450",
        "price_per_unit": "153",
        "price_unit": "ML"
      }
    ]
  },
  {
    "source_url": "https://www.woolworths.com.au/shop/productdetails/919475/heinz-seriously-good-caramelised-onion-aioli",
    "name": "Heinz Seriously Good Caramelised Onion Aioli 295mL",
    "image_url": "https://cdn1.woolworths.media/content/wowproductimages/large/919475.jpg",
    "source_id": "Woolworths - 919475",
    "barcode": "9300657023621",
    "shop": "Woolworths",
    "weight": "100ML",
    "prices": [
      {
        "state": "VIC",
        "price": "550",
        "price_per_unit": "186",
        "price_unit": "ML"
      },
      {
        "state": "QLD",
        "price": "550",
        "price_per_unit": "186",
        "price_unit": "ML"
      },
      {
        "state": "WA",
        "price": "550",
        "price_per_unit": "186",
        "price_unit": "ML"
      },
      {
        "state": "SA",
        "price": "550",
        "price_per_unit": "186",
        "price_unit": "ML"
      },
      {
        "state": "TAS",
        "price": "550",
        "price_per_unit": "186",
        "price_unit": "ML"
      },
      {
        "state": "ACT",
        "price": "450",
        "price_per_unit": "153",
        "price_unit": "ML"
      },
      {
        "state": "NT",
        "price": "480",
        "price_per_unit": "163",
        "price_unit": "ML"
      },
      {
        "state": "NT",
        "price": "450",
        "price_per_unit": "153",
        "price_unit": "ML"
      }
    ]
  },
  {
    "source_url": "https://www.woolworths.com.au/shop/productdetails/919585/heinz-seriously-good-cheesy-garlic-bread-aioli",
    "name": "Heinz Seriously Good Cheesy Garlic Bread Aioli 295mL",
    "image_url": "https://cdn1.woolworths.media/content/wowproductimages/large/919585.jpg",
    "source_id": "Woolworths - 919585",
    "barcode": "9300657023638",
    "shop": "Woolworths",
    "weight": "100ML",
    "prices": [
      {
        "state": "VIC",
        "price": "550",
        "price_per_unit": "186",
        "price_unit": "ML"
      },
      {
        "state": "QLD",
        "price": "550",
        "price_per_unit": "186",
        "price_unit": "ML"
      },
      {
        "state": "WA",
        "price": "550",
        "price_per_unit": "186",
        "price_unit": "ML"
      },
      {
        "state": "SA",
        "price": "550",
        "price_per_unit": "186",
        "price_unit": "ML"
      },
      {
        "state": "TAS",
        "price": "550",
        "price_per_unit": "186",
        "price_unit": "ML"
      },
      {
        "state": "ACT",
        "price": "450",
        "price_per_unit": "153",
        "price_unit": "ML"
      },
      {
        "state": "NT",
        "price": "480",
        "price_per_unit": "163",
        "price_unit": "ML"
      },
      {
        "state": "NT",
        "price": "450",
        "price_per_unit": "153",
        "price_unit": "ML"
      }
    ]
  },
  {
    "source_url": "https://www.woolworths.com.au/shop/productdetails/787156/heinz-seriously-good-lite-aioli",
    "name": "Heinz Seriously Good Lite Aioli 295mL",
    "image_url": "https://cdn1.woolworths.media/content/wowproductimages/large/787156.jpg",
    "source_id": "Woolworths - 787156",
    "barcode": "9300657021702",
    "shop": "Woolworths",
    "weight": "100ML",
    "prices": [
      {
        "state": "VIC",
        "price": "550",
        "price_per_unit": "186",
        "price_unit": "ML"
      },
      {
        "state": "QLD",
        "price": "550",
        "price_per_unit": "186",
        "price_unit": "ML"
      },
      {
        "state": "WA",
        "price": "550",
        "price_per_unit": "186",
        "price_unit": "ML"
      },
      {
        "state": "SA",
        "price": "550",
        "price_per_unit": "186",
        "price_unit": "ML"
      },
      {
        "state": "TAS",
        "price": "550",
        "price_per_unit": "186",
        "price_unit": "ML"
      },
      {
        "state": "ACT",
        "price": "450",
        "price_per_unit": "153",
        "price_unit": "ML"
      },
      {
        "state": "NT",
        "price": "480",
        "price_per_unit": "163",
        "price_unit": "ML"
      },
      {
        "state": "NT",
        "price": "450",
        "price_per_unit": "153",
        "price_unit": "ML"
      }
    ]
  },
  {
    "source_url": "https://www.woolworths.com.au/shop/productdetails/799368/heinz-seriously-good-mayonnaise-original-mayo",
    "name": "Heinz Seriously Good Mayonnaise Original Mayo 500ml",
    "image_url": "https://cdn1.woolworths.media/content/wowproductimages/large/799368.jpg",
    "source_id": "Woolworths - 799368",
    "barcode": "9300657021863",
    "shop": "Woolworths",
    "weight": "100ML",
    "prices": [
      {
        "state": "VIC",
        "price": "650",
        "price_per_unit": "130",
        "price_unit": "ML"
      },
      {
        "state": "QLD",
        "price": "650",
        "price_per_unit": "130",
        "price_unit": "ML"
      },
      {
        "state": "WA",
        "price": "650",
        "price_per_unit": "130",
        "price_unit": "ML"
      },
      {
        "state": "SA",
        "price": "650",
        "price_per_unit": "130",
        "price_unit": "ML"
      },
      {
        "state": "TAS",
        "price": "830",
        "price_per_unit": "166",
        "price_unit": "ML"
      },
      {
        "state": "ACT",
        "price": "830",
        "price_per_unit": "166",
        "price_unit": "ML"
      },
      {
        "state": "NT",
        "price": "870",
        "price_per_unit": "174",
        "price_unit": "ML"
      },
      {
        "state": "NT",
        "price": "830",
        "price_per_unit": "166",
        "price_unit": "ML"
      }
    ]
  },
  {
    "source_url": "https://www.woolworths.com.au/shop/productdetails/164531/heinz-seriously-good-mayonnaise-vegan-mayo",
    "name": "Heinz Seriously Good Mayonnaise Vegan Mayo 270ml",
    "image_url": "https://cdn1.woolworths.media/content/wowproductimages/large/164531.jpg",
    "source_id": "Woolworths - 164531",
    "barcode": "9300657022211",
    "shop": "Woolworths",
    "weight": "100ML",
    "prices": [
      {
        "state": "VIC",
        "price": "480",
        "price_per_unit": "178",
        "price_unit": "ML"
      },
      {
        "state": "QLD",
        "price": "480",
        "price_per_unit": "178",
        "price_unit": "ML"
      },
      {
        "state": "WA",
        "price": "480",
        "price_per_unit": "178",
        "price_unit": "ML"
      },
      {
        "state": "SA",
        "price": "480",
        "price_per_unit": "178",
        "price_unit": "ML"
      },
      {
        "state": "TAS",
        "price": "600",
        "price_per_unit": "222",
        "price_unit": "ML"
      },
      {
        "state": "ACT",
        "price": "600",
        "price_per_unit": "222",
        "price_unit": "ML"
      },
      {
        "state": "NT",
        "price": "630",
        "price_per_unit": "233",
        "price_unit": "ML"
      },
      {
        "state": "NT",
        "price": "600",
        "price_per_unit": "222",
        "price_unit": "ML"
      }
    ]
  },
  {
    "source_url": "https://www.woolworths.com.au/shop/productdetails/347516/heinz-vegan-smokey-mayo",
    "name": "Heinz Vegan Smokey Mayo 270ml",
    "image_url": "https://cdn1.woolworths.media/content/wowproductimages/large/347516.jpg",
    "source_id": "Woolworths - 347516",
    "barcode": "9300657022266",
    "shop": "Woolworths",
    "weight": "100ML",
    "prices": [
      {
        "state": "VIC",
        "price": "480",
        "price_per_unit": "178",
        "price_unit": "ML"
      },
      {
        "state": "QLD",
        "price": "480",
        "price_per_unit": "178",
        "price_unit": "ML"
      },
      {
        "state": "WA",
        "price": "480",
        "price_per_unit": "178",
        "price_unit": "ML"
      },
      {
        "state": "TAS",
        "price": "480",
        "price_per_unit": "178",
        "price_unit": "ML"
      },
      {
        "state": "ACT",
        "price": "600",
        "price_per_unit": "222",
        "price_unit": "ML"
      },
      {
        "state": "NT",
        "price": "630",
        "price_per_unit": "233",
        "price_unit": "ML"
      },
      {
        "state": "NT",
        "price": "600",
        "price_per_unit": "222",
        "price_unit": "ML"
      }
    ]
  },
  {
    "source_url": "https://www.woolworths.com.au/shop/productdetails/919597/heinz-zesty-lime-herb-mayonnaise",
    "name": "Heinz Zesty Lime & Herb Mayonnaise 295mL",
    "image_url": "https://cdn1.woolworths.media/content/wowproductimages/large/919597.jpg",
    "source_id": "Woolworths - 919597",
    "barcode": "9300657023614",
    "shop": "Woolworths",
    "weight": "100ML",
    "prices": [
      {
        "state": "VIC",
        "price": "550",
        "price_per_unit": "186",
        "price_unit": "ML"
      },
      {
        "state": "QLD",
        "price": "550",
        "price_per_unit": "186",
        "price_unit": "ML"
      },
      {
        "state": "WA",
        "price": "550",
        "price_per_unit": "186",
        "price_unit": "ML"
      },
      {
        "state": "SA",
        "price": "550",
        "price_per_unit": "186",
        "price_unit": "ML"
      },
      {
        "state": "TAS",
        "price": "550",
        "price_per_unit": "186",
        "price_unit": "ML"
      },
      {
        "state": "ACT",
        "price": "450",
        "price_per_unit": "153",
        "price_unit": "ML"
      },
      {
        "state": "NT",
        "price": "480",
        "price_per_unit": "163",
        "price_unit": "ML"
      },
      {
        "state": "NT",
        "price": "450",
        "price_per_unit": "153",
        "price_unit": "ML"
      }
    ]
  },
  {
    "source_url": "https://www.woolworths.com.au/shop/productdetails/232562/hellmann-s-garlic-aioli-squeeze-mayo",
    "name": "Hellmann's Garlic Aioli Squeeze Mayo 252 g",
    "image_url": "https://cdn1.woolworths.media/content/wowproductimages/large/232562.jpg",
    "source_id": "Woolworths - 232562",
    "barcode": "8720182344267",
    "shop": "Woolworths",
    "weight": "100G",
    "prices": [
      {
        "state": "VIC",
        "price": "600",
        "price_per_unit": "238",
        "price_unit": "G"
      },
      {
        "state": "QLD",
        "price": "600",
        "price_per_unit": "238",
        "price_unit": "G"
      },
      {
        "state": "WA",
        "price": "600",
        "price_per_unit": "238",
        "price_unit": "G"
      },
      {
        "state": "SA",
        "price": "600",
        "price_per_unit": "238",
        "price_unit": "G"
      },
      {
        "state": "TAS",
        "price": "600",
        "price_per_unit": "238",
        "price_unit": "G"
      },
      {
        "state": "ACT",
        "price": "400",
        "price_per_unit": "159",
        "price_unit": "G"
      },
      {
        "state": "NT",
        "price": "400",
        "price_per_unit": "159",
        "price_unit": "G"
      },
      {
        "state": "NT",
        "price": "400",
        "price_per_unit": "159",
        "price_unit": "G"
      }
    ]
  },
  {
    "source_url": "https://www.woolworths.com.au/shop/productdetails/232236/hellmann-s-light-mayo-squeeze-bottle",
    "name": "Hellmann's Light Mayo Squeeze Bottle 432g",
    "image_url": "https://cdn1.woolworths.media/content/wowproductimages/large/232236.jpg",
    "source_id": "Woolworths - 232236",
    "barcode": "8720182343819",
    "shop": "Woolworths",
    "weight": "100G",
    "prices": [
      {
        "state": "VIC",
        "price": "800",
        "price_per_unit": "185",
        "price_unit": "G"
      },
      {
        "state": "QLD",
        "price": "800",
        "price_per_unit": "185",
        "price_unit": "G"
      },
      {
        "state": "WA",
        "price": "800",
        "price_per_unit": "185",
        "price_unit": "G"
      },
      {
        "state": "SA",
        "price": "800",
        "price_per_unit": "185",
        "price_unit": "G"
      },
      {
        "state": "TAS",
        "price": "550",
        "price_per_unit": "127",
        "price_unit": "G"
      },
      {
        "state": "ACT",
        "price": "550",
        "price_per_unit": "127",
        "price_unit": "G"
      },
      {
        "state": "NT",
        "price": "580",
        "price_per_unit": "134",
        "price_unit": "G"
      },
      {
        "state": "NT",
        "price": "550",
        "price_per_unit": "127",
        "price_unit": "G"
      }
    ]
  },
  {
    "source_url": "https://www.woolworths.com.au/shop/productdetails/232563/hellmann-s-light-mayonnaise-jar",
    "name": "Hellmann's Light Mayonnaise Jar 400g",
    "image_url": "https://cdn1.woolworths.media/content/wowproductimages/large/232563.jpg",
    "source_id": "Woolworths - 232563",
    "barcode": "8720182344656",
    "shop": "Woolworths",
    "weight": "100G",
    "prices": [
      {
        "state": "VIC",
        "price": "500",
        "price_per_unit": "125",
        "price_unit": "G"
      },
      {
        "state": "QLD",
        "price": "500",
        "price_per_unit": "125",
        "price_unit": "G"
      },
      {
        "state": "WA",
        "price": "500",
        "price_per_unit": "125",
        "price_unit": "G"
      },
      {
        "state": "SA",
        "price": "500",
        "price_per_unit": "125",
        "price_unit": "G"
      },
      {
        "state": "TAS",
        "price": "500",
        "price_per_unit": "125",
        "price_unit": "G"
      },
      {
        "state": "ACT",
        "price": "750",
        "price_per_unit": "188",
        "price_unit": "G"
      },
      {
        "state": "NT",
        "price": "790",
        "price_per_unit": "198",
        "price_unit": "G"
      },
      {
        "state": "NT",
        "price": "750",
        "price_per_unit": "188",
        "price_unit": "G"
      }
    ]
  },
  {
    "source_url": "https://www.woolworths.com.au/shop/productdetails/919474/hellmann-s-plant-based-mayo",
    "name": "Hellmann's Plant Based Mayo 320g",
    "image_url": "https://cdn1.woolworths.media/content/wowproductimages/large/919474.jpg",
    "source_id": "Woolworths - 919474",
    "barcode": "8720182839428",
    "shop": "Woolworths",
    "weight": "100G",
    "prices": [
      {
        "state": "VIC",
        "price": "850",
        "price_per_unit": "266",
        "price_unit": "G"
      },
      {
        "state": "QLD",
        "price": "850",
        "price_per_unit": "266",
        "price_unit": "G"
      },
      {
        "state": "WA",
        "price": "850",
        "price_per_unit": "266",
        "price_unit": "G"
      },
      {
        "state": "TAS",
        "price": "850",
        "price_per_unit": "266",
        "price_unit": "G"
      },
      {
        "state": "ACT",
        "price": "850",
        "price_per_unit": "266",
        "price_unit": "G"
      },
      {
        "state": "NT",
        "price": "850",
        "price_per_unit": "266",
        "price_unit": "G"
      },
      {
        "state": "NT",
        "price": "850",
        "price_per_unit": "266",
        "price_unit": "G"
      }
    ]
  },
  {
    "source_url": "https://www.woolworths.com.au/shop/productdetails/634893/hellmann-s-real-mayonnaise-jar",
    "name": "Hellmann's Real Mayonnaise Jar 800 g",
    "image_url": "https://cdn1.woolworths.media/content/wowproductimages/large/634893.jpg",
    "source_id": "Woolworths - 634893",
    "barcode": "9300830083268",
    "shop": "Woolworths",
    "weight": "100G",
    "prices": [
      {
        "state": "VIC",
        "price": "1000",
        "price_per_unit": "125",
        "price_unit": "G"
      },
      {
        "state": "QLD",
        "price": "1000",
        "price_per_unit": "125",
        "price_unit": "G"
      },
      {
        "state": "WA",
        "price": "1000",
        "price_per_unit": "125",
        "price_unit": "G"
      },
      {
        "state": "SA",
        "price": "1000",
        "price_per_unit": "125",
        "price_unit": "G"
      },
      {
        "state": "TAS",
        "price": "1100",
        "price_per_unit": "138",
        "price_unit": "G"
      },
      {
        "state": "ACT",
        "price": "1100",
        "price_per_unit": "138",
        "price_unit": "G"
      },
      {
        "state": "NT",
        "price": "1100",
        "price_per_unit": "138",
        "price_unit": "G"
      },
      {
        "state": "NT",
        "price": "1100",
        "price_per_unit": "138",
        "price_unit": "G"
      }
    ]
  },
  {
    "source_url": "https://www.woolworths.com.au/shop/productdetails/305383/hellmann-s-real-mayonnaise-jar-real-mayonnaise",
    "name": "Hellmann's Real Mayonnaise Jar Real Mayonnaise 400 g",
    "image_url": "https://cdn1.woolworths.media/content/wowproductimages/large/305383.jpg",
    "source_id": "Woolworths - 305383",
    "barcode": "5000184321064",
    "shop": "Woolworths",
    "weight": "100G",
    "prices": [
      {
        "state": "VIC",
        "price": "500",
        "price_per_unit": "125",
        "price_unit": "G"
      },
      {
        "state": "QLD",
        "price": "500",
        "price_per_unit": "125",
        "price_unit": "G"
      },
      {
        "state": "WA",
        "price": "500",
        "price_per_unit": "125",
        "price_unit": "G"
      },
      {
        "state": "SA",
        "price": "500",
        "price_per_unit": "125",
        "price_unit": "G"
      },
      {
        "state": "TAS",
        "price": "500",
        "price_per_unit": "125",
        "price_unit": "G"
      },
      {
        "state": "ACT",
        "price": "750",
        "price_per_unit": "188",
        "price_unit": "G"
      },
      {
        "state": "NT",
        "price": "790",
        "price_per_unit": "198",
        "price_unit": "G"
      },
      {
        "state": "NT",
        "price": "750",
        "price_per_unit": "188",
        "price_unit": "G"
      }
    ]
  },
  {
    "source_url": "https://www.woolworths.com.au/shop/productdetails/529030/hellmann-s-real-mayonnaise-squeeze",
    "name": "Hellmann's Real Mayonnaise Squeeze 400 g",
    "image_url": "https://cdn1.woolworths.media/content/wowproductimages/large/529030.jpg",
    "source_id": "Woolworths - 529030",
    "barcode": "8722700479475",
    "shop": "Woolworths",
    "weight": "100G",
    "prices": [
      {
        "state": "VIC",
        "price": "800",
        "price_per_unit": "200",
        "price_unit": "G"
      },
      {
        "state": "QLD",
        "price": "800",
        "price_per_unit": "200",
        "price_unit": "G"
      },
      {
        "state": "WA",
        "price": "800",
        "price_per_unit": "200",
        "price_unit": "G"
      },
      {
        "state": "SA",
        "price": "800",
        "price_per_unit": "200",
        "price_unit": "G"
      },
      {
        "state": "TAS",
        "price": "550",
        "price_per_unit": "138",
        "price_unit": "G"
      },
      {
        "state": "ACT",
        "price": "550",
        "price_per_unit": "138",
        "price_unit": "G"
      },
      {
        "state": "NT",
        "price": "580",
        "price_per_unit": "145",
        "price_unit": "G"
      },
      {
        "state": "NT",
        "price": "550",
        "price_per_unit": "138",
        "price_unit": "G"
      }
    ]
  },
  {
    "source_url": "https://www.woolworths.com.au/shop/productdetails/349106/hellmann-s-real-mayonnaise-squeeze-bottle",
    "name": "Hellmann's Real Mayonnaise Squeeze Bottle 235g",
    "image_url": "https://cdn1.woolworths.media/content/wowproductimages/large/349106.jpg",
    "source_id": "Woolworths - 349106",
    "barcode": "8720182591852",
    "shop": "Woolworths",
    "weight": "100G",
    "prices": [
      {
        "state": "VIC",
        "price": "600",
        "price_per_unit": "255",
        "price_unit": "G"
      },
      {
        "state": "QLD",
        "price": "600",
        "price_per_unit": "255",
        "price_unit": "G"
      },
      {
        "state": "WA",
        "price": "600",
        "price_per_unit": "255",
        "price_unit": "G"
      },
      {
        "state": "TAS",
        "price": "600",
        "price_per_unit": "255",
        "price_unit": "G"
      },
      {
        "state": "ACT",
        "price": "400",
        "price_per_unit": "170",
        "price_unit": "G"
      },
      {
        "state": "NT",
        "price": "400",
        "price_per_unit": "170",
        "price_unit": "G"
      },
      {
        "state": "NT",
        "price": "400",
        "price_per_unit": "170",
        "price_unit": "G"
      }
    ]
  },
  {
    "source_url": "https://www.woolworths.com.au/shop/productdetails/349068/hellmann-s-spicy-peri-peri-chilli-mayonnaise",
    "name": "Hellmann's Spicy Peri Peri Chilli Mayonnaise 252g",
    "image_url": "https://cdn1.woolworths.media/content/wowproductimages/large/349068.jpg",
    "source_id": "Woolworths - 349068",
    "barcode": "8720182591401",
    "shop": "Woolworths",
    "weight": "100G",
    "prices": [
      {
        "state": "VIC",
        "price": "600",
        "price_per_unit": "238",
        "price_unit": "G"
      },
      {
        "state": "QLD",
        "price": "600",
        "price_per_unit": "238",
        "price_unit": "G"
      },
      {
        "state": "WA",
        "price": "600",
        "price_per_unit": "238",
        "price_unit": "G"
      },
      {
        "state": "TAS",
        "price": "600",
        "price_per_unit": "238",
        "price_unit": "G"
      },
      {
        "state": "ACT",
        "price": "400",
        "price_per_unit": "159",
        "price_unit": "G"
      },
      {
        "state": "NT",
        "price": "400",
        "price_per_unit": "159",
        "price_unit": "G"
      },
      {
        "state": "NT",
        "price": "400",
        "price_per_unit": "159",
        "price_unit": "G"
      }
    ]
  },
  {
    "source_url": "https://www.woolworths.com.au/shop/productdetails/232140/hellmann-s-vegan-alternative-to-mayonnaise-100-plant-based",
    "name": "Hellmann's Vegan Alternative To Mayonnaise 100% Plant Based 270 g",
    "image_url": "https://cdn1.woolworths.media/content/wowproductimages/large/232140.jpg",
    "source_id": "Woolworths - 232140",
    "barcode": "8720182348524",
    "shop": "Woolworths",
    "weight": "100G",
    "prices": [
      null,
      null,
      null,
      null
    ]
  },
  {
    "source_url": "https://www.woolworths.com.au/shop/productdetails/761079/macro-organic-whole-egg-mayonnaise",
    "name": "Macro Organic Whole Egg Mayonnaise 440g",
    "image_url": "https://cdn1.woolworths.media/content/wowproductimages/large/761079.jpg",
    "source_id": "Woolworths - 761079",
    "barcode": "9300633431099",
    "shop": "Woolworths",
    "weight": "100G",
    "prices": [
      {
        "state": "VIC",
        "price": "650",
        "price_per_unit": "148",
        "price_unit": "G"
      },
      {
        "state": "QLD",
        "price": "650",
        "price_per_unit": "148",
        "price_unit": "G"
      },
      {
        "state": "WA",
        "price": "650",
        "price_per_unit": "148",
        "price_unit": "G"
      },
      {
        "state": "SA",
        "price": "650",
        "price_per_unit": "148",
        "price_unit": "G"
      },
      {
        "state": "TAS",
        "price": "650",
        "price_per_unit": "148",
        "price_unit": "G"
      },
      {
        "state": "ACT",
        "price": "650",
        "price_per_unit": "148",
        "price_unit": "G"
      },
      {
        "state": "NT",
        "price": "650",
        "price_per_unit": "148",
        "price_unit": "G"
      }
    ]
  },
  {
    "source_url": "https://www.woolworths.com.au/shop/productdetails/970876/masterfoods-zesty-lemon-herb-sauce",
    "name": "MasterFoods Zesty Lemon & Herb Sauce 250mL",
    "image_url": "https://cdn1.woolworths.media/content/wowproductimages/large/970876.jpg",
    "source_id": "Woolworths - 970876",
    "barcode": "9310012063445",
    "shop": "Woolworths",
    "weight": "100ML",
    "prices": [
      {
        "state": "VIC",
        "price": "480",
        "price_per_unit": "192",
        "price_unit": "ML"
      },
      {
        "state": "QLD",
        "price": "480",
        "price_per_unit": "192",
        "price_unit": "ML"
      },
      {
        "state": "WA",
        "price": "480",
        "price_per_unit": "192",
        "price_unit": "ML"
      },
      {
        "state": "SA",
        "price": "480",
        "price_per_unit": "192",
        "price_unit": "ML"
      },
      {
        "state": "TAS",
        "price": "480",
        "price_per_unit": "192",
        "price_unit": "ML"
      },
      {
        "state": "ACT",
        "price": "350",
        "price_per_unit": "140",
        "price_unit": "ML"
      },
      {
        "state": "NT",
        "price": "350",
        "price_per_unit": "140",
        "price_unit": "ML"
      }
    ]
  },
  {
    "source_url": "https://www.woolworths.com.au/shop/productdetails/104432/praise-chilli-jam-mayo",
    "name": "Praise Chilli Jam Mayo 250ml",
    "image_url": "https://cdn1.woolworths.media/content/wowproductimages/large/104432.jpg",
    "source_id": "Woolworths - 104432",
    "barcode": "9310047220011",
    "shop": "Woolworths",
    "weight": "100ML",
    "prices": [
      {
        "state": "VIC",
        "price": "300",
        "price_per_unit": "120",
        "price_unit": "ML"
      },
      {
        "state": "QLD",
        "price": "300",
        "price_per_unit": "120",
        "price_unit": "ML"
      },
      {
        "state": "WA",
        "price": "300",
        "price_per_unit": "120",
        "price_unit": "ML"
      },
      {
        "state": "SA",
        "price": "300",
        "price_per_unit": "120",
        "price_unit": "ML"
      },
      {
        "state": "TAS",
        "price": "450",
        "price_per_unit": "180",
        "price_unit": "ML"
      },
      {
        "state": "NT",
        "price": "420",
        "price_per_unit": "168",
        "price_unit": "ML"
      }
    ]
  },
  {
    "source_url": "https://www.woolworths.com.au/shop/productdetails/919431/praise-garlic-aioli",
    "name": "Praise Garlic Aioli 470g",
    "image_url": "https://cdn1.woolworths.media/content/wowproductimages/large/919431.jpg",
    "source_id": "Woolworths - 919431",
    "barcode": "9310047223449",
    "shop": "Woolworths",
    "weight": "100G",
    "prices": [
      {
        "state": "VIC",
        "price": "800",
        "price_per_unit": "170",
        "price_unit": "G"
      },
      {
        "state": "QLD",
        "price": "800",
        "price_per_unit": "170",
        "price_unit": "G"
      },
      {
        "state": "WA",
        "price": "800",
        "price_per_unit": "170",
        "price_unit": "G"
      },
      {
        "state": "SA",
        "price": "800",
        "price_per_unit": "170",
        "price_unit": "G"
      },
      {
        "state": "TAS",
        "price": "600",
        "price_per_unit": "128",
        "price_unit": "G"
      },
      {
        "state": "ACT",
        "price": "600",
        "price_per_unit": "128",
        "price_unit": "G"
      },
      {
        "state": "NT",
        "price": "630",
        "price_per_unit": "134",
        "price_unit": "G"
      }
    ]
  },
  {
    "source_url": "https://www.woolworths.com.au/shop/productdetails/924570/praise-honey-dijon-mayo",
    "name": "Praise Honey & Dijon Mayo 245g",
    "image_url": "https://cdn1.woolworths.media/content/wowproductimages/large/924570.jpg",
    "source_id": "Woolworths - 924570",
    "barcode": "9310047223876",
    "shop": "Woolworths",
    "weight": "100G",
    "prices": [
      {
        "state": "VIC",
        "price": "300",
        "price_per_unit": "122",
        "price_unit": "G"
      },
      {
        "state": "QLD",
        "price": "300",
        "price_per_unit": "122",
        "price_unit": "G"
      },
      {
        "state": "WA",
        "price": "300",
        "price_per_unit": "122",
        "price_unit": "G"
      },
      {
        "state": "SA",
        "price": "300",
        "price_per_unit": "122",
        "price_unit": "G"
      },
      {
        "state": "TAS",
        "price": "450",
        "price_per_unit": "184",
        "price_unit": "G"
      },
      {
        "state": "ACT",
        "price": "450",
        "price_per_unit": "184",
        "price_unit": "G"
      },
      {
        "state": "NT",
        "price": "420",
        "price_per_unit": "171",
        "price_unit": "G"
      }
    ]
  },
  {
    "source_url": "https://www.woolworths.com.au/shop/productdetails/73499/praise-mayonnaise-traditional-creamy",
    "name": "Praise Mayonnaise Traditional Creamy 700g",
    "image_url": "https://cdn1.woolworths.media/content/wowproductimages/large/073499.jpg",
    "source_id": "Woolworths - 73499",
    "barcode": "9310047200099",
    "shop": "Woolworths",
    "weight": "100G",
    "prices": [
      {
        "state": "VIC",
        "price": "600",
        "price_per_unit": "86",
        "price_unit": "G"
      },
      {
        "state": "QLD",
        "price": "600",
        "price_per_unit": "86",
        "price_unit": "G"
      },
      {
        "state": "WA",
        "price": "600",
        "price_per_unit": "86",
        "price_unit": "G"
      },
      {
        "state": "SA",
        "price": "600",
        "price_per_unit": "86",
        "price_unit": "G"
      },
      {
        "state": "TAS",
        "price": "600",
        "price_per_unit": "86",
        "price_unit": "G"
      },
      {
        "state": "ACT",
        "price": "600",
        "price_per_unit": "86",
        "price_unit": "G"
      },
      {
        "state": "NT",
        "price": "600",
        "price_per_unit": "86",
        "price_unit": "G"
      }
    ]
  },
  {
    "source_url": "https://www.woolworths.com.au/shop/productdetails/785764/praise-seafood-sauce",
    "name": "Praise Seafood Sauce 250ml",
    "image_url": "https://cdn1.woolworths.media/content/wowproductimages/large/785764.jpg",
    "source_id": "Woolworths - 785764",
    "barcode": "9310047214737",
    "shop": "Woolworths",
    "weight": "100ML",
    "prices": [
      {
        "state": "VIC",
        "price": "280",
        "price_per_unit": "112",
        "price_unit": "ML"
      },
      {
        "state": "QLD",
        "price": "280",
        "price_per_unit": "112",
        "price_unit": "ML"
      },
      {
        "state": "WA",
        "price": "280",
        "price_per_unit": "112",
        "price_unit": "ML"
      },
      {
        "state": "SA",
        "price": "280",
        "price_per_unit": "112",
        "price_unit": "ML"
      },
      {
        "state": "TAS",
        "price": "280",
        "price_per_unit": "112",
        "price_unit": "ML"
      },
      {
        "state": "ACT",
        "price": "280",
        "price_per_unit": "112",
        "price_unit": "ML"
      },
      {
        "state": "NT",
        "price": "295",
        "price_per_unit": "118",
        "price_unit": "ML"
      }
    ]
  },
  {
    "source_url": "https://www.woolworths.com.au/shop/productdetails/785763/praise-tartare-sauce",
    "name": "Praise Tartare Sauce 250ml",
    "image_url": "https://cdn1.woolworths.media/content/wowproductimages/large/785763.jpg",
    "source_id": "Woolworths - 785763",
    "barcode": "9310047214713",
    "shop": "Woolworths",
    "weight": "100ML",
    "prices": [
      {
        "state": "VIC",
        "price": "280",
        "price_per_unit": "112",
        "price_unit": "ML"
      },
      {
        "state": "QLD",
        "price": "280",
        "price_per_unit": "112",
        "price_unit": "ML"
      },
      {
        "state": "WA",
        "price": "280",
        "price_per_unit": "112",
        "price_unit": "ML"
      },
      {
        "state": "SA",
        "price": "280",
        "price_per_unit": "112",
        "price_unit": "ML"
      },
      {
        "state": "TAS",
        "price": "280",
        "price_per_unit": "112",
        "price_unit": "ML"
      },
      {
        "state": "ACT",
        "price": "280",
        "price_per_unit": "112",
        "price_unit": "ML"
      },
      {
        "state": "NT",
        "price": "295",
        "price_per_unit": "118",
        "price_unit": "ML"
      }
    ]
  },
  {
    "source_url": "https://www.woolworths.com.au/shop/productdetails/925716/praise-traditional-mayo",
    "name": "Praise Traditional Mayo 250g",
    "image_url": "https://cdn1.woolworths.media/content/wowproductimages/large/925716.jpg",
    "source_id": "Woolworths - 925716",
    "barcode": "9310047223784",
    "shop": "Woolworths",
    "weight": "100G",
    "prices": [
      {
        "state": "VIC",
        "price": "350",
        "price_per_unit": "140",
        "price_unit": "G"
      },
      {
        "state": "QLD",
        "price": "350",
        "price_per_unit": "140",
        "price_unit": "G"
      },
      {
        "state": "WA",
        "price": "350",
        "price_per_unit": "140",
        "price_unit": "G"
      },
      {
        "state": "SA",
        "price": "350",
        "price_per_unit": "140",
        "price_unit": "G"
      },
      {
        "state": "TAS",
        "price": "250",
        "price_per_unit": "100",
        "price_unit": "G"
      },
      {
        "state": "ACT",
        "price": "250",
        "price_per_unit": "100",
        "price_unit": "G"
      },
      {
        "state": "NT",
        "price": "250",
        "price_per_unit": "100",
        "price_unit": "G"
      }
    ]
  },
  {
    "source_url": "https://www.woolworths.com.au/shop/productdetails/918799/praise-vegan-mayo",
    "name": "Praise Vegan Mayo 245g",
    "image_url": "https://cdn1.woolworths.media/content/wowproductimages/large/918799.jpg",
    "source_id": "Woolworths - 918799",
    "barcode": "9310047223821",
    "shop": "Woolworths",
    "weight": "100G",
    "prices": [
      {
        "state": "VIC",
        "price": "300",
        "price_per_unit": "122",
        "price_unit": "G"
      },
      {
        "state": "QLD",
        "price": "300",
        "price_per_unit": "122",
        "price_unit": "G"
      },
      {
        "state": "WA",
        "price": "300",
        "price_per_unit": "122",
        "price_unit": "G"
      },
      {
        "state": "SA",
        "price": "300",
        "price_per_unit": "122",
        "price_unit": "G"
      },
      {
        "state": "TAS",
        "price": "500",
        "price_per_unit": "204",
        "price_unit": "G"
      },
      {
        "state": "ACT",
        "price": "500",
        "price_per_unit": "204",
        "price_unit": "G"
      },
      {
        "state": "NT",
        "price": "500",
        "price_per_unit": "204",
        "price_unit": "G"
      }
    ]
  },
  {
    "source_url": "https://www.woolworths.com.au/shop/productdetails/924711/praise-whole-egg-creamy-mayo",
    "name": "Praise Whole Egg Creamy Mayo 470g",
    "image_url": "https://cdn1.woolworths.media/content/wowproductimages/large/924711.jpg",
    "source_id": "Woolworths - 924711",
    "barcode": "9310047223838",
    "shop": "Woolworths",
    "weight": "100G",
    "prices": [
      {
        "state": "VIC",
        "price": "800",
        "price_per_unit": "170",
        "price_unit": "G"
      },
      {
        "state": "QLD",
        "price": "800",
        "price_per_unit": "170",
        "price_unit": "G"
      },
      {
        "state": "WA",
        "price": "800",
        "price_per_unit": "170",
        "price_unit": "G"
      },
      {
        "state": "SA",
        "price": "800",
        "price_per_unit": "170",
        "price_unit": "G"
      },
      {
        "state": "TAS",
        "price": "600",
        "price_per_unit": "128",
        "price_unit": "G"
      },
      {
        "state": "ACT",
        "price": "600",
        "price_per_unit": "128",
        "price_unit": "G"
      },
      {
        "state": "NT",
        "price": "630",
        "price_per_unit": "134",
        "price_unit": "G"
      }
    ]
  },
  {
    "source_url": "https://www.woolworths.com.au/shop/productdetails/919288/praise-whole-egg-light-mayo",
    "name": "Praise Whole Egg Light Mayo 500g",
    "image_url": "https://cdn1.woolworths.media/content/wowproductimages/large/919288.jpg",
    "source_id": "Woolworths - 919288",
    "barcode": "9310047223845",
    "shop": "Woolworths",
    "weight": "100G",
    "prices": [
      {
        "state": "VIC",
        "price": "800",
        "price_per_unit": "160",
        "price_unit": "G"
      },
      {
        "state": "QLD",
        "price": "800",
        "price_per_unit": "160",
        "price_unit": "G"
      },
      {
        "state": "WA",
        "price": "800",
        "price_per_unit": "160",
        "price_unit": "G"
      },
      {
        "state": "SA",
        "price": "800",
        "price_per_unit": "160",
        "price_unit": "G"
      },
      {
        "state": "TAS",
        "price": "600",
        "price_per_unit": "120",
        "price_unit": "G"
      },
      {
        "state": "ACT",
        "price": "600",
        "price_per_unit": "120",
        "price_unit": "G"
      },
      {
        "state": "NT",
        "price": "630",
        "price_per_unit": "126",
        "price_unit": "G"
      }
    ]
  },
  {
    "source_url": "https://www.woolworths.com.au/shop/productdetails/332107/praise-whole-egg-mayonnaise-whole-egg",
    "name": "Praise Whole Egg Mayonnaise Whole Egg 670g",
    "image_url": "https://cdn1.woolworths.media/content/wowproductimages/large/332107.jpg",
    "source_id": "Woolworths - 332107",
    "barcode": "9310047212436",
    "shop": "Woolworths",
    "weight": "100G",
    "prices": [
      {
        "state": "VIC",
        "price": "700",
        "price_per_unit": "104",
        "price_unit": "G"
      },
      {
        "state": "QLD",
        "price": "700",
        "price_per_unit": "104",
        "price_unit": "G"
      },
      {
        "state": "WA",
        "price": "700",
        "price_per_unit": "104",
        "price_unit": "G"
      },
      {
        "state": "SA",
        "price": "700",
        "price_per_unit": "104",
        "price_unit": "G"
      },
      {
        "state": "TAS",
        "price": "700",
        "price_per_unit": "104",
        "price_unit": "G"
      },
      {
        "state": "ACT",
        "price": "700",
        "price_per_unit": "104",
        "price_unit": "G"
      },
      {
        "state": "NT",
        "price": "735",
        "price_per_unit": "110",
        "price_unit": "G"
      }
    ]
  },
  {
    "source_url": "https://www.woolworths.com.au/shop/productdetails/293959/s-w-mayonnaise-whole-egg",
    "name": "S&W Mayonnaise Whole Egg 880g",
    "image_url": "https://cdn1.woolworths.media/content/wowproductimages/large/293959.jpg",
    "source_id": "Woolworths - 293959",
    "barcode": "9310560014890",
    "shop": "Woolworths",
    "weight": "100G",
    "prices": [
      {
        "state": "VIC",
        "price": "1050",
        "price_per_unit": "119",
        "price_unit": "G"
      },
      {
        "state": "QLD",
        "price": "1050",
        "price_per_unit": "119",
        "price_unit": "G"
      },
      {
        "state": "WA",
        "price": "1050",
        "price_per_unit": "119",
        "price_unit": "G"
      },
      {
        "state": "SA",
        "price": "1050",
        "price_per_unit": "119",
        "price_unit": "G"
      },
      {
        "state": "TAS",
        "price": "1050",
        "price_per_unit": "119",
        "price_unit": "G"
      },
      {
        "state": "ACT",
        "price": "1050",
        "price_per_unit": "119",
        "price_unit": "G"
      },
      {
        "state": "NT",
        "price": "1050",
        "price_per_unit": "119",
        "price_unit": "G"
      }
    ]
  },
  {
    "source_url": "https://www.woolworths.com.au/shop/productdetails/19274/thomy-mayonnaise",
    "name": "Thomy Mayonnaise 470g",
    "image_url": "https://cdn1.woolworths.media/content/wowproductimages/large/019274.jpg",
    "source_id": "Woolworths - 19274",
    "barcode": "7613036364171",
    "shop": "Woolworths",
    "weight": "100G",
    "prices": [
      {
        "state": "VIC",
        "price": "750",
        "price_per_unit": "160",
        "price_unit": "G"
      },
      {
        "state": "QLD",
        "price": "750",
        "price_per_unit": "160",
        "price_unit": "G"
      },
      {
        "state": "WA",
        "price": "750",
        "price_per_unit": "160",
        "price_unit": "G"
      },
      {
        "state": "SA",
        "price": "750",
        "price_per_unit": "160",
        "price_unit": "G"
      },
      {
        "state": "TAS",
        "price": "650",
        "price_per_unit": "138",
        "price_unit": "G"
      },
      {
        "state": "ACT",
        "price": "650",
        "price_per_unit": "138",
        "price_unit": "G"
      },
      {
        "state": "NT",
        "price": "690",
        "price_per_unit": "147",
        "price_unit": "G"
      }
    ]
  },
  {
    "source_url": "https://www.woolworths.com.au/shop/productdetails/87913/woolworths-chipotle-mayonnaise",
    "name": "Woolworths Chipotle Mayonnaise 250ml",
    "image_url": "https://cdn1.woolworths.media/content/wowproductimages/large/087913.jpg",
    "source_id": "Woolworths - 87913",
    "barcode": "9400597032162",
    "shop": "Woolworths",
    "weight": "100ML",
    "prices": [
      {
        "state": "VIC",
        "price": "200",
        "price_per_unit": "80",
        "price_unit": "ML"
      },
      {
        "state": "QLD",
        "price": "200",
        "price_per_unit": "80",
        "price_unit": "ML"
      },
      {
        "state": "WA",
        "price": "200",
        "price_per_unit": "80",
        "price_unit": "ML"
      },
      {
        "state": "TAS",
        "price": "200",
        "price_per_unit": "80",
        "price_unit": "ML"
      },
      {
        "state": "ACT",
        "price": "200",
        "price_per_unit": "80",
        "price_unit": "ML"
      },
      {
        "state": "NT",
        "price": "200",
        "price_per_unit": "80",
        "price_unit": "ML"
      }
    ]
  },
  {
    "source_url": "https://www.woolworths.com.au/shop/productdetails/87916/woolworths-extreme-garlic-aioli",
    "name": "Woolworths Extreme Garlic Aioli 250ml",
    "image_url": "https://cdn1.woolworths.media/content/wowproductimages/large/087916.jpg",
    "source_id": "Woolworths - 87916",
    "barcode": "9400597032186",
    "shop": "Woolworths",
    "weight": "100ML",
    "prices": [
      {
        "state": "VIC",
        "price": "200",
        "price_per_unit": "80",
        "price_unit": "ML"
      },
      {
        "state": "TAS",
        "price": "200",
        "price_per_unit": "80",
        "price_unit": "ML"
      },
      {
        "state": "ACT",
        "price": "200",
        "price_per_unit": "80",
        "price_unit": "ML"
      },
      {
        "state": "NT",
        "price": "200",
        "price_per_unit": "80",
        "price_unit": "ML"
      }
    ]
  },
  {
    "source_url": "https://www.woolworths.com.au/shop/productdetails/87917/woolworths-seafood-mayonnaise",
    "name": "Woolworths Seafood Mayonnaise 250ml",
    "image_url": "https://cdn1.woolworths.media/content/wowproductimages/large/087917.jpg",
    "source_id": "Woolworths - 87917",
    "barcode": "9400597032193",
    "shop": "Woolworths",
    "weight": "100ML",
    "prices": [
      {
        "state": "VIC",
        "price": "200",
        "price_per_unit": "80",
        "price_unit": "ML"
      },
      {
        "state": "TAS",
        "price": "200",
        "price_per_unit": "80",
        "price_unit": "ML"
      },
      {
        "state": "NT",
        "price": "200",
        "price_per_unit": "80",
        "price_unit": "ML"
      }
    ]
  },
  {
    "source_url": "https://www.woolworths.com.au/shop/productdetails/87831/woolworths-sriracha-mayonnaise",
    "name": "Woolworths Sriracha Mayonnaise 250ml",
    "image_url": "https://cdn1.woolworths.media/content/wowproductimages/large/087831.jpg",
    "source_id": "Woolworths - 87831",
    "barcode": "9400597032148",
    "shop": "Woolworths",
    "weight": "100ML",
    "prices": [
      {
        "state": "VIC",
        "price": "200",
        "price_per_unit": "80",
        "price_unit": "ML"
      },
      {
        "state": "TAS",
        "price": "200",
        "price_per_unit": "80",
        "price_unit": "ML"
      },
      {
        "state": "NT",
        "price": "200",
        "price_per_unit": "80",
        "price_unit": "ML"
      }
    ]
  },
  {
    "source_url": "https://www.woolworths.com.au/shop/productdetails/87830/woolworths-sweet-chilli-mayonnaise",
    "name": "Woolworths Sweet Chilli Mayonnaise 250ml",
    "image_url": "https://cdn1.woolworths.media/content/wowproductimages/large/087830.jpg",
    "source_id": "Woolworths - 87830",
    "barcode": "9400597032131",
    "shop": "Woolworths",
    "weight": "100ML",
    "prices": [
      {
        "state": "VIC",
        "price": "200",
        "price_per_unit": "80",
        "price_unit": "ML"
      },
      {
        "state": "TAS",
        "price": "200",
        "price_per_unit": "80",
        "price_unit": "ML"
      },
      {
        "state": "NT",
        "price": "200",
        "price_per_unit": "80",
        "price_unit": "ML"
      }
    ]
  },
  {
    "source_url": "https://www.woolworths.com.au/shop/productdetails/945643/your-condiment-co-burger-mayo",
    "name": "Your Condiment Co Burger Mayo 250mL",
    "image_url": "https://cdn1.woolworths.media/content/wowproductimages/large/945643.jpg",
    "source_id": "Woolworths - 945643",
    "barcode": "9309001863159",
    "shop": "Woolworths",
    "weight": "100ML",
    "prices": [
      {
        "state": "VIC",
        "price": "300",
        "price_per_unit": "120",
        "price_unit": "ML"
      },
      {
        "state": "TAS",
        "price": "300",
        "price_per_unit": "120",
        "price_unit": "ML"
      },
      {
        "state": "NT",
        "price": "300",
        "price_per_unit": "120",
        "price_unit": "ML"
      }
    ]
  },
  {
    "source_url": "https://www.woolworths.com.au/shop/productdetails/942097/your-condiment-co-chipotle-mayo",
    "name": "Your Condiment Co Chipotle Mayo 250mL",
    "image_url": "https://cdn1.woolworths.media/content/wowproductimages/large/942097.jpg",
    "source_id": "Woolworths - 942097",
    "barcode": "9309001863166",
    "shop": "Woolworths",
    "weight": "100ML",
    "prices": [
      {
        "state": "VIC",
        "price": "300",
        "price_per_unit": "120",
        "price_unit": "ML"
      },
      {
        "state": "TAS",
        "price": "300",
        "price_per_unit": "120",
        "price_unit": "ML"
      },
      {
        "state": "NT",
        "price": "300",
        "price_per_unit": "120",
        "price_unit": "ML"
      }
    ]
  },
  {
    "source_url": "https://www.woolworths.com.au/shop/productdetails/944586/your-condiment-co-pesto-mayo",
    "name": "Your Condiment Co Pesto Mayo 250mL",
    "image_url": "https://cdn1.woolworths.media/content/wowproductimages/large/944586.jpg",
    "source_id": "Woolworths - 944586",
    "barcode": "9309001863173",
    "shop": "Woolworths",
    "weight": "100ML",
    "prices": [
      {
        "state": "VIC",
        "price": "300",
        "price_per_unit": "120",
        "price_unit": "ML"
      },
      {
        "state": "TAS",
        "price": "300",
        "price_per_unit": "120",
        "price_unit": "ML"
      },
      {
        "state": "NT",
        "price": "300",
        "price_per_unit": "120",
        "price_unit": "ML"
      }
    ]
  },
  {
    "source_url": "https://www.woolworths.com.au/shop/productdetails/944634/your-condiment-co-pickle-naise-mayo",
    "name": "Your Condiment Co Pickle'Naise Mayo 250mL",
    "image_url": "https://cdn1.woolworths.media/content/wowproductimages/large/944634.jpg",
    "source_id": "Woolworths - 944634",
    "barcode": "9309001863180",
    "shop": "Woolworths",
    "weight": "100ML",
    "prices": [
      {
        "state": "VIC",
        "price": "300",
        "price_per_unit": "120",
        "price_unit": "ML"
      },
      {
        "state": "TAS",
        "price": "300",
        "price_per_unit": "120",
        "price_unit": "ML"
      },
      {
        "state": "NT",
        "price": "300",
        "price_per_unit": "120",
        "price_unit": "ML"
      }
    ]
  },
  {
    "source_url": "https://www.woolworths.com.au/shop/productdetails/944193/your-condiment-co-whole-egg-mayonnaise",
    "name": "Your Condiment Co Whole Egg Mayonnaise 250mL",
    "image_url": "https://cdn1.woolworths.media/content/wowproductimages/large/944193.jpg",
    "source_id": "Woolworths - 944193",
    "barcode": "9309001863197",
    "shop": "Woolworths",
    "weight": "100ML",
    "prices": [
      {
        "state": "VIC",
        "price": "300",
        "price_per_unit": "120",
        "price_unit": "ML"
      },
      {
        "state": "TAS",
        "price": "300",
        "price_per_unit": "120",
        "price_unit": "ML"
      },
      {
        "state": "NT",
        "price": "300",
        "price_per_unit": "120",
        "price_unit": "ML"
      }
    ]
  },
  {
    "source_url": "https://www.woolworths.com.au/shop/productdetails/364544/beerenberg-garlic-sauce",
    "name": "Beerenberg Garlic Sauce 300ml",
    "image_url": "https://cdn1.woolworths.media/content/wowproductimages/large/364544.jpg",
    "source_id": "Woolworths - 364544",
    "barcode": "9311485001729",
    "shop": "Woolworths",
    "weight": "100ML",
    "prices": [
      {
        "state": "SA",
        "price": "640",
        "price_per_unit": "213",
        "price_unit": "ML"
      }
    ]
  },
  {
    "source_url": "https://www.woolworths.com.au/shop/productdetails/128095/good-fat-aioli",
    "name": "Good Fat Aioli 280g",
    "image_url": "https://cdn1.woolworths.media/content/wowproductimages/large/128095.jpg",
    "source_id": "Woolworths - 128095",
    "barcode": "784927404119",
    "shop": "Woolworths",
    "weight": "100G",
    "prices": [
      {
        "state": "SA",
        "price": "1500",
        "price_per_unit": "536",
        "price_unit": "G"
      }
    ]
  },
  {
    "source_url": "https://www.woolworths.com.au/shop/productdetails/127819/good-fat-mayo",
    "name": "Good Fat Mayo 280g",
    "image_url": "https://cdn1.woolworths.media/content/wowproductimages/large/127819.jpg",
    "source_id": "Woolworths - 127819",
    "barcode": "784927404072",
    "shop": "Woolworths",
    "weight": "100G",
    "prices": [
      {
        "state": "SA",
        "price": "1500",
        "price_per_unit": "536",
        "price_unit": "G"
      }
    ]
  },
  {
    "source_url": "https://www.woolworths.com.au/shop/productdetails/919595/hellmann-s-truffle-mayo",
    "name": "Hellmann's Truffle Mayo 251g",
    "image_url": "https://cdn1.woolworths.media/content/wowproductimages/large/919595.jpg",
    "source_id": "Woolworths - 919595",
    "barcode": "8720182753465",
    "shop": "Woolworths",
    "weight": "100G",
    "prices": [
      {
        "state": "SA",
        "price": "600",
        "price_per_unit": "239",
        "price_unit": "G"
      },
      {
        "state": "ACT",
        "price": "400",
        "price_per_unit": "159",
        "price_unit": "G"
      },
      {
        "state": "NT",
        "price": "400",
        "price_per_unit": "159",
        "price_unit": "G"
      }
    ]
  },
  {
    "source_url": "https://www.woolworths.com.au/shop/productdetails/925731/undivided-food-co-good-fat-joppie-mayo",
    "name": "Undivided Food Co Good Fat Joppie Mayo 280g",
    "image_url": "https://cdn1.woolworths.media/content/wowproductimages/large/925731.jpg",
    "source_id": "Woolworths - 925731",
    "barcode": "9356473000179",
    "shop": "Woolworths",
    "weight": "100G",
    "prices": [
      {
        "state": "SA",
        "price": "1500",
        "price_per_unit": "536",
        "price_unit": "G"
      }
    ]
  }
]