[
  {
    "source_url": "https://www.woolworths.com.au/shop/productdetails/726124/aunt-betty-s-sticky-date-steamy-puds",
    "name": "Aunt Betty's Sticky Date Steamy Puds 2x95g",
    "image_url": "https://cdn1.woolworths.media/content/wowproductimages/large/726124.jpg",
    "source_id": "Woolworths - 726124",
    "barcode": "9417986939032",
    "shop": "Woolworths",
    "weight": "100G",
    "prices": [
      {
        "state": "NSW",
        "price": "490",
        "price_per_unit": "258",
        "price_unit": "G"
      },
      {
        "state": "VIC",
        "price": "490",
        "price_per_unit": "258",
        "price_unit": "G"
      },
      {
        "state": "QLD",
        "price": "490",
        "price_per_unit": "258",
        "price_unit": "G"
      },
      {
        "state": "WA",
        "price": "490",
        "price_per_unit": "258",
        "price_unit": "G"
      },
      {
        "state": "SA",
        "price": "490",
        "price_per_unit": "258",
        "price_unit": "G"
      },
      {
        "state": "TAS",
        "price": "490",
        "price_per_unit": "258",
        "price_unit": "G"
      },
      {
        "state": "ACT",
        "price": "245",
        "price_per_unit": "129",
        "price_unit": "G"
      },
      {
        "state": "NT",
        "price": "245",
        "price_per_unit": "129",
        "price_unit": "G"
      }
    ]
  },
  {
    "source_url": "https://www.woolworths.com.au/shop/productdetails/196943/woolworths-creamed-rice",
    "name": "Woolworths Creamed Rice 420g",
    "image_url": "https://cdn1.woolworths.media/content/wowproductimages/large/196943.jpg",
    "source_id": "Woolworths - 196943",
    "barcode": "9339687207671",
    "shop": "Woolworths",
    "weight": "100G",
    "prices": [
      {
        "state": "NSW",
        "price": "175",
        "price_per_unit": "42",
        "price_unit": "G"
      },
      {
        "state": "VIC",
        "price": "175",
        "price_per_unit": "42",
        "price_unit": "G"
      },
      {
        "state": "TAS",
        "price": "175",
        "price_per_unit": "42",
        "price_unit": "G"
      },
      {
        "state": "ACT",
        "price": "175",
        "price_per_unit": "42",
        "price_unit": "G"
      },
      {
        "state": "NT",
        "price": "175",
        "price_per_unit": "42",
        "price_unit": "G"
      }
    ]
  },
  {
    "source_url": "https://www.woolworths.com.au/shop/productdetails/680047/woolworths-raspberry-jelly",
    "name": "Woolworths Raspberry Jelly 4 Pack",
    "image_url": "https://cdn1.woolworths.media/content/wowproductimages/large/680047.jpg",
    "source_id": "Woolworths - 680047",
    "barcode": "9339687035038",
    "shop": "Woolworths",
    "weight": "1KG",
    "prices": [
      {
        "state": "NSW",
        "price": "210",
        "price_per_unit": "438",
        "price_unit": "KG"
      },
      {
        "state": "VIC",
        "price": "210",
        "price_per_unit": "438",
        "price_unit": "KG"
      },
      {
        "state": "TAS",
        "price": "210",
        "price_per_unit": "438",
        "price_unit": "KG"
      },
      {
        "state": "NT",
        "price": "210",
        "price_per_unit": "438",
        "price_unit": "KG"
      }
    ]
  },
  {
    "source_url": "https://www.woolworths.com.au/shop/productdetails/754521/aeroplane-ready-to-eat-jelly-cup-snack-raspberry-flavour",
    "name": "Aeroplane Ready To Eat Jelly Cup Snack Raspberry Flavour 120g",
    "image_url": "https://cdn1.woolworths.media/content/wowproductimages/large/754521.jpg",
    "source_id": "Woolworths - 754521",
    "barcode": "9300619571917",
    "shop": "Woolworths",
    "weight": "100G",
    "prices": [
      {
        "state": "VIC",
        "price": "160",
        "price_per_unit": "133",
        "price_unit": "G"
      },
      {
        "state": "QLD",
        "price": "160",
        "price_per_unit": "133",
        "price_unit": "G"
      },
      {
        "state": "WA",
        "price": "160",
        "price_per_unit": "133",
        "price_unit": "G"
      },
      {
        "state": "SA",
        "price": "160",
        "price_per_unit": "133",
        "price_unit": "G"
      },
      {
        "state": "TAS",
        "price": "160",
        "price_per_unit": "133",
        "price_unit": "G"
      },
      {
        "state": "ACT",
        "price": "160",
        "price_per_unit": "133",
        "price_unit": "G"
      },
      {
        "state": "NT",
        "price": "160",
        "price_per_unit": "133",
        "price_unit": "G"
      }
    ]
  },
  {
    "source_url": "https://www.woolworths.com.au/shop/productdetails/726143/aunt-betty-s-chocolate-steamy-puds",
    "name": "Aunt Betty's Chocolate Steamy Puds 2x95g",
    "image_url": "https://cdn1.woolworths.media/content/wowproductimages/large/726143.jpg",
    "source_id": "Woolworths - 726143",
    "barcode": "9417986939001",
    "shop": "Woolworths",
    "weight": "100G",
    "prices": [
      {
        "state": "VIC",
        "price": "490",
        "price_per_unit": "258",
        "price_unit": "G"
      },
      {
        "state": "QLD",
        "price": "490",
        "price_per_unit": "258",
        "price_unit": "G"
      },
      {
        "state": "WA",
        "price": "490",
        "price_per_unit": "258",
        "price_unit": "G"
      },
      {
        "state": "SA",
        "price": "490",
        "price_per_unit": "258",
        "price_unit": "G"
      },
      {
        "state": "TAS",
        "price": "490",
        "price_per_unit": "258",
        "price_unit": "G"
      },
      {
        "state": "ACT",
        "price": "490",
        "price_per_unit": "258",
        "price_unit": "G"
      },
      {
        "state": "NT",
        "price": "245",
        "price_per_unit": "129",
        "price_unit": "G"
      }
    ]
  },
  {
    "source_url": "https://www.woolworths.com.au/shop/productdetails/493529/aunt-betty-s-creamy-rice-dessert-natural-vanilla",
    "name": "Aunt Betty's Creamy Rice Dessert Natural Vanilla 240g",
    "image_url": "https://cdn1.woolworths.media/content/wowproductimages/large/493529.jpg",
    "source_id": "Woolworths - 493529",
    "barcode": "9417986942827",
    "shop": "Woolworths",
    "weight": "100G",
    "prices": [
      {
        "state": "VIC",
        "price": "250",
        "price_per_unit": "104",
        "price_unit": "G"
      },
      {
        "state": "QLD",
        "price": "250",
        "price_per_unit": "104",
        "price_unit": "G"
      },
      {
        "state": "WA",
        "price": "250",
        "price_per_unit": "104",
        "price_unit": "G"
      },
      {
        "state": "SA",
        "price": "250",
        "price_per_unit": "104",
        "price_unit": "G"
      },
      {
        "state": "TAS",
        "price": "360",
        "price_per_unit": "150",
        "price_unit": "G"
      },
      {
        "state": "ACT",
        "price": "360",
        "price_per_unit": "150",
        "price_unit": "G"
      },
      {
        "state": "NT",
        "price": "360",
        "price_per_unit": "150",
        "price_unit": "G"
      }
    ]
  },
  {
    "source_url": "https://www.woolworths.com.au/shop/productdetails/661046/aunt-betty-s-gluten-free-chocolate",
    "name": "Aunt Betty's Gluten Free Chocolate 2x95g",
    "image_url": "https://cdn1.woolworths.media/content/wowproductimages/large/661046.jpg",
    "source_id": "Woolworths - 661046",
    "barcode": "9417986943367",
    "shop": "Woolworths",
    "weight": "100G",
    "prices": [
      {
        "state": "VIC",
        "price": "490",
        "price_per_unit": "258",
        "price_unit": "G"
      },
      {
        "state": "QLD",
        "price": "490",
        "price_per_unit": "258",
        "price_unit": "G"
      },
      {
        "state": "WA",
        "price": "490",
        "price_per_unit": "258",
        "price_unit": "G"
      },
      {
        "state": "SA",
        "price": "490",
        "price_per_unit": "258",
        "price_unit": "G"
      },
      {
        "state": "TAS",
        "price": "490",
        "price_per_unit": "258",
        "price_unit": "G"
      },
      {
        "state": "ACT",
        "price": "245",
        "price_per_unit": "129",
        "price_unit": "G"
      },
      {
        "state": "NT",
        "price": "245",
        "price_per_unit": "129",
        "price_unit": "G"
      }
    ]
  },
  {
    "source_url": "https://www.woolworths.com.au/shop/productdetails/726089/aunt-betty-s-golden-syrup-steamy-puds",
    "name": "Aunt Betty's Golden Syrup Steamy Puds 2x95g",
    "image_url": "https://cdn1.woolworths.media/content/wowproductimages/large/726089.jpg",
    "source_id": "Woolworths - 726089",
    "barcode": "9417986939018",
    "shop": "Woolworths",
    "weight": "100G",
    "prices": [
      {
        "state": "VIC",
        "price": "490",
        "price_per_unit": "258",
        "price_unit": "G"
      },
      {
        "state": "QLD",
        "price": "490",
        "price_per_unit": "258",
        "price_unit": "G"
      },
      {
        "state": "WA",
        "price": "490",
        "price_per_unit": "258",
        "price_unit": "G"
      },
      {
        "state": "SA",
        "price": "490",
        "price_per_unit": "258",
        "price_unit": "G"
      },
      {
        "state": "TAS",
        "price": "490",
        "price_per_unit": "258",
        "price_unit": "G"
      },
      {
        "state": "ACT",
        "price": "245",
        "price_per_unit": "129",
        "price_unit": "G"
      },
      {
        "state": "NT",
        "price": "245",
        "price_per_unit": "129",
        "price_unit": "G"
      }
    ]
  },
  {
    "source_url": "https://www.woolworths.com.au/shop/productdetails/726133/aunt-betty-s-gooey-caramel-steamy-puds",
    "name": "Aunt Betty's Gooey Caramel Steamy Puds 2x95g",
    "image_url": "https://cdn1.woolworths.media/content/wowproductimages/large/726133.jpg",
    "source_id": "Woolworths - 726133",
    "barcode": "9417986939025",
    "shop": "Woolworths",
    "weight": "100G",
    "prices": [
      {
        "state": "VIC",
        "price": "490",
        "price_per_unit": "258",
        "price_unit": "G"
      },
      {
        "state": "QLD",
        "price": "490",
        "price_per_unit": "258",
        "price_unit": "G"
      },
      {
        "state": "WA",
        "price": "490",
        "price_per_unit": "258",
        "price_unit": "G"
      },
      {
        "state": "SA",
        "price": "490",
        "price_per_unit": "258",
        "price_unit": "G"
      },
      {
        "state": "TAS",
        "price": "490",
        "price_per_unit": "258",
        "price_unit": "G"
      },
      {
        "state": "ACT",
        "price": "490",
        "price_per_unit": "258",
        "price_unit": "G"
      },
      {
        "state": "NT",
        "price": "245",
        "price_per_unit": "129",
        "price_unit": "G"
      }
    ]
  },
  {
    "source_url": "https://www.woolworths.com.au/shop/productdetails/909571/aunt-betty-s-saucy-centres-puddings-chocolate-churro",
    "name": "Aunt Betty's Saucy Centres Puddings Chocolate Churro 2 Pack",
    "image_url": "https://cdn1.woolworths.media/content/wowproductimages/large/909571.jpg",
    "source_id": "Woolworths - 909571",
    "barcode": "9417986946887",
    "shop": "Woolworths",
    "weight": "100G",
    "prices": [
      {
        "state": "VIC",
        "price": "600",
        "price_per_unit": "300",
        "price_unit": "G"
      },
      {
        "state": "QLD",
        "price": "600",
        "price_per_unit": "300",
        "price_unit": "G"
      },
      {
        "state": "WA",
        "price": "600",
        "price_per_unit": "300",
        "price_unit": "G"
      },
      {
        "state": "SA",
        "price": "600",
        "price_per_unit": "300",
        "price_unit": "G"
      },
      {
        "state": "TAS",
        "price": "300",
        "price_per_unit": "150",
        "price_unit": "G"
      },
      {
        "state": "ACT",
        "price": "300",
        "price_per_unit": "150",
        "price_unit": "G"
      },
      {
        "state": "NT",
        "price": "300",
        "price_per_unit": "150",
        "price_unit": "G"
      }
    ]
  },
  {
    "source_url": "https://www.woolworths.com.au/shop/productdetails/189581/aunt-betty-s-saucy-centres-salted-caramel-puddings",
    "name": "Aunt Betty's Saucy Centres Salted Caramel Puddings 2 Pack",
    "image_url": "https://cdn1.woolworths.media/content/wowproductimages/large/189581.jpg",
    "source_id": "Woolworths - 189581",
    "barcode": "9417986946177",
    "shop": "Woolworths",
    "weight": "100G",
    "prices": [
      {
        "state": "VIC",
        "price": "600",
        "price_per_unit": "300",
        "price_unit": "G"
      },
      {
        "state": "QLD",
        "price": "600",
        "price_per_unit": "300",
        "price_unit": "G"
      },
      {
        "state": "WA",
        "price": "600",
        "price_per_unit": "300",
        "price_unit": "G"
      },
      {
        "state": "SA",
        "price": "600",
        "price_per_unit": "300",
        "price_unit": "G"
      },
      {
        "state": "TAS",
        "price": "300",
        "price_per_unit": "150",
        "price_unit": "G"
      },
      {
        "state": "ACT",
        "price": "300",
        "price_per_unit": "150",
        "price_unit": "G"
      },
      {
        "state": "NT",
        "price": "300",
        "price_per_unit": "150",
        "price_unit": "G"
      }
    ]
  },
  {
    "source_url": "https://www.woolworths.com.au/shop/productdetails/518053/aeroplane-ready-to-eat-jelly-cup-snack-blackcurrant-flavour",
    "name": "Aeroplane Ready To Eat Jelly Cup Snack Blackcurrant Flavour 120g",
    "image_url": "https://cdn1.woolworths.media/content/wowproductimages/large/518053.jpg",
    "source_id": "Woolworths - 518053",
    "barcode": "9300619571924",
    "shop": "Woolworths",
    "weight": "100G",
    "prices": [
      {
        "state": "VIC",
        "price": "160",
        "price_per_unit": "133",
        "price_unit": "G"
      },
      {
        "state": "SA",
        "price": "160",
        "price_per_unit": "133",
        "price_unit": "G"
      },
      {
        "state": "TAS",
        "price": "160",
        "price_per_unit": "133",
        "price_unit": "G"
      },
      {
        "state": "ACT",
        "price": "160",
        "price_per_unit": "133",
        "price_unit": "G"
      },
      {
        "state": "NT",
        "price": "160",
        "price_per_unit": "133",
        "price_unit": "G"
      }
    ]
  },
  {
    "source_url": "https://www.woolworths.com.au/shop/productdetails/518052/aeroplane-ready-to-eat-jelly-cup-snack-pineapple-flavour",
    "name": "Aeroplane Ready To Eat Jelly Cup Snack Pineapple Flavour 120g",
    "image_url": "https://cdn1.woolworths.media/content/wowproductimages/large/518052.jpg",
    "source_id": "Woolworths - 518052",
    "barcode": "9300619572310",
    "shop": "Woolworths",
    "weight": "100G",
    "prices": [
      {
        "state": "VIC",
        "price": "160",
        "price_per_unit": "133",
        "price_unit": "G"
      },
      {
        "state": "SA",
        "price": "160",
        "price_per_unit": "133",
        "price_unit": "G"
      },
      {
        "state": "TAS",
        "price": "160",
        "price_per_unit": "133",
        "price_unit": "G"
      },
      {
        "state": "ACT",
        "price": "160",
        "price_per_unit": "133",
        "price_unit": "G"
      },
      {
        "state": "NT",
        "price": "160",
        "price_per_unit": "133",
        "price_unit": "G"
      }
    ]
  },
  {
    "source_url": "https://www.woolworths.com.au/shop/productdetails/754498/aeroplane-ready-to-eat-jelly-cup-snack-strawberry-flavour",
    "name": "Aeroplane Ready To Eat Jelly Cup Snack Strawberry Flavour 120g",
    "image_url": "https://cdn1.woolworths.media/content/wowproductimages/large/754498.jpg",
    "source_id": "Woolworths - 754498",
    "barcode": "9300619571894",
    "shop": "Woolworths",
    "weight": "100G",
    "prices": [
      {
        "state": "VIC",
        "price": "160",
        "price_per_unit": "133",
        "price_unit": "G"
      },
      {
        "state": "SA",
        "price": "160",
        "price_per_unit": "133",
        "price_unit": "G"
      },
      {
        "state": "TAS",
        "price": "160",
        "price_per_unit": "133",
        "price_unit": "G"
      },
      {
        "state": "ACT",
        "price": "160",
        "price_per_unit": "133",
        "price_unit": "G"
      },
      {
        "state": "NT",
        "price": "160",
        "price_per_unit": "133",
        "price_unit": "G"
      }
    ]
  },
  {
    "source_url": "https://www.woolworths.com.au/shop/productdetails/189746/aunt-betty-s-saucy-centres-chocolate-puddings",
    "name": "Aunt Betty's Saucy Centres Chocolate Puddings 2 Pack",
    "image_url": "https://cdn1.woolworths.media/content/wowproductimages/large/189746.jpg",
    "source_id": "Woolworths - 189746",
    "barcode": "9417986946160",
    "shop": "Woolworths",
    "weight": "100G",
    "prices": [
      {
        "state": "VIC",
        "price": "600",
        "price_per_unit": "300",
        "price_unit": "G"
      },
      {
        "state": "SA",
        "price": "600",
        "price_per_unit": "300",
        "price_unit": "G"
      },
      {
        "state": "TAS",
        "price": "300",
        "price_per_unit": "150",
        "price_unit": "G"
      },
      {
        "state": "ACT",
        "price": "300",
        "price_per_unit": "150",
        "price_unit": "G"
      },
      {
        "state": "NT",
        "price": "300",
        "price_per_unit": "150",
        "price_unit": "G"
      }
    ]
  },
  {
    "source_url": "https://www.woolworths.com.au/shop/productdetails/33185/lion-tapioca-pearls",
    "name": "Lion Tapioca Pearls 375g",
    "image_url": "https://cdn1.woolworths.media/content/wowproductimages/large/033185.jpg",
    "source_id": "Woolworths - 33185",
    "barcode": "9300609215005",
    "shop": "Woolworths",
    "weight": "100G",
    "prices": [
      {
        "state": "VIC",
        "price": "390",
        "price_per_unit": "104",
        "price_unit": "G"
      },
      {
        "state": "QLD",
        "price": "390",
        "price_per_unit": "104",
        "price_unit": "G"
      },
      {
        "state": "WA",
        "price": "390",
        "price_per_unit": "104",
        "price_unit": "G"
      },
      {
        "state": "SA",
        "price": "390",
        "price_per_unit": "104",
        "price_unit": "G"
      },
      {
        "state": "TAS",
        "price": "390",
        "price_per_unit": "104",
        "price_unit": "G"
      },
      {
        "state": "ACT",
        "price": "390",
        "price_per_unit": "104",
        "price_unit": "G"
      },
      {
        "state": "NT",
        "price": "390",
        "price_per_unit": "104",
        "price_unit": "G"
      }
    ]
  },
  {
    "source_url": "https://www.woolworths.com.au/shop/productdetails/443382/white-wings-cake-in-a-cup-double-chocolate",
    "name": "White Wings Cake In a Cup Double Chocolate 220g",
    "image_url": "https://cdn1.woolworths.media/content/wowproductimages/large/443382.jpg",
    "source_id": "Woolworths - 443382",
    "barcode": "9310047215567",
    "shop": "Woolworths",
    "weight": "100G",
    "prices": [
      {
        "state": "VIC",
        "price": "600",
        "price_per_unit": "273",
        "price_unit": "G"
      },
      {
        "state": "QLD",
        "price": "600",
        "price_per_unit": "273",
        "price_unit": "G"
      },
      {
        "state": "WA",
        "price": "600",
        "price_per_unit": "273",
        "price_unit": "G"
      },
      {
        "state": "TAS",
        "price": "600",
        "price_per_unit": "273",
        "price_unit": "G"
      },
      {
        "state": "ACT",
        "price": "600",
        "price_per_unit": "273",
        "price_unit": "G"
      },
      {
        "state": "NT",
        "price": "600",
        "price_per_unit": "273",
        "price_unit": "G"
      }
    ]
  },
  {
    "source_url": "https://www.woolworths.com.au/shop/productdetails/575689/white-wings-cake-in-a-cup-triple-choc-brownie",
    "name": "White Wings Cake In a Cup Triple Choc Brownie 4 Pack",
    "image_url": "https://cdn1.woolworths.media/content/wowproductimages/large/575689.jpg",
    "source_id": "Woolworths - 575689",
    "barcode": "9310047216083",
    "shop": "Woolworths",
    "weight": "100G",
    "prices": [
      {
        "state": "VIC",
        "price": "600",
        "price_per_unit": "273",
        "price_unit": "G"
      },
      {
        "state": "QLD",
        "price": "600",
        "price_per_unit": "273",
        "price_unit": "G"
      },
      {
        "state": "WA",
        "price": "600",
        "price_per_unit": "273",
        "price_unit": "G"
      },
      {
        "state": "TAS",
        "price": "600",
        "price_per_unit": "273",
        "price_unit": "G"
      },
      {
        "state": "ACT",
        "price": "600",
        "price_per_unit": "273",
        "price_unit": "G"
      },
      {
        "state": "NT",
        "price": "600",
        "price_per_unit": "273",
        "price_unit": "G"
      }
    ]
  },
  {
    "source_url": "https://www.woolworths.com.au/shop/productdetails/220111/white-wings-parsons-vanilla-creamed-rice-98-fat-free",
    "name": "White Wings Parsons Vanilla Creamed Rice 98% Fat Free 430g",
    "image_url": "https://cdn1.woolworths.media/content/wowproductimages/large/220111.jpg",
    "source_id": "Woolworths - 220111",
    "barcode": "9310047206909",
    "shop": "Woolworths",
    "weight": "100G",
    "prices": [
      {
        "state": "VIC",
        "price": "350",
        "price_per_unit": "81",
        "price_unit": "G"
      },
      {
        "state": "QLD",
        "price": "350",
        "price_per_unit": "81",
        "price_unit": "G"
      },
      {
        "state": "WA",
        "price": "350",
        "price_per_unit": "81",
        "price_unit": "G"
      },
      {
        "state": "TAS",
        "price": "350",
        "price_per_unit": "81",
        "price_unit": "G"
      },
      {
        "state": "ACT",
        "price": "350",
        "price_per_unit": "81",
        "price_unit": "G"
      },
      {
        "state": "NT",
        "price": "350",
        "price_per_unit": "81",
        "price_unit": "G"
      }
    ]
  },
  {
    "source_url": "https://www.woolworths.com.au/shop/productdetails/669980/woolworths-apple-peach-puree-in-pouch",
    "name": "Woolworths Apple & Peach Puree In Pouch 90g",
    "image_url": "https://cdn1.woolworths.media/content/wowproductimages/large/669980.jpg",
    "source_id": "Woolworths - 669980",
    "barcode": "9339687022373",
    "shop": "Woolworths",
    "weight": "1KG",
    "prices": [
      {
        "state": "VIC",
        "price": "110",
        "price_per_unit": "1222",
        "price_unit": "KG"
      },
      {
        "state": "QLD",
        "price": "110",
        "price_per_unit": "1222",
        "price_unit": "KG"
      },
      {
        "state": "WA",
        "price": "110",
        "price_per_unit": "1222",
        "price_unit": "KG"
      },
      {
        "state": "TAS",
        "price": "110",
        "price_per_unit": "1222",
        "price_unit": "KG"
      },
      {
        "state": "ACT",
        "price": "110",
        "price_per_unit": "1222",
        "price_unit": "KG"
      },
      {
        "state": "NT",
        "price": "110",
        "price_per_unit": "1222",
        "price_unit": "KG"
      }
    ]
  },
  {
    "source_url": "https://www.woolworths.com.au/shop/productdetails/669966/woolworths-apple-strawberry-puree-in-pouch",
    "name": "Woolworths Apple & Strawberry Puree In Pouch 90g",
    "image_url": "https://cdn1.woolworths.media/content/wowproductimages/large/669966.jpg",
    "source_id": "Woolworths - 669966",
    "barcode": "9339687022366",
    "shop": "Woolworths",
    "weight": "1KG",
    "prices": [
      {
        "state": "VIC",
        "price": "110",
        "price_per_unit": "1222",
        "price_unit": "KG"
      },
      {
        "state": "QLD",
        "price": "110",
        "price_per_unit": "1222",
        "price_unit": "KG"
      },
      {
        "state": "WA",
        "price": "110",
        "price_per_unit": "1222",
        "price_unit": "KG"
      },
      {
        "state": "TAS",
        "price": "110",
        "price_per_unit": "1222",
        "price_unit": "KG"
      },
      {
        "state": "ACT",
        "price": "110",
        "price_per_unit": "1222",
        "price_unit": "KG"
      },
      {
        "state": "NT",
        "price": "110",
        "price_per_unit": "1222",
        "price_unit": "KG"
      }
    ]
  },
  {
    "source_url": "https://www.woolworths.com.au/shop/productdetails/669962/woolworths-apple-puree-in-pouch",
    "name": "Woolworths Apple Puree In Pouch 90g",
    "image_url": "https://cdn1.woolworths.media/content/wowproductimages/large/669962.jpg",
    "source_id": "Woolworths - 669962",
    "barcode": "9339687022359",
    "shop": "Woolworths",
    "weight": "1KG",
    "prices": [
      {
        "state": "VIC",
        "price": "110",
        "price_per_unit": "1222",
        "price_unit": "KG"
      },
      {
        "state": "QLD",
        "price": "110",
        "price_per_unit": "1222",
        "price_unit": "KG"
      },
      {
        "state": "WA",
        "price": "110",
        "price_per_unit": "1222",
        "price_unit": "KG"
      },
      {
        "state": "TAS",
        "price": "110",
        "price_per_unit": "1222",
        "price_unit": "KG"
      },
      {
        "state": "ACT",
        "price": "110",
        "price_per_unit": "1222",
        "price_unit": "KG"
      },
      {
        "state": "NT",
        "price": "110",
        "price_per_unit": "1222",
        "price_unit": "KG"
      }
    ]
  },
  {
    "source_url": "https://www.woolworths.com.au/shop/productdetails/669984/woolworths-mango-flavoured-jelly-in-pouch",
    "name": "Woolworths Mango Flavoured Jelly In Pouch 95g",
    "image_url": "https://cdn1.woolworths.media/content/wowproductimages/large/669984.jpg",
    "source_id": "Woolworths - 669984",
    "barcode": "9339687022403",
    "shop": "Woolworths",
    "weight": "1KG",
    "prices": [
      {
        "state": "VIC",
        "price": "95",
        "price_per_unit": "1000",
        "price_unit": "KG"
      },
      {
        "state": "TAS",
        "price": "95",
        "price_per_unit": "1000",
        "price_unit": "KG"
      },
      {
        "state": "ACT",
        "price": "95",
        "price_per_unit": "1000",
        "price_unit": "KG"
      },
      {
        "state": "NT",
        "price": "95",
        "price_per_unit": "1000",
        "price_unit": "KG"
      }
    ]
  },
  {
    "source_url": "https://www.woolworths.com.au/shop/productdetails/680046/woolworths-mango-jelly",
    "name": "Woolworths Mango Jelly 4 Pack",
    "image_url": "https://cdn1.woolworths.media/content/wowproductimages/large/680046.jpg",
    "source_id": "Woolworths - 680046",
    "barcode": "9339687035021",
    "shop": "Woolworths",
    "weight": "1KG",
    "prices": [
      {
        "state": "VIC",
        "price": "210",
        "price_per_unit": "438",
        "price_unit": "KG"
      },
      {
        "state": "TAS",
        "price": "210",
        "price_per_unit": "438",
        "price_unit": "KG"
      },
      {
        "state": "ACT",
        "price": "210",
        "price_per_unit": "438",
        "price_unit": "KG"
      },
      {
        "state": "NT",
        "price": "210",
        "price_per_unit": "438",
        "price_unit": "KG"
      }
    ]
  },
  {
    "source_url": "https://www.woolworths.com.au/shop/productdetails/669981/woolworths-puree-in-pouch-apple-mango",
    "name": "Woolworths Puree In Pouch Apple & Mango 90g",
    "image_url": "https://cdn1.woolworths.media/content/wowproductimages/large/669981.jpg",
    "source_id": "Woolworths - 669981",
    "barcode": "9339687022380",
    "shop": "Woolworths",
    "weight": "1KG",
    "prices": [
      {
        "state": "VIC",
        "price": "110",
        "price_per_unit": "1222",
        "price_unit": "KG"
      },
      {
        "state": "TAS",
        "price": "110",
        "price_per_unit": "1222",
        "price_unit": "KG"
      },
      {
        "state": "NT",
        "price": "110",
        "price_per_unit": "1222",
        "price_unit": "KG"
      }
    ]
  },
  {
    "source_url": "https://www.woolworths.com.au/shop/productdetails/669772/woolworths-raspberry-flavoured-jelly-in-pouch",
    "name": "Woolworths Raspberry Flavoured Jelly In Pouch 95g",
    "image_url": "https://cdn1.woolworths.media/content/wowproductimages/large/669772.jpg",
    "source_id": "Woolworths - 669772",
    "barcode": "9339687022410",
    "shop": "Woolworths",
    "weight": "1KG",
    "prices": [
      {
        "state": "VIC",
        "price": "95",
        "price_per_unit": "1000",
        "price_unit": "KG"
      },
      {
        "state": "TAS",
        "price": "95",
        "price_per_unit": "1000",
        "price_unit": "KG"
      },
      {
        "state": "NT",
        "price": "95",
        "price_per_unit": "1000",
        "price_unit": "KG"
      }
    ]
  },
  {
    "source_url": "https://www.woolworths.com.au/shop/productdetails/669983/woolworths-strawberry-flavoured-jelly-in-pouch",
    "name": "Woolworths Strawberry Flavoured Jelly In Pouch 95g",
    "image_url": "https://cdn1.woolworths.media/content/wowproductimages/large/669983.jpg",
    "source_id": "Woolworths - 669983",
    "barcode": "9339687022397",
    "shop": "Woolworths",
    "weight": "1KG",
    "prices": [
      {
        "state": "VIC",
        "price": "95",
        "price_per_unit": "1000",
        "price_unit": "KG"
      },
      {
        "state": "TAS",
        "price": "95",
        "price_per_unit": "1000",
        "price_unit": "KG"
      },
      {
        "state": "NT",
        "price": "95",
        "price_per_unit": "1000",
        "price_unit": "KG"
      }
    ]
  },
  {
    "source_url": "https://www.woolworths.com.au/shop/productdetails/680048/woolworths-tropical-flavour-jelly",
    "name": "Woolworths Tropical Flavour Jelly 4 Pack",
    "image_url": "https://cdn1.woolworths.media/content/wowproductimages/large/680048.jpg",
    "source_id": "Woolworths - 680048",
    "barcode": "9339687035045",
    "shop": "Woolworths",
    "weight": "1KG",
    "prices": [
      {
        "state": "VIC",
        "price": "210",
        "price_per_unit": "438",
        "price_unit": "KG"
      },
      {
        "state": "TAS",
        "price": "210",
        "price_per_unit": "438",
        "price_unit": "KG"
      },
      {
        "state": "NT",
        "price": "210",
        "price_per_unit": "438",
        "price_unit": "KG"
      }
    ]
  }
]