[
  {
    "source_url": "https://www.woolworths.com.au/shop/productdetails/1075341022/braggs-nutritional-yeast-127g",
    "name": "Braggs Nutritional Yeast 127g",
    "image_url": "https://cdn1.woolworths.media/content/wowproductimages/large/1075341022.jpg",
    "source_id": "Woolworths - 1075341022",
    "barcode": null,
    "shop": "Woolworths",
    "weight": "100G",
    "prices": [
      {
        "state": "NSW",
        "price": "1595",
        "price_per_unit": "1256",
        "price_unit": "G"
      },
      {
        "state": "VIC",
        "price": "1595",
        "price_per_unit": "1256",
        "price_unit": "G"
      },
      {
        "state": "QLD",
        "price": "1595",
        "price_per_unit": "1256",
        "price_unit": "G"
      },
      {
        "state": "WA",
        "price": "1595",
        "price_per_unit": "1256",
        "price_unit": "G"
      },
      {
        "state": "SA",
        "price": "1595",
        "price_per_unit": "1256",
        "price_unit": "G"
      },
      {
        "state": "TAS",
        "price": "1595",
        "price_per_unit": "1256",
        "price_unit": "G"
      },
      {
        "state": "ACT",
        "price": "1595",
        "price_per_unit": "1256",
        "price_unit": "G"
      },
      {
        "state": "NT",
        "price": "1595",
        "price_per_unit": "1256",
        "price_unit": "G"
      }
    ]
  },
  {
    "source_url": "https://www.woolworths.com.au/shop/productdetails/1076004145/edlyn-banking-powder-2-5kg-bulk",
    "name": "Edlyn Banking Powder 2.5kg Bulk",
    "image_url": "https://cdn1.woolworths.media/content/wowproductimages/large/1076004145.jpg",
    "source_id": "Woolworths - 1076004145",
    "barcode": null,
    "shop": "Woolworths",
    "weight": "1EA",
    "prices": [
      {
        "state": "NSW",
        "price": "6995",
        "price_per_unit": "6995",
        "price_unit": "EA"
      },
      {
        "state": "VIC",
        "price": "6995",
        "price_per_unit": "6995",
        "price_unit": "EA"
      },
      {
        "state": "QLD",
        "price": "6995",
        "price_per_unit": "6995",
        "price_unit": "EA"
      },
      {
        "state": "WA",
        "price": "6995",
        "price_per_unit": "6995",
        "price_unit": "EA"
      },
      {
        "state": "SA",
        "price": "6995",
        "price_per_unit": "6995",
        "price_unit": "EA"
      },
      {
        "state": "TAS",
        "price": "6995",
        "price_per_unit": "6995",
        "price_unit": "EA"
      },
      {
        "state": "ACT",
        "price": "6995",
        "price_per_unit": "6995",
        "price_unit": "EA"
      },
      {
        "state": "NT",
        "price": "6995",
        "price_per_unit": "6995",
        "price_unit": "EA"
      }
    ]
  },
  {
    "source_url": "https://www.woolworths.com.au/shop/productdetails/1074032678/gefen-pure-baking-soda-340g-x-2",
    "name": "Gefen Pure Baking Soda 340g x 2",
    "image_url": "https://cdn1.woolworths.media/content/wowproductimages/large/1074032678.jpg",
    "source_id": "Woolworths - 1074032678",
    "barcode": null,
    "shop": "Woolworths",
    "weight": "1EA",
    "prices": [
      {
        "state": "NSW",
        "price": "3600",
        "price_per_unit": "1800",
        "price_unit": "EA"
      },
      {
        "state": "VIC",
        "price": "3600",
        "price_per_unit": "1800",
        "price_unit": "EA"
      },
      {
        "state": "QLD",
        "price": "3600",
        "price_per_unit": "1800",
        "price_unit": "EA"
      },
      {
        "state": "WA",
        "price": "3600",
        "price_per_unit": "1800",
        "price_unit": "EA"
      },
      {
        "state": "SA",
        "price": "3600",
        "price_per_unit": "1800",
        "price_unit": "EA"
      },
      {
        "state": "TAS",
        "price": "3600",
        "price_per_unit": "1800",
        "price_unit": "EA"
      },
      {
        "state": "ACT",
        "price": "3600",
        "price_per_unit": "1800",
        "price_unit": "EA"
      },
      {
        "state": "NT",
        "price": "3600",
        "price_per_unit": "1800",
        "price_unit": "EA"
      }
    ]
  },
  {
    "source_url": "https://www.woolworths.com.au/shop/productdetails/1075347618/gelatin-health-gelatin-food-grade-1kg",
    "name": "Gelatin Health Gelatin - Food Grade 1kg",
    "image_url": "https://cdn1.woolworths.media/content/wowproductimages/large/1075347618.jpg",
    "source_id": "Woolworths - 1075347618",
    "barcode": null,
    "shop": "Woolworths",
    "weight": "100G",
    "prices": [
      {
        "state": "NSW",
        "price": "4200",
        "price_per_unit": "420",
        "price_unit": "G"
      },
      {
        "state": "VIC",
        "price": "4200",
        "price_per_unit": "420",
        "price_unit": "G"
      },
      {
        "state": "QLD",
        "price": "4200",
        "price_per_unit": "420",
        "price_unit": "G"
      },
      {
        "state": "WA",
        "price": "4200",
        "price_per_unit": "420",
        "price_unit": "G"
      },
      {
        "state": "SA",
        "price": "4200",
        "price_per_unit": "420",
        "price_unit": "G"
      },
      {
        "state": "TAS",
        "price": "4200",
        "price_per_unit": "420",
        "price_unit": "G"
      },
      {
        "state": "ACT",
        "price": "4200",
        "price_per_unit": "420",
        "price_unit": "G"
      },
      {
        "state": "NT",
        "price": "4200",
        "price_per_unit": "420",
        "price_unit": "G"
      }
    ]
  },
  {
    "source_url": "https://www.woolworths.com.au/shop/productdetails/1075347290/gelatin-health-gelatin-food-grade-500g",
    "name": "Gelatin Health Gelatin - Food Grade 500g",
    "image_url": "https://cdn1.woolworths.media/content/wowproductimages/large/1075347290.jpg",
    "source_id": "Woolworths - 1075347290",
    "barcode": null,
    "shop": "Woolworths",
    "weight": "100G",
    "prices": [
      {
        "state": "NSW",
        "price": "2824",
        "price_per_unit": "565",
        "price_unit": "G"
      },
      {
        "state": "VIC",
        "price": "2824",
        "price_per_unit": "565",
        "price_unit": "G"
      },
      {
        "state": "QLD",
        "price": "2824",
        "price_per_unit": "565",
        "price_unit": "G"
      },
      {
        "state": "WA",
        "price": "2824",
        "price_per_unit": "565",
        "price_unit": "G"
      },
      {
        "state": "SA",
        "price": "2824",
        "price_per_unit": "565",
        "price_unit": "G"
      },
      {
        "state": "TAS",
        "price": "2824",
        "price_per_unit": "565",
        "price_unit": "G"
      },
      {
        "state": "ACT",
        "price": "2824",
        "price_per_unit": "565",
        "price_unit": "G"
      },
      {
        "state": "NT",
        "price": "2824",
        "price_per_unit": "565",
        "price_unit": "G"
      }
    ]
  },
  {
    "source_url": "https://www.woolworths.com.au/shop/productdetails/1075479263/honest-to-goodness-natural-brewers-yeast-350g",
    "name": "Honest to Goodness Natural Brewers Yeast 350g",
    "image_url": "https://cdn1.woolworths.media/content/wowproductimages/large/1075479263.jpg",
    "source_id": "Woolworths - 1075479263",
    "barcode": null,
    "shop": "Woolworths",
    "weight": "100G",
    "prices": [
      {
        "state": "NSW",
        "price": "1425",
        "price_per_unit": "407",
        "price_unit": "G"
      },
      {
        "state": "VIC",
        "price": "1425",
        "price_per_unit": "407",
        "price_unit": "G"
      },
      {
        "state": "QLD",
        "price": "1425",
        "price_per_unit": "407",
        "price_unit": "G"
      },
      {
        "state": "WA",
        "price": "1425",
        "price_per_unit": "407",
        "price_unit": "G"
      },
      {
        "state": "SA",
        "price": "1425",
        "price_per_unit": "407",
        "price_unit": "G"
      },
      {
        "state": "TAS",
        "price": "1425",
        "price_per_unit": "407",
        "price_unit": "G"
      },
      {
        "state": "ACT",
        "price": "1425",
        "price_per_unit": "407",
        "price_unit": "G"
      },
      {
        "state": "NT",
        "price": "1425",
        "price_per_unit": "407",
        "price_unit": "G"
      }
    ]
  },
  {
    "source_url": "https://www.woolworths.com.au/shop/productdetails/673516/lighthouse-yeast-bread-improver",
    "name": "Lighthouse Yeast Bread Improver 10x7g",
    "image_url": "https://cdn1.woolworths.media/content/wowproductimages/large/673516.jpg",
    "source_id": "Woolworths - 673516",
    "barcode": "9300609107577",
    "shop": "Woolworths",
    "weight": "100G",
    "prices": [
      {
        "state": "NSW",
        "price": "495",
        "price_per_unit": "707",
        "price_unit": "G"
      },
      {
        "state": "VIC",
        "price": "495",
        "price_per_unit": "707",
        "price_unit": "G"
      },
      {
        "state": "QLD",
        "price": "495",
        "price_per_unit": "707",
        "price_unit": "G"
      },
      {
        "state": "WA",
        "price": "495",
        "price_per_unit": "707",
        "price_unit": "G"
      },
      {
        "state": "SA",
        "price": "495",
        "price_per_unit": "707",
        "price_unit": "G"
      },
      {
        "state": "TAS",
        "price": "495",
        "price_per_unit": "707",
        "price_unit": "G"
      },
      {
        "state": "ACT",
        "price": "620",
        "price_per_unit": "886",
        "price_unit": "G"
      },
      {
        "state": "NT",
        "price": "620",
        "price_per_unit": "886",
        "price_unit": "G"
      }
    ]
  },
  {
    "source_url": "https://www.woolworths.com.au/shop/productdetails/1075347223/lotus-agar-agar-powder-75g",
    "name": "Lotus Agar Agar Powder 75g",
    "image_url": "https://cdn1.woolworths.media/content/wowproductimages/large/1075347223.jpg",
    "source_id": "Woolworths - 1075347223",
    "barcode": null,
    "shop": "Woolworths",
    "weight": "100G",
    "prices": [
      {
        "state": "NSW",
        "price": "2245",
        "price_per_unit": "2993",
        "price_unit": "G"
      },
      {
        "state": "VIC",
        "price": "2245",
        "price_per_unit": "2993",
        "price_unit": "G"
      },
      {
        "state": "QLD",
        "price": "2245",
        "price_per_unit": "2993",
        "price_unit": "G"
      },
      {
        "state": "WA",
        "price": "2245",
        "price_per_unit": "2993",
        "price_unit": "G"
      },
      {
        "state": "SA",
        "price": "2245",
        "price_per_unit": "2993",
        "price_unit": "G"
      },
      {
        "state": "TAS",
        "price": "2245",
        "price_per_unit": "2993",
        "price_unit": "G"
      },
      {
        "state": "ACT",
        "price": "2245",
        "price_per_unit": "2993",
        "price_unit": "G"
      },
      {
        "state": "NT",
        "price": "2245",
        "price_per_unit": "2993",
        "price_unit": "G"
      }
    ]
  },
  {
    "source_url": "https://www.woolworths.com.au/shop/productdetails/1075346804/lotus-brewer-s-yeast-500g",
    "name": "Lotus Brewer's Yeast 500g",
    "image_url": "https://cdn1.woolworths.media/content/wowproductimages/large/1075346804.jpg",
    "source_id": "Woolworths - 1075346804",
    "barcode": null,
    "shop": "Woolworths",
    "weight": "100G",
    "prices": [
      {
        "state": "NSW",
        "price": "1769",
        "price_per_unit": "354",
        "price_unit": "G"
      },
      {
        "state": "VIC",
        "price": "1769",
        "price_per_unit": "354",
        "price_unit": "G"
      },
      {
        "state": "QLD",
        "price": "1769",
        "price_per_unit": "354",
        "price_unit": "G"
      },
      {
        "state": "WA",
        "price": "1769",
        "price_per_unit": "354",
        "price_unit": "G"
      },
      {
        "state": "SA",
        "price": "1769",
        "price_per_unit": "354",
        "price_unit": "G"
      },
      {
        "state": "TAS",
        "price": "1769",
        "price_per_unit": "354",
        "price_unit": "G"
      },
      {
        "state": "ACT",
        "price": "1769",
        "price_per_unit": "354",
        "price_unit": "G"
      },
      {
        "state": "NT",
        "price": "1769",
        "price_per_unit": "354",
        "price_unit": "G"
      }
    ]
  },
  {
    "source_url": "https://www.woolworths.com.au/shop/productdetails/1075347327/lotus-lecithin-granules-200g",
    "name": "Lotus Lecithin Granules 200g",
    "image_url": "https://cdn1.woolworths.media/content/wowproductimages/large/1075347327.jpg",
    "source_id": "Woolworths - 1075347327",
    "barcode": null,
    "shop": "Woolworths",
    "weight": "100G",
    "prices": [
      {
        "state": "NSW",
        "price": "2499",
        "price_per_unit": "1250",
        "price_unit": "G"
      },
      {
        "state": "VIC",
        "price": "2499",
        "price_per_unit": "1250",
        "price_unit": "G"
      },
      {
        "state": "QLD",
        "price": "2499",
        "price_per_unit": "1250",
        "price_unit": "G"
      },
      {
        "state": "WA",
        "price": "2499",
        "price_per_unit": "1250",
        "price_unit": "G"
      },
      {
        "state": "SA",
        "price": "2499",
        "price_per_unit": "1250",
        "price_unit": "G"
      },
      {
        "state": "TAS",
        "price": "2499",
        "price_per_unit": "1250",
        "price_unit": "G"
      },
      {
        "state": "ACT",
        "price": "2499",
        "price_per_unit": "1250",
        "price_unit": "G"
      },
      {
        "state": "NT",
        "price": "2499",
        "price_per_unit": "1250",
        "price_unit": "G"
      }
    ]
  },
  {
    "source_url": "https://www.woolworths.com.au/shop/productdetails/1075481319/lotus-torula-yeast-250g",
    "name": "Lotus Torula Yeast 250g",
    "image_url": "https://cdn1.woolworths.media/content/wowproductimages/large/1075481319.jpg",
    "source_id": "Woolworths - 1075481319",
    "barcode": null,
    "shop": "Woolworths",
    "weight": "100G",
    "prices": [
      {
        "state": "NSW",
        "price": "1597",
        "price_per_unit": "639",
        "price_unit": "G"
      },
      {
        "state": "VIC",
        "price": "1597",
        "price_per_unit": "639",
        "price_unit": "G"
      },
      {
        "state": "QLD",
        "price": "1597",
        "price_per_unit": "639",
        "price_unit": "G"
      },
      {
        "state": "WA",
        "price": "1597",
        "price_per_unit": "639",
        "price_unit": "G"
      },
      {
        "state": "SA",
        "price": "1597",
        "price_per_unit": "639",
        "price_unit": "G"
      },
      {
        "state": "TAS",
        "price": "1597",
        "price_per_unit": "639",
        "price_unit": "G"
      },
      {
        "state": "ACT",
        "price": "1597",
        "price_per_unit": "639",
        "price_unit": "G"
      },
      {
        "state": "NT",
        "price": "1597",
        "price_per_unit": "639",
        "price_unit": "G"
      }
    ]
  },
  {
    "source_url": "https://www.woolworths.com.au/shop/productdetails/184917/lowan-yeast-dried-instant",
    "name": "Lowan Yeast Dried Instant 280g",
    "image_url": "https://cdn1.woolworths.media/content/wowproductimages/large/184917.jpg",
    "source_id": "Woolworths - 184917",
    "barcode": "9310598500211",
    "shop": "Woolworths",
    "weight": "100G",
    "prices": [
      {
        "state": "NSW",
        "price": "480",
        "price_per_unit": "171",
        "price_unit": "G"
      },
      {
        "state": "VIC",
        "price": "480",
        "price_per_unit": "171",
        "price_unit": "G"
      },
      {
        "state": "QLD",
        "price": "480",
        "price_per_unit": "171",
        "price_unit": "G"
      },
      {
        "state": "WA",
        "price": "480",
        "price_per_unit": "171",
        "price_unit": "G"
      },
      {
        "state": "SA",
        "price": "480",
        "price_per_unit": "171",
        "price_unit": "G"
      },
      {
        "state": "TAS",
        "price": "480",
        "price_per_unit": "171",
        "price_unit": "G"
      },
      {
        "state": "ACT",
        "price": "480",
        "price_per_unit": "171",
        "price_unit": "G"
      },
      {
        "state": "NT",
        "price": "480",
        "price_per_unit": "171",
        "price_unit": "G"
      }
    ]
  },
  {
    "source_url": "https://www.woolworths.com.au/shop/productdetails/1074709496/orku-1-3kg-sodium-bicarbonate-tub-food-grade-bicarb-baking-soda-hydrogen-carbonate",
    "name": "Orku 1.3Kg Sodium Bicarbonate Tub - Food Grade Bicarb Baking Soda Hydrogen Carbonate",
    "image_url": "https://cdn1.woolworths.media/content/wowproductimages/large/1074709496.jpg",
    "source_id": "Woolworths - 1074709496",
    "barcode": null,
    "shop": "Woolworths",
    "weight": "100G",
    "prices": [
      {
        "state": "NSW",
        "price": "5599",
        "price_per_unit": "431",
        "price_unit": "G"
      },
      {
        "state": "VIC",
        "price": "5599",
        "price_per_unit": "431",
        "price_unit": "G"
      },
      {
        "state": "QLD",
        "price": "5599",
        "price_per_unit": "431",
        "price_unit": "G"
      },
      {
        "state": "WA",
        "price": "5599",
        "price_per_unit": "431",
        "price_unit": "G"
      },
      {
        "state": "SA",
        "price": "5599",
        "price_per_unit": "431",
        "price_unit": "G"
      },
      {
        "state": "TAS",
        "price": "5599",
        "price_per_unit": "431",
        "price_unit": "G"
      },
      {
        "state": "ACT",
        "price": "5599",
        "price_per_unit": "431",
        "price_unit": "G"
      },
      {
        "state": "NT",
        "price": "5599",
        "price_per_unit": "431",
        "price_unit": "G"
      }
    ]
  },
  {
    "source_url": "https://www.woolworths.com.au/shop/productdetails/1074709559/orku-100g-sodium-bicarbonate-food-grade-bicarb-baking-soda-hydrogen-carbonate",
    "name": "Orku 100g Sodium Bicarbonate - Food Grade Bicarb Baking Soda Hydrogen Carbonate",
    "image_url": "https://cdn1.woolworths.media/content/wowproductimages/large/1074709559.jpg",
    "source_id": "Woolworths - 1074709559",
    "barcode": null,
    "shop": "Woolworths",
    "weight": "100G",
    "prices": [
      {
        "state": "NSW",
        "price": "2799",
        "price_per_unit": "2799",
        "price_unit": "G"
      },
      {
        "state": "VIC",
        "price": "2799",
        "price_per_unit": "2799",
        "price_unit": "G"
      },
      {
        "state": "QLD",
        "price": "2799",
        "price_per_unit": "2799",
        "price_unit": "G"
      },
      {
        "state": "WA",
        "price": "2799",
        "price_per_unit": "2799",
        "price_unit": "G"
      },
      {
        "state": "SA",
        "price": "2799",
        "price_per_unit": "2799",
        "price_unit": "G"
      },
      {
        "state": "TAS",
        "price": "2799",
        "price_per_unit": "2799",
        "price_unit": "G"
      },
      {
        "state": "ACT",
        "price": "2799",
        "price_per_unit": "2799",
        "price_unit": "G"
      },
      {
        "state": "NT",
        "price": "2799",
        "price_per_unit": "2799",
        "price_unit": "G"
      }
    ]
  },
  {
    "source_url": "https://www.woolworths.com.au/shop/productdetails/1074709820/orku-1kg-sodium-bicarbonate-food-grade-bicarb-baking-soda-hydrogen-carbonate-powder",
    "name": "Orku 1Kg Sodium Bicarbonate - Food Grade Bicarb Baking Soda Hydrogen Carbonate Powder",
    "image_url": "https://cdn1.woolworths.media/content/wowproductimages/large/1074709820.jpg",
    "source_id": "Woolworths - 1074709820",
    "barcode": null,
    "shop": "Woolworths",
    "weight": "100G",
    "prices": [
      {
        "state": "NSW",
        "price": "4199",
        "price_per_unit": "420",
        "price_unit": "G"
      },
      {
        "state": "VIC",
        "price": "4199",
        "price_per_unit": "420",
        "price_unit": "G"
      },
      {
        "state": "QLD",
        "price": "4199",
        "price_per_unit": "420",
        "price_unit": "G"
      },
      {
        "state": "WA",
        "price": "4199",
        "price_per_unit": "420",
        "price_unit": "G"
      },
      {
        "state": "SA",
        "price": "4199",
        "price_per_unit": "420",
        "price_unit": "G"
      },
      {
        "state": "TAS",
        "price": "4199",
        "price_per_unit": "420",
        "price_unit": "G"
      },
      {
        "state": "ACT",
        "price": "4199",
        "price_per_unit": "420",
        "price_unit": "G"
      },
      {
        "state": "NT",
        "price": "4199",
        "price_per_unit": "420",
        "price_unit": "G"
      }
    ]
  },
  {
    "source_url": "https://www.woolworths.com.au/shop/productdetails/1074709992/orku-2kg-sodium-bicarbonate-food-grade-bicarb-baking-soda-hydrogen-carbonate-powder",
    "name": "Orku 2Kg Sodium Bicarbonate - Food Grade Bicarb Baking Soda Hydrogen Carbonate Powder",
    "image_url": "https://cdn1.woolworths.media/content/wowproductimages/large/1074709992.jpg",
    "source_id": "Woolworths - 1074709992",
    "barcode": null,
    "shop": "Woolworths",
    "weight": "100G",
    "prices": [
      {
        "state": "NSW",
        "price": "5199",
        "price_per_unit": "260",
        "price_unit": "G"
      },
      {
        "state": "VIC",
        "price": "5199",
        "price_per_unit": "260",
        "price_unit": "G"
      },
      {
        "state": "QLD",
        "price": "5199",
        "price_per_unit": "260",
        "price_unit": "G"
      },
      {
        "state": "WA",
        "price": "5199",
        "price_per_unit": "260",
        "price_unit": "G"
      },
      {
        "state": "SA",
        "price": "5199",
        "price_per_unit": "260",
        "price_unit": "G"
      },
      {
        "state": "TAS",
        "price": "5199",
        "price_per_unit": "260",
        "price_unit": "G"
      },
      {
        "state": "ACT",
        "price": "5199",
        "price_per_unit": "260",
        "price_unit": "G"
      },
      {
        "state": "NT",
        "price": "5199",
        "price_per_unit": "260",
        "price_unit": "G"
      }
    ]
  },
  {
    "source_url": "https://www.woolworths.com.au/shop/productdetails/1074710278/orku-400g-sodium-bicarbonate-food-grade-bicarb-baking-soda-hydrogen-carbonate",
    "name": "Orku 400g Sodium Bicarbonate - Food Grade Bicarb Baking Soda Hydrogen Carbonate",
    "image_url": "https://cdn1.woolworths.media/content/wowproductimages/large/1074710278.jpg",
    "source_id": "Woolworths - 1074710278",
    "barcode": null,
    "shop": "Woolworths",
    "weight": "100G",
    "prices": [
      {
        "state": "NSW",
        "price": "2899",
        "price_per_unit": "725",
        "price_unit": "G"
      },
      {
        "state": "VIC",
        "price": "2899",
        "price_per_unit": "725",
        "price_unit": "G"
      },
      {
        "state": "QLD",
        "price": "2899",
        "price_per_unit": "725",
        "price_unit": "G"
      },
      {
        "state": "WA",
        "price": "2899",
        "price_per_unit": "725",
        "price_unit": "G"
      },
      {
        "state": "SA",
        "price": "2899",
        "price_per_unit": "725",
        "price_unit": "G"
      },
      {
        "state": "TAS",
        "price": "2899",
        "price_per_unit": "725",
        "price_unit": "G"
      },
      {
        "state": "ACT",
        "price": "2899",
        "price_per_unit": "725",
        "price_unit": "G"
      },
      {
        "state": "NT",
        "price": "2899",
        "price_per_unit": "725",
        "price_unit": "G"
      }
    ]
  },
  {
    "source_url": "https://www.woolworths.com.au/shop/productdetails/1074885657/orku-5kg-sodium-bicarbonate-food-grade-bicarb-baking-soda-hydrogen-carbonate-powder",
    "name": "Orku 5Kg Sodium Bicarbonate - Food Grade Bicarb Baking Soda Hydrogen Carbonate Powder",
    "image_url": "https://cdn1.woolworths.media/content/wowproductimages/large/1074885657.jpg",
    "source_id": "Woolworths - 1074885657",
    "barcode": null,
    "shop": "Woolworths",
    "weight": null,
    "prices": [
      null,
      null,
      null
    ]
  },
  {
    "source_url": "https://www.woolworths.com.au/shop/productdetails/1074885656/orku-5kg-sodium-bicarbonate-tub-food-grade-bicarb-baking-soda-hydrogen-carbonate",
    "name": "Orku 5Kg Sodium Bicarbonate Tub - Food Grade Bicarb Baking Soda Hydrogen Carbonate",
    "image_url": "https://cdn1.woolworths.media/content/wowproductimages/large/1074885656.jpg",
    "source_id": "Woolworths - 1074885656",
    "barcode": null,
    "shop": "Woolworths",
    "weight": null,
    "prices": [
      null,
      null,
      null
    ]
  },
  {
    "source_url": "https://www.woolworths.com.au/shop/productdetails/1074890600/orku-bulk-10kg-sodium-bicarbonate-food-grade-bicarb-baking-soda-hydrogen-carbonate",
    "name": "Orku Bulk 10Kg Sodium Bicarbonate - Food Grade Bicarb Baking Soda Hydrogen Carbonate",
    "image_url": "https://cdn1.woolworths.media/content/wowproductimages/large/1074890600.jpg",
    "source_id": "Woolworths - 1074890600",
    "barcode": null,
    "shop": "Woolworths",
    "weight": null,
    "prices": [
      null,
      null,
      null
    ]
  },
  {
    "source_url": "https://www.woolworths.com.au/shop/productdetails/1074890571/orku-bulk-20kg-sodium-bicarbonate-food-grade-bicarb-baking-soda-hydrogen-carbonate",
    "name": "Orku Bulk 20Kg Sodium Bicarbonate - Food Grade Bicarb Baking Soda Hydrogen Carbonate",
    "image_url": "https://cdn1.woolworths.media/content/wowproductimages/large/1074890571.jpg",
    "source_id": "Woolworths - 1074890571",
    "barcode": null,
    "shop": "Woolworths",
    "weight": "100G",
    "prices": [
      {
        "state": "NSW",
        "price": "20999",
        "price_per_unit": "105",
        "price_unit": "G"
      },
      {
        "state": "VIC",
        "price": "20999",
        "price_per_unit": "105",
        "price_unit": "G"
      },
      {
        "state": "QLD",
        "price": "20999",
        "price_per_unit": "105",
        "price_unit": "G"
      },
      {
        "state": "WA",
        "price": "20999",
        "price_per_unit": "105",
        "price_unit": "G"
      },
      {
        "state": "SA",
        "price": "20999",
        "price_per_unit": "105",
        "price_unit": "G"
      },
      {
        "state": "TAS",
        "price": "20999",
        "price_per_unit": "105",
        "price_unit": "G"
      },
      {
        "state": "ACT",
        "price": "20999",
        "price_per_unit": "105",
        "price_unit": "G"
      },
      {
        "state": "NT",
        "price": "20999",
        "price_per_unit": "105",
        "price_unit": "G"
      }
    ]
  },
  {
    "source_url": "https://www.woolworths.com.au/shop/productdetails/15391/tandaco-dry-yeast-5x7g-sachets",
    "name": "Tandaco Dry Yeast 5x7g Sachets 35g",
    "image_url": "https://cdn1.woolworths.media/content/wowproductimages/large/015391.jpg",
    "source_id": "Woolworths - 15391",
    "barcode": "9300681225350",
    "shop": "Woolworths",
    "weight": "100G",
    "prices": [
      {
        "state": "NSW",
        "price": "280",
        "price_per_unit": "800",
        "price_unit": "G"
      },
      {
        "state": "VIC",
        "price": "280",
        "price_per_unit": "800",
        "price_unit": "G"
      },
      {
        "state": "QLD",
        "price": "280",
        "price_per_unit": "800",
        "price_unit": "G"
      },
      {
        "state": "WA",
        "price": "280",
        "price_per_unit": "800",
        "price_unit": "G"
      },
      {
        "state": "SA",
        "price": "280",
        "price_per_unit": "800",
        "price_unit": "G"
      },
      {
        "state": "TAS",
        "price": "280",
        "price_per_unit": "800",
        "price_unit": "G"
      },
      {
        "state": "NT",
        "price": "295",
        "price_per_unit": "843",
        "price_unit": "G"
      }
    ]
  },
  {
    "source_url": "https://www.woolworths.com.au/shop/productdetails/143327/mckenzie-s-vegan-instant-dried-baker-s-yeast",
    "name": "McKenzie's Vegan Instant Dried Baker's Yeast 200g",
    "image_url": "https://cdn1.woolworths.media/content/wowproductimages/large/143327.jpg",
    "source_id": "Woolworths - 143327",
    "barcode": "9310061125132",
    "shop": "Woolworths",
    "weight": "100G",
    "prices": [
      {
        "state": "VIC",
        "price": "500",
        "price_per_unit": "250",
        "price_unit": "G"
      },
      {
        "state": "QLD",
        "price": "500",
        "price_per_unit": "250",
        "price_unit": "G"
      },
      {
        "state": "WA",
        "price": "500",
        "price_per_unit": "250",
        "price_unit": "G"
      },
      {
        "state": "SA",
        "price": "500",
        "price_per_unit": "250",
        "price_unit": "G"
      },
      {
        "state": "TAS",
        "price": "450",
        "price_per_unit": "225",
        "price_unit": "G"
      },
      {
        "state": "ACT",
        "price": "450",
        "price_per_unit": "225",
        "price_unit": "G"
      },
      {
        "state": "NT",
        "price": "450",
        "price_per_unit": "225",
        "price_unit": "G"
      }
    ]
  },
  {
    "source_url": "https://www.woolworths.com.au/shop/productdetails/39156/tandaco-dry-yeast-12x7g-sachets",
    "name": "Tandaco Dry Yeast 12x7g Sachets 84g",
    "image_url": "https://cdn1.woolworths.media/content/wowproductimages/large/039156.jpg",
    "source_id": "Woolworths - 39156",
    "barcode": "9300681225114",
    "shop": "Woolworths",
    "weight": "100G",
    "prices": [
      {
        "state": "VIC",
        "price": "550",
        "price_per_unit": "655",
        "price_unit": "G"
      },
      {
        "state": "QLD",
        "price": "550",
        "price_per_unit": "655",
        "price_unit": "G"
      },
      {
        "state": "WA",
        "price": "550",
        "price_per_unit": "655",
        "price_unit": "G"
      },
      {
        "state": "SA",
        "price": "550",
        "price_per_unit": "655",
        "price_unit": "G"
      },
      {
        "state": "TAS",
        "price": "470",
        "price_per_unit": "560",
        "price_unit": "G"
      },
      {
        "state": "NT",
        "price": "470",
        "price_per_unit": "560",
        "price_unit": "G"
      }
    ]
  },
  {
    "source_url": "https://www.woolworths.com.au/shop/productdetails/349621/wallaby-bread-improver",
    "name": "Wallaby Bread Improver 125g",
    "image_url": "https://cdn1.woolworths.media/content/wowproductimages/large/349621.jpg",
    "source_id": "Woolworths - 349621",
    "barcode": "9321885002011",
    "shop": "Woolworths",
    "weight": "100G",
    "prices": [
      {
        "state": "VIC",
        "price": "520",
        "price_per_unit": "416",
        "price_unit": "G"
      },
      {
        "state": "QLD",
        "price": "520",
        "price_per_unit": "416",
        "price_unit": "G"
      },
      {
        "state": "WA",
        "price": "520",
        "price_per_unit": "416",
        "price_unit": "G"
      },
      {
        "state": "TAS",
        "price": "520",
        "price_per_unit": "416",
        "price_unit": "G"
      },
      {
        "state": "ACT",
        "price": "520",
        "price_per_unit": "416",
        "price_unit": "G"
      },
      {
        "state": "NT",
        "price": "520",
        "price_per_unit": "416",
        "price_unit": "G"
      }
    ]
  }
]