[
  {
    "source_url": "https://www.woolworths.com.au/shop/productdetails/1074777857/bundaberg-3-pack-raw-brown-sugar-2kg-bag-tea-coffee-bulk",
    "name": "Bundaberg 3 Pack Raw Brown Sugar 2kg Bag Tea Coffee Bulk",
    "image_url": "https://cdn1.woolworths.media/content/wowproductimages/large/1074777857.jpg",
    "source_id": "Woolworths - 1074777857",
    "barcode": null,
    "shop": "Woolworths",
    "weight": "1EA",
    "prices": [
      {
        "state": "NSW",
        "price": "3595",
        "price_per_unit": "1198",
        "price_unit": "EA"
      },
      {
        "state": "VIC",
        "price": "3595",
        "price_per_unit": "1198",
        "price_unit": "EA"
      },
      {
        "state": "QLD",
        "price": "3595",
        "price_per_unit": "1198",
        "price_unit": "EA"
      },
      {
        "state": "WA",
        "price": "3595",
        "price_per_unit": "1198",
        "price_unit": "EA"
      },
      {
        "state": "SA",
        "price": "3595",
        "price_per_unit": "1198",
        "price_unit": "EA"
      },
      {
        "state": "TAS",
        "price": "3595",
        "price_per_unit": "1198",
        "price_unit": "EA"
      },
      {
        "state": "ACT",
        "price": "3595",
        "price_per_unit": "1198",
        "price_unit": "EA"
      },
      {
        "state": "NT",
        "price": "3595",
        "price_per_unit": "1198",
        "price_unit": "EA"
      }
    ]
  },
  {
    "source_url": "https://www.woolworths.com.au/shop/productdetails/1074762993/bundaberg-3-pack-white-sugar-2kg-bag-bulk-tea-coffee",
    "name": "Bundaberg 3 Pack White Sugar 2Kg Bag Bulk Tea Coffee",
    "image_url": "https://cdn1.woolworths.media/content/wowproductimages/large/1074762993.jpg",
    "source_id": "Woolworths - 1074762993",
    "barcode": null,
    "shop": "Woolworths",
    "weight": "1EA",
    "prices": [
      {
        "state": "NSW",
        "price": "3495",
        "price_per_unit": "1165",
        "price_unit": "EA"
      },
      {
        "state": "VIC",
        "price": "3495",
        "price_per_unit": "1165",
        "price_unit": "EA"
      },
      {
        "state": "QLD",
        "price": "3495",
        "price_per_unit": "1165",
        "price_unit": "EA"
      },
      {
        "state": "WA",
        "price": "3495",
        "price_per_unit": "1165",
        "price_unit": "EA"
      },
      {
        "state": "SA",
        "price": "3495",
        "price_per_unit": "1165",
        "price_unit": "EA"
      },
      {
        "state": "TAS",
        "price": "3495",
        "price_per_unit": "1165",
        "price_unit": "EA"
      },
      {
        "state": "ACT",
        "price": "3495",
        "price_per_unit": "1165",
        "price_unit": "EA"
      },
      {
        "state": "NT",
        "price": "3495",
        "price_per_unit": "1165",
        "price_unit": "EA"
      }
    ]
  },
  {
    "source_url": "https://www.woolworths.com.au/shop/productdetails/1074779038/bundaberg-6-pack-raw-brown-sugar-2kg-bag-tea-coffee-bulk",
    "name": "Bundaberg 6 Pack Raw Brown Sugar 2kg Bag Tea Coffee Bulk",
    "image_url": "https://cdn1.woolworths.media/content/wowproductimages/large/1074779038.jpg",
    "source_id": "Woolworths - 1074779038",
    "barcode": null,
    "shop": "Woolworths",
    "weight": "1EA",
    "prices": [
      {
        "state": "NSW",
        "price": "6495",
        "price_per_unit": "1083",
        "price_unit": "EA"
      },
      {
        "state": "VIC",
        "price": "6495",
        "price_per_unit": "1083",
        "price_unit": "EA"
      },
      {
        "state": "QLD",
        "price": "6495",
        "price_per_unit": "1083",
        "price_unit": "EA"
      },
      {
        "state": "WA",
        "price": "6495",
        "price_per_unit": "1083",
        "price_unit": "EA"
      },
      {
        "state": "SA",
        "price": "6495",
        "price_per_unit": "1083",
        "price_unit": "EA"
      },
      {
        "state": "TAS",
        "price": "6495",
        "price_per_unit": "1083",
        "price_unit": "EA"
      },
      {
        "state": "ACT",
        "price": "6495",
        "price_per_unit": "1083",
        "price_unit": "EA"
      },
      {
        "state": "NT",
        "price": "6495",
        "price_per_unit": "1083",
        "price_unit": "EA"
      }
    ]
  },
  {
    "source_url": "https://www.woolworths.com.au/shop/productdetails/1074782058/bundaberg-raw-sugar-sticks-sachets-pack-2000-bulk",
    "name": "Bundaberg Raw Sugar Sticks Sachets Pack 2000 Bulk",
    "image_url": "https://cdn1.woolworths.media/content/wowproductimages/large/1074782058.jpg",
    "source_id": "Woolworths - 1074782058",
    "barcode": null,
    "shop": "Woolworths",
    "weight": "1EA",
    "prices": [
      {
        "state": "NSW",
        "price": "6995",
        "price_per_unit": "6995",
        "price_unit": "EA"
      },
      {
        "state": "VIC",
        "price": "6995",
        "price_per_unit": "6995",
        "price_unit": "EA"
      },
      {
        "state": "QLD",
        "price": "6995",
        "price_per_unit": "6995",
        "price_unit": "EA"
      },
      {
        "state": "WA",
        "price": "6995",
        "price_per_unit": "6995",
        "price_unit": "EA"
      },
      {
        "state": "SA",
        "price": "6995",
        "price_per_unit": "6995",
        "price_unit": "EA"
      },
      {
        "state": "TAS",
        "price": "6995",
        "price_per_unit": "6995",
        "price_unit": "EA"
      },
      {
        "state": "ACT",
        "price": "6995",
        "price_per_unit": "6995",
        "price_unit": "EA"
      },
      {
        "state": "NT",
        "price": "6995",
        "price_per_unit": "6995",
        "price_unit": "EA"
      }
    ]
  },
  {
    "source_url": "https://www.woolworths.com.au/shop/productdetails/1075526107/bundaberg-white-sugar-2kg-bag-bulk-tea-coffee-bulk-pack-6",
    "name": "Bundaberg White Sugar 2Kg Bag Bulk Tea Coffee BULK Pack 6",
    "image_url": "https://cdn1.woolworths.media/content/wowproductimages/large/1075526107.jpg",
    "source_id": "Woolworths - 1075526107",
    "barcode": null,
    "shop": "Woolworths",
    "weight": "1EA",
    "prices": [
      {
        "state": "NSW",
        "price": "6995",
        "price_per_unit": "1166",
        "price_unit": "EA"
      },
      {
        "state": "VIC",
        "price": "6995",
        "price_per_unit": "1166",
        "price_unit": "EA"
      },
      {
        "state": "QLD",
        "price": "6995",
        "price_per_unit": "1166",
        "price_unit": "EA"
      },
      {
        "state": "WA",
        "price": "6995",
        "price_per_unit": "1166",
        "price_unit": "EA"
      },
      {
        "state": "SA",
        "price": "6995",
        "price_per_unit": "1166",
        "price_unit": "EA"
      },
      {
        "state": "TAS",
        "price": "6995",
        "price_per_unit": "1166",
        "price_unit": "EA"
      },
      {
        "state": "ACT",
        "price": "6995",
        "price_per_unit": "1166",
        "price_unit": "EA"
      },
      {
        "state": "NT",
        "price": "6995",
        "price_per_unit": "1166",
        "price_unit": "EA"
      }
    ]
  },
  {
    "source_url": "https://www.woolworths.com.au/shop/productdetails/1074762994/bundaberg-white-sugar-sticks-sachets-pack-2000-bulk",
    "name": "Bundaberg White Sugar Sticks Sachets Pack 2000 Bulk",
    "image_url": "https://cdn1.woolworths.media/content/wowproductimages/large/1074762994.jpg",
    "source_id": "Woolworths - 1074762994",
    "barcode": null,
    "shop": "Woolworths",
    "weight": "1EA",
    "prices": [
      {
        "state": "NSW",
        "price": "6995",
        "price_per_unit": "6995",
        "price_unit": "EA"
      },
      {
        "state": "VIC",
        "price": "6995",
        "price_per_unit": "6995",
        "price_unit": "EA"
      },
      {
        "state": "QLD",
        "price": "6995",
        "price_per_unit": "6995",
        "price_unit": "EA"
      },
      {
        "state": "WA",
        "price": "6995",
        "price_per_unit": "6995",
        "price_unit": "EA"
      },
      {
        "state": "SA",
        "price": "6995",
        "price_per_unit": "6995",
        "price_unit": "EA"
      },
      {
        "state": "TAS",
        "price": "6995",
        "price_per_unit": "6995",
        "price_unit": "EA"
      },
      {
        "state": "ACT",
        "price": "6995",
        "price_per_unit": "6995",
        "price_unit": "EA"
      },
      {
        "state": "NT",
        "price": "6995",
        "price_per_unit": "6995",
        "price_unit": "EA"
      }
    ]
  },
  {
    "source_url": "https://www.woolworths.com.au/shop/productdetails/37679/csr-brown-sugar",
    "name": "CSR Brown Sugar 1kg",
    "image_url": "https://cdn1.woolworths.media/content/wowproductimages/large/037679.jpg",
    "source_id": "Woolworths - 37679",
    "barcode": "9313010000801",
    "shop": "Woolworths",
    "weight": "100G",
    "prices": [
      {
        "state": "NSW",
        "price": "440",
        "price_per_unit": "44",
        "price_unit": "G"
      },
      {
        "state": "VIC",
        "price": "440",
        "price_per_unit": "44",
        "price_unit": "G"
      },
      {
        "state": "QLD",
        "price": "440",
        "price_per_unit": "44",
        "price_unit": "G"
      },
      {
        "state": "WA",
        "price": "440",
        "price_per_unit": "44",
        "price_unit": "G"
      },
      {
        "state": "SA",
        "price": "440",
        "price_per_unit": "44",
        "price_unit": "G"
      },
      {
        "state": "TAS",
        "price": "440",
        "price_per_unit": "44",
        "price_unit": "G"
      },
      {
        "state": "ACT",
        "price": "440",
        "price_per_unit": "44",
        "price_unit": "G"
      },
      {
        "state": "NT",
        "price": "440",
        "price_per_unit": "44",
        "price_unit": "G"
      }
    ]
  },
  {
    "source_url": "https://www.woolworths.com.au/shop/productdetails/33142/csr-brown-sugar",
    "name": "CSR Brown Sugar 500g",
    "image_url": "https://cdn1.woolworths.media/content/wowproductimages/large/033142.jpg",
    "source_id": "Woolworths - 33142",
    "barcode": "9313010000818",
    "shop": "Woolworths",
    "weight": "100G",
    "prices": [
      {
        "state": "NSW",
        "price": "250",
        "price_per_unit": "50",
        "price_unit": "G"
      },
      {
        "state": "VIC",
        "price": "250",
        "price_per_unit": "50",
        "price_unit": "G"
      },
      {
        "state": "QLD",
        "price": "250",
        "price_per_unit": "50",
        "price_unit": "G"
      },
      {
        "state": "WA",
        "price": "250",
        "price_per_unit": "50",
        "price_unit": "G"
      },
      {
        "state": "SA",
        "price": "250",
        "price_per_unit": "50",
        "price_unit": "G"
      },
      {
        "state": "TAS",
        "price": "250",
        "price_per_unit": "50",
        "price_unit": "G"
      },
      {
        "state": "ACT",
        "price": "250",
        "price_per_unit": "50",
        "price_unit": "G"
      },
      {
        "state": "NT",
        "price": "250",
        "price_per_unit": "50",
        "price_unit": "G"
      }
    ]
  },
  {
    "source_url": "https://www.woolworths.com.au/shop/productdetails/38022/csr-caster-sugar",
    "name": "CSR Caster Sugar 1kg",
    "image_url": "https://cdn1.woolworths.media/content/wowproductimages/large/038022.jpg",
    "source_id": "Woolworths - 38022",
    "barcode": "9313010102543",
    "shop": "Woolworths",
    "weight": "100G",
    "prices": [
      {
        "state": "NSW",
        "price": "310",
        "price_per_unit": "31",
        "price_unit": "G"
      },
      {
        "state": "VIC",
        "price": "310",
        "price_per_unit": "31",
        "price_unit": "G"
      },
      {
        "state": "QLD",
        "price": "310",
        "price_per_unit": "31",
        "price_unit": "G"
      },
      {
        "state": "WA",
        "price": "310",
        "price_per_unit": "31",
        "price_unit": "G"
      },
      {
        "state": "SA",
        "price": "310",
        "price_per_unit": "31",
        "price_unit": "G"
      },
      {
        "state": "TAS",
        "price": "310",
        "price_per_unit": "31",
        "price_unit": "G"
      },
      {
        "state": "ACT",
        "price": "310",
        "price_per_unit": "31",
        "price_unit": "G"
      },
      {
        "state": "NT",
        "price": "310",
        "price_per_unit": "31",
        "price_unit": "G"
      }
    ]
  },
  {
    "source_url": "https://www.woolworths.com.au/shop/productdetails/33144/csr-caster-sugar",
    "name": "CSR Caster Sugar 500g",
    "image_url": "https://cdn1.woolworths.media/content/wowproductimages/large/033144.jpg",
    "source_id": "Woolworths - 33144",
    "barcode": "9313010000092",
    "shop": "Woolworths",
    "weight": "100G",
    "prices": [
      {
        "state": "NSW",
        "price": "200",
        "price_per_unit": "40",
        "price_unit": "G"
      },
      {
        "state": "VIC",
        "price": "200",
        "price_per_unit": "40",
        "price_unit": "G"
      },
      {
        "state": "QLD",
        "price": "200",
        "price_per_unit": "40",
        "price_unit": "G"
      },
      {
        "state": "WA",
        "price": "200",
        "price_per_unit": "40",
        "price_unit": "G"
      },
      {
        "state": "SA",
        "price": "200",
        "price_per_unit": "40",
        "price_unit": "G"
      },
      {
        "state": "TAS",
        "price": "200",
        "price_per_unit": "40",
        "price_unit": "G"
      },
      {
        "state": "ACT",
        "price": "200",
        "price_per_unit": "40",
        "price_unit": "G"
      },
      {
        "state": "NT",
        "price": "200",
        "price_per_unit": "40",
        "price_unit": "G"
      }
    ]
  },
  {
    "source_url": "https://www.woolworths.com.au/shop/productdetails/92491/csr-golden-syrup-squeeze",
    "name": "CSR Golden Syrup Squeeze 500g",
    "image_url": "https://cdn1.woolworths.media/content/wowproductimages/large/092491.jpg",
    "source_id": "Woolworths - 92491",
    "barcode": "9313010121568",
    "shop": "Woolworths",
    "weight": "100G",
    "prices": [
      {
        "state": "NSW",
        "price": "450",
        "price_per_unit": "90",
        "price_unit": "G"
      },
      {
        "state": "VIC",
        "price": "450",
        "price_per_unit": "90",
        "price_unit": "G"
      },
      {
        "state": "QLD",
        "price": "450",
        "price_per_unit": "90",
        "price_unit": "G"
      },
      {
        "state": "WA",
        "price": "450",
        "price_per_unit": "90",
        "price_unit": "G"
      },
      {
        "state": "SA",
        "price": "450",
        "price_per_unit": "90",
        "price_unit": "G"
      },
      {
        "state": "TAS",
        "price": "450",
        "price_per_unit": "90",
        "price_unit": "G"
      },
      {
        "state": "ACT",
        "price": "450",
        "price_per_unit": "90",
        "price_unit": "G"
      },
      {
        "state": "NT",
        "price": "455",
        "price_per_unit": "91",
        "price_unit": "G"
      }
    ]
  },
  {
    "source_url": "https://www.woolworths.com.au/shop/productdetails/71487/csr-icing-sugar-pure",
    "name": "CSR Icing Sugar Pure 500g",
    "image_url": "https://cdn1.woolworths.media/content/wowproductimages/large/071487.jpg",
    "source_id": "Woolworths - 71487",
    "barcode": "9313010000771",
    "shop": "Woolworths",
    "weight": "100G",
    "prices": [
      {
        "state": "NSW",
        "price": "250",
        "price_per_unit": "50",
        "price_unit": "G"
      },
      {
        "state": "VIC",
        "price": "250",
        "price_per_unit": "50",
        "price_unit": "G"
      },
      {
        "state": "QLD",
        "price": "250",
        "price_per_unit": "50",
        "price_unit": "G"
      },
      {
        "state": "WA",
        "price": "250",
        "price_per_unit": "50",
        "price_unit": "G"
      },
      {
        "state": "SA",
        "price": "250",
        "price_per_unit": "50",
        "price_unit": "G"
      },
      {
        "state": "TAS",
        "price": "250",
        "price_per_unit": "50",
        "price_unit": "G"
      },
      {
        "state": "ACT",
        "price": "250",
        "price_per_unit": "50",
        "price_unit": "G"
      },
      {
        "state": "NT",
        "price": "250",
        "price_per_unit": "50",
        "price_unit": "G"
      }
    ]
  },
  {
    "source_url": "https://www.woolworths.com.au/shop/productdetails/96253/csr-icing-sugar-soft-mixture",
    "name": "CSR Icing Sugar Soft Mixture 1kg",
    "image_url": "https://cdn1.woolworths.media/content/wowproductimages/large/096253.jpg",
    "source_id": "Woolworths - 96253",
    "barcode": "9313010000764",
    "shop": "Woolworths",
    "weight": "100G",
    "prices": [
      {
        "state": "NSW",
        "price": "445",
        "price_per_unit": "45",
        "price_unit": "G"
      },
      {
        "state": "VIC",
        "price": "445",
        "price_per_unit": "45",
        "price_unit": "G"
      },
      {
        "state": "QLD",
        "price": "445",
        "price_per_unit": "45",
        "price_unit": "G"
      },
      {
        "state": "WA",
        "price": "445",
        "price_per_unit": "45",
        "price_unit": "G"
      },
      {
        "state": "SA",
        "price": "445",
        "price_per_unit": "45",
        "price_unit": "G"
      },
      {
        "state": "TAS",
        "price": "445",
        "price_per_unit": "45",
        "price_unit": "G"
      },
      {
        "state": "ACT",
        "price": "445",
        "price_per_unit": "45",
        "price_unit": "G"
      },
      {
        "state": "NT",
        "price": "445",
        "price_per_unit": "45",
        "price_unit": "G"
      }
    ]
  },
  {
    "source_url": "https://www.woolworths.com.au/shop/productdetails/71488/csr-icing-sugar-soft-mixture",
    "name": "CSR Icing Sugar Soft Mixture 500g",
    "image_url": "https://cdn1.woolworths.media/content/wowproductimages/large/071488.jpg",
    "source_id": "Woolworths - 71488",
    "barcode": "9313010000757",
    "shop": "Woolworths",
    "weight": "100G",
    "prices": [
      {
        "state": "NSW",
        "price": "250",
        "price_per_unit": "50",
        "price_unit": "G"
      },
      {
        "state": "VIC",
        "price": "250",
        "price_per_unit": "50",
        "price_unit": "G"
      },
      {
        "state": "QLD",
        "price": "250",
        "price_per_unit": "50",
        "price_unit": "G"
      },
      {
        "state": "WA",
        "price": "250",
        "price_per_unit": "50",
        "price_unit": "G"
      },
      {
        "state": "SA",
        "price": "250",
        "price_per_unit": "50",
        "price_unit": "G"
      },
      {
        "state": "TAS",
        "price": "250",
        "price_per_unit": "50",
        "price_unit": "G"
      },
      {
        "state": "ACT",
        "price": "250",
        "price_per_unit": "50",
        "price_unit": "G"
      },
      {
        "state": "NT",
        "price": "250",
        "price_per_unit": "50",
        "price_unit": "G"
      }
    ]
  },
  {
    "source_url": "https://www.woolworths.com.au/shop/productdetails/36630/csr-raw-sugar",
    "name": "CSR Raw Sugar 1kg",
    "image_url": "https://cdn1.woolworths.media/content/wowproductimages/large/036630.jpg",
    "source_id": "Woolworths - 36630",
    "barcode": "9313010000689",
    "shop": "Woolworths",
    "weight": "100G",
    "prices": [
      {
        "state": "NSW",
        "price": "320",
        "price_per_unit": "32",
        "price_unit": "G"
      },
      {
        "state": "VIC",
        "price": "320",
        "price_per_unit": "32",
        "price_unit": "G"
      },
      {
        "state": "QLD",
        "price": "320",
        "price_per_unit": "32",
        "price_unit": "G"
      },
      {
        "state": "WA",
        "price": "320",
        "price_per_unit": "32",
        "price_unit": "G"
      },
      {
        "state": "SA",
        "price": "320",
        "price_per_unit": "32",
        "price_unit": "G"
      },
      {
        "state": "TAS",
        "price": "320",
        "price_per_unit": "32",
        "price_unit": "G"
      },
      {
        "state": "ACT",
        "price": "320",
        "price_per_unit": "32",
        "price_unit": "G"
      },
      {
        "state": "NT",
        "price": "320",
        "price_per_unit": "32",
        "price_unit": "G"
      }
    ]
  },
  {
    "source_url": "https://www.woolworths.com.au/shop/productdetails/1076108514/csr-raw-sugar-1kg",
    "name": "CSR Raw Sugar 1kg",
    "image_url": "https://cdn1.woolworths.media/content/wowproductimages/large/1076108514.jpg",
    "source_id": "Woolworths - 1076108514",
    "barcode": null,
    "shop": "Woolworths",
    "weight": "1EA",
    "prices": [
      {
        "state": "NSW",
        "price": "1595",
        "price_per_unit": "1595",
        "price_unit": "EA"
      },
      {
        "state": "VIC",
        "price": "1595",
        "price_per_unit": "1595",
        "price_unit": "EA"
      },
      {
        "state": "QLD",
        "price": "1595",
        "price_per_unit": "1595",
        "price_unit": "EA"
      },
      {
        "state": "WA",
        "price": "1595",
        "price_per_unit": "1595",
        "price_unit": "EA"
      },
      {
        "state": "SA",
        "price": "1595",
        "price_per_unit": "1595",
        "price_unit": "EA"
      },
      {
        "state": "TAS",
        "price": "1595",
        "price_per_unit": "1595",
        "price_unit": "EA"
      },
      {
        "state": "ACT",
        "price": "1595",
        "price_per_unit": "1595",
        "price_unit": "EA"
      },
      {
        "state": "NT",
        "price": "1595",
        "price_per_unit": "1595",
        "price_unit": "EA"
      }
    ]
  },
  {
    "source_url": "https://www.woolworths.com.au/shop/productdetails/1074779962/csr-raw-sugar-1kg-bags-3-pack-bulk",
    "name": "CSR Raw Sugar 1kg Bags 3 Pack Bulk",
    "image_url": "https://cdn1.woolworths.media/content/wowproductimages/large/1074779962.jpg",
    "source_id": "Woolworths - 1074779962",
    "barcode": null,
    "shop": "Woolworths",
    "weight": "1EA",
    "prices": [
      {
        "state": "NSW",
        "price": "3495",
        "price_per_unit": "1165",
        "price_unit": "EA"
      },
      {
        "state": "VIC",
        "price": "3495",
        "price_per_unit": "1165",
        "price_unit": "EA"
      },
      {
        "state": "QLD",
        "price": "3495",
        "price_per_unit": "1165",
        "price_unit": "EA"
      },
      {
        "state": "WA",
        "price": "3495",
        "price_per_unit": "1165",
        "price_unit": "EA"
      },
      {
        "state": "SA",
        "price": "3495",
        "price_per_unit": "1165",
        "price_unit": "EA"
      },
      {
        "state": "TAS",
        "price": "3495",
        "price_per_unit": "1165",
        "price_unit": "EA"
      },
      {
        "state": "ACT",
        "price": "3495",
        "price_per_unit": "1165",
        "price_unit": "EA"
      },
      {
        "state": "NT",
        "price": "3495",
        "price_per_unit": "1165",
        "price_unit": "EA"
      }
    ]
  },
  {
    "source_url": "https://www.woolworths.com.au/shop/productdetails/37391/csr-raw-sugar",
    "name": "CSR Raw Sugar 2kg",
    "image_url": "https://cdn1.woolworths.media/content/wowproductimages/large/037391.jpg",
    "source_id": "Woolworths - 37391",
    "barcode": "9313010116816",
    "shop": "Woolworths",
    "weight": "100G",
    "prices": [
      {
        "state": "NSW",
        "price": "500",
        "price_per_unit": "25",
        "price_unit": "G"
      },
      {
        "state": "VIC",
        "price": "500",
        "price_per_unit": "25",
        "price_unit": "G"
      },
      {
        "state": "QLD",
        "price": "500",
        "price_per_unit": "25",
        "price_unit": "G"
      },
      {
        "state": "WA",
        "price": "500",
        "price_per_unit": "25",
        "price_unit": "G"
      },
      {
        "state": "SA",
        "price": "500",
        "price_per_unit": "25",
        "price_unit": "G"
      },
      {
        "state": "TAS",
        "price": "500",
        "price_per_unit": "25",
        "price_unit": "G"
      },
      {
        "state": "ACT",
        "price": "500",
        "price_per_unit": "25",
        "price_unit": "G"
      },
      {
        "state": "NT",
        "price": "500",
        "price_per_unit": "25",
        "price_unit": "G"
      }
    ]
  },
  {
    "source_url": "https://www.woolworths.com.au/shop/productdetails/68468/csr-raw-sugar",
    "name": "CSR Raw Sugar 500g",
    "image_url": "https://cdn1.woolworths.media/content/wowproductimages/large/068468.jpg",
    "source_id": "Woolworths - 68468",
    "barcode": "9313010002485",
    "shop": "Woolworths",
    "weight": "100G",
    "prices": [
      {
        "state": "NSW",
        "price": "200",
        "price_per_unit": "40",
        "price_unit": "G"
      },
      {
        "state": "VIC",
        "price": "200",
        "price_per_unit": "40",
        "price_unit": "G"
      },
      {
        "state": "QLD",
        "price": "200",
        "price_per_unit": "40",
        "price_unit": "G"
      },
      {
        "state": "WA",
        "price": "200",
        "price_per_unit": "40",
        "price_unit": "G"
      },
      {
        "state": "SA",
        "price": "200",
        "price_per_unit": "40",
        "price_unit": "G"
      },
      {
        "state": "TAS",
        "price": "200",
        "price_per_unit": "40",
        "price_unit": "G"
      },
      {
        "state": "ACT",
        "price": "200",
        "price_per_unit": "40",
        "price_unit": "G"
      },
      {
        "state": "NT",
        "price": "200",
        "price_per_unit": "40",
        "price_unit": "G"
      }
    ]
  },
  {
    "source_url": "https://www.woolworths.com.au/shop/productdetails/1074779841/csr-raw-sugar-sticks-3g-box-2500-sachets-bulk",
    "name": "CSR Raw Sugar Sticks 3g Box 2500 Sachets Bulk",
    "image_url": "https://cdn1.woolworths.media/content/wowproductimages/large/1074779841.jpg",
    "source_id": "Woolworths - 1074779841",
    "barcode": null,
    "shop": "Woolworths",
    "weight": "1EA",
    "prices": [
      {
        "state": "NSW",
        "price": "7995",
        "price_per_unit": "7995",
        "price_unit": "EA"
      },
      {
        "state": "VIC",
        "price": "7995",
        "price_per_unit": "7995",
        "price_unit": "EA"
      },
      {
        "state": "QLD",
        "price": "7995",
        "price_per_unit": "7995",
        "price_unit": "EA"
      },
      {
        "state": "WA",
        "price": "7995",
        "price_per_unit": "7995",
        "price_unit": "EA"
      },
      {
        "state": "SA",
        "price": "7995",
        "price_per_unit": "7995",
        "price_unit": "EA"
      },
      {
        "state": "TAS",
        "price": "7995",
        "price_per_unit": "7995",
        "price_unit": "EA"
      },
      {
        "state": "ACT",
        "price": "7995",
        "price_per_unit": "7995",
        "price_unit": "EA"
      },
      {
        "state": "NT",
        "price": "7995",
        "price_per_unit": "7995",
        "price_unit": "EA"
      }
    ]
  },
  {
    "source_url": "https://www.woolworths.com.au/shop/productdetails/33156/csr-white-sugar",
    "name": "CSR White Sugar 1kg",
    "image_url": "https://cdn1.woolworths.media/content/wowproductimages/large/033156.jpg",
    "source_id": "Woolworths - 33156",
    "barcode": "9313010101607",
    "shop": "Woolworths",
    "weight": "100G",
    "prices": [
      {
        "state": "NSW",
        "price": "260",
        "price_per_unit": "26",
        "price_unit": "G"
      },
      {
        "state": "VIC",
        "price": "260",
        "price_per_unit": "26",
        "price_unit": "G"
      },
      {
        "state": "QLD",
        "price": "260",
        "price_per_unit": "26",
        "price_unit": "G"
      },
      {
        "state": "WA",
        "price": "260",
        "price_per_unit": "26",
        "price_unit": "G"
      },
      {
        "state": "SA",
        "price": "260",
        "price_per_unit": "26",
        "price_unit": "G"
      },
      {
        "state": "TAS",
        "price": "260",
        "price_per_unit": "26",
        "price_unit": "G"
      },
      {
        "state": "ACT",
        "price": "260",
        "price_per_unit": "26",
        "price_unit": "G"
      },
      {
        "state": "NT",
        "price": "260",
        "price_per_unit": "26",
        "price_unit": "G"
      }
    ]
  },
  {
    "source_url": "https://www.woolworths.com.au/shop/productdetails/1076108515/csr-white-sugar-2kg",
    "name": "CSR White Sugar 2kg",
    "image_url": "https://cdn1.woolworths.media/content/wowproductimages/large/1076108515.jpg",
    "source_id": "Woolworths - 1076108515",
    "barcode": null,
    "shop": "Woolworths",
    "weight": "1EA",
    "prices": [
      {
        "state": "NSW",
        "price": "2295",
        "price_per_unit": "2295",
        "price_unit": "EA"
      },
      {
        "state": "VIC",
        "price": "2295",
        "price_per_unit": "2295",
        "price_unit": "EA"
      },
      {
        "state": "QLD",
        "price": "2295",
        "price_per_unit": "2295",
        "price_unit": "EA"
      },
      {
        "state": "WA",
        "price": "2295",
        "price_per_unit": "2295",
        "price_unit": "EA"
      },
      {
        "state": "SA",
        "price": "2295",
        "price_per_unit": "2295",
        "price_unit": "EA"
      },
      {
        "state": "TAS",
        "price": "2295",
        "price_per_unit": "2295",
        "price_unit": "EA"
      },
      {
        "state": "ACT",
        "price": "2295",
        "price_per_unit": "2295",
        "price_unit": "EA"
      },
      {
        "state": "NT",
        "price": "2295",
        "price_per_unit": "2295",
        "price_unit": "EA"
      }
    ]
  },
  {
    "source_url": "https://www.woolworths.com.au/shop/productdetails/1074779961/csr-white-sugar-2kg-bags-3-pack-bulk",
    "name": "CSR White Sugar 2kg Bags 3 Pack Bulk",
    "image_url": "https://cdn1.woolworths.media/content/wowproductimages/large/1074779961.jpg",
    "source_id": "Woolworths - 1074779961",
    "barcode": null,
    "shop": "Woolworths",
    "weight": "1EA",
    "prices": [
      {
        "state": "NSW",
        "price": "3995",
        "price_per_unit": "1332",
        "price_unit": "EA"
      },
      {
        "state": "VIC",
        "price": "3995",
        "price_per_unit": "1332",
        "price_unit": "EA"
      },
      {
        "state": "QLD",
        "price": "3995",
        "price_per_unit": "1332",
        "price_unit": "EA"
      },
      {
        "state": "WA",
        "price": "3995",
        "price_per_unit": "1332",
        "price_unit": "EA"
      },
      {
        "state": "SA",
        "price": "3995",
        "price_per_unit": "1332",
        "price_unit": "EA"
      },
      {
        "state": "TAS",
        "price": "3995",
        "price_per_unit": "1332",
        "price_unit": "EA"
      },
      {
        "state": "ACT",
        "price": "3995",
        "price_per_unit": "1332",
        "price_unit": "EA"
      },
      {
        "state": "NT",
        "price": "3995",
        "price_per_unit": "1332",
        "price_unit": "EA"
      }
    ]
  },
  {
    "source_url": "https://www.woolworths.com.au/shop/productdetails/1074779840/csr-white-sugar-sticks-3g-box-2500-sachets-bulk",
    "name": "CSR White Sugar Sticks 3g Box 2500 Sachets Bulk",
    "image_url": "https://cdn1.woolworths.media/content/wowproductimages/large/1074779840.jpg",
    "source_id": "Woolworths - 1074779840",
    "barcode": null,
    "shop": "Woolworths",
    "weight": "1EA",
    "prices": [
      {
        "state": "NSW",
        "price": "7995",
        "price_per_unit": "7995",
        "price_unit": "EA"
      },
      {
        "state": "VIC",
        "price": "7995",
        "price_per_unit": "7995",
        "price_unit": "EA"
      },
      {
        "state": "QLD",
        "price": "7995",
        "price_per_unit": "7995",
        "price_unit": "EA"
      },
      {
        "state": "WA",
        "price": "7995",
        "price_per_unit": "7995",
        "price_unit": "EA"
      },
      {
        "state": "SA",
        "price": "7995",
        "price_per_unit": "7995",
        "price_unit": "EA"
      },
      {
        "state": "TAS",
        "price": "7995",
        "price_per_unit": "7995",
        "price_unit": "EA"
      },
      {
        "state": "ACT",
        "price": "7995",
        "price_per_unit": "7995",
        "price_unit": "EA"
      },
      {
        "state": "NT",
        "price": "7995",
        "price_per_unit": "7995",
        "price_unit": "EA"
      }
    ]
  },
  {
    "source_url": "https://www.woolworths.com.au/shop/productdetails/1074762997/douwe-egberts-single-serve-sachet-raw-sugar-3g-pack-2000",
    "name": "Douwe Egberts Single Serve Sachet Raw Sugar 3G Pack 2000",
    "image_url": "https://cdn1.woolworths.media/content/wowproductimages/large/1074762997.jpg",
    "source_id": "Woolworths - 1074762997",
    "barcode": null,
    "shop": "Woolworths",
    "weight": "1EA",
    "prices": [
      {
        "state": "NSW",
        "price": "6695",
        "price_per_unit": "6695",
        "price_unit": "EA"
      },
      {
        "state": "VIC",
        "price": "6695",
        "price_per_unit": "6695",
        "price_unit": "EA"
      },
      {
        "state": "QLD",
        "price": "6695",
        "price_per_unit": "6695",
        "price_unit": "EA"
      },
      {
        "state": "WA",
        "price": "6695",
        "price_per_unit": "6695",
        "price_unit": "EA"
      },
      {
        "state": "SA",
        "price": "6695",
        "price_per_unit": "6695",
        "price_unit": "EA"
      },
      {
        "state": "TAS",
        "price": "6695",
        "price_per_unit": "6695",
        "price_unit": "EA"
      },
      {
        "state": "ACT",
        "price": "6695",
        "price_per_unit": "6695",
        "price_unit": "EA"
      },
      {
        "state": "NT",
        "price": "6695",
        "price_per_unit": "6695",
        "price_unit": "EA"
      }
    ]
  },
  {
    "source_url": "https://www.woolworths.com.au/shop/productdetails/1074779888/douwe-egberts-single-serve-sachet-white-sugar-3g-pack-2000",
    "name": "Douwe Egberts Single Serve Sachet White Sugar 3G Pack 2000",
    "image_url": "https://cdn1.woolworths.media/content/wowproductimages/large/1074779888.jpg",
    "source_id": "Woolworths - 1074779888",
    "barcode": null,
    "shop": "Woolworths",
    "weight": "1EA",
    "prices": [
      {
        "state": "NSW",
        "price": "6995",
        "price_per_unit": "6995",
        "price_unit": "EA"
      },
      {
        "state": "VIC",
        "price": "6995",
        "price_per_unit": "6995",
        "price_unit": "EA"
      },
      {
        "state": "QLD",
        "price": "6995",
        "price_per_unit": "6995",
        "price_unit": "EA"
      },
      {
        "state": "WA",
        "price": "6995",
        "price_per_unit": "6995",
        "price_unit": "EA"
      },
      {
        "state": "SA",
        "price": "6995",
        "price_per_unit": "6995",
        "price_unit": "EA"
      },
      {
        "state": "TAS",
        "price": "6995",
        "price_per_unit": "6995",
        "price_unit": "EA"
      },
      {
        "state": "ACT",
        "price": "6995",
        "price_per_unit": "6995",
        "price_unit": "EA"
      },
      {
        "state": "NT",
        "price": "6995",
        "price_per_unit": "6995",
        "price_unit": "EA"
      }
    ]
  },
  {
    "source_url": "https://www.woolworths.com.au/shop/productdetails/1075557213/equal-sweetener-pillow-sachets-750-pack-carton-bulk-box",
    "name": "Equal Sweetener Pillow Sachets 750 Pack Carton Bulk Box",
    "image_url": "https://cdn1.woolworths.media/content/wowproductimages/large/1075557213.jpg",
    "source_id": "Woolworths - 1075557213",
    "barcode": null,
    "shop": "Woolworths",
    "weight": "100EA",
    "prices": [
      {
        "state": "NSW",
        "price": "5000",
        "price_per_unit": "667",
        "price_unit": "EA"
      },
      {
        "state": "VIC",
        "price": "5000",
        "price_per_unit": "667",
        "price_unit": "EA"
      },
      {
        "state": "QLD",
        "price": "5000",
        "price_per_unit": "667",
        "price_unit": "EA"
      },
      {
        "state": "WA",
        "price": "5000",
        "price_per_unit": "667",
        "price_unit": "EA"
      },
      {
        "state": "SA",
        "price": "5000",
        "price_per_unit": "667",
        "price_unit": "EA"
      },
      {
        "state": "TAS",
        "price": "5000",
        "price_per_unit": "667",
        "price_unit": "EA"
      },
      {
        "state": "ACT",
        "price": "5000",
        "price_per_unit": "667",
        "price_unit": "EA"
      },
      {
        "state": "NT",
        "price": "5000",
        "price_per_unit": "667",
        "price_unit": "EA"
      }
    ]
  },
  {
    "source_url": "https://www.woolworths.com.au/shop/productdetails/1075557214/equal-sweetener-sticks-500-pack-carton-bulk-box",
    "name": "Equal Sweetener Sticks 500 Pack Carton Bulk Box",
    "image_url": "https://cdn1.woolworths.media/content/wowproductimages/large/1075557214.jpg",
    "source_id": "Woolworths - 1075557214",
    "barcode": null,
    "shop": "Woolworths",
    "weight": "100EA",
    "prices": [
      {
        "state": "NSW",
        "price": "6495",
        "price_per_unit": "1299",
        "price_unit": "EA"
      },
      {
        "state": "VIC",
        "price": "6495",
        "price_per_unit": "1299",
        "price_unit": "EA"
      },
      {
        "state": "QLD",
        "price": "6495",
        "price_per_unit": "1299",
        "price_unit": "EA"
      },
      {
        "state": "WA",
        "price": "6495",
        "price_per_unit": "1299",
        "price_unit": "EA"
      },
      {
        "state": "SA",
        "price": "6495",
        "price_per_unit": "1299",
        "price_unit": "EA"
      },
      {
        "state": "TAS",
        "price": "6495",
        "price_per_unit": "1299",
        "price_unit": "EA"
      },
      {
        "state": "ACT",
        "price": "6495",
        "price_per_unit": "1299",
        "price_unit": "EA"
      },
      {
        "state": "NT",
        "price": "6495",
        "price_per_unit": "1299",
        "price_unit": "EA"
      }
    ]
  },
  {
    "source_url": "https://www.woolworths.com.au/shop/productdetails/720342/essentials-brown-sugar",
    "name": "Essentials Brown Sugar 1kg",
    "image_url": "https://cdn1.woolworths.media/content/wowproductimages/large/720342.jpg",
    "source_id": "Woolworths - 720342",
    "barcode": "9300633289386",
    "shop": "Woolworths",
    "weight": "100G",
    "prices": [
      {
        "state": "NSW",
        "price": "330",
        "price_per_unit": "33",
        "price_unit": "G"
      },
      {
        "state": "VIC",
        "price": "330",
        "price_per_unit": "33",
        "price_unit": "G"
      },
      {
        "state": "QLD",
        "price": "330",
        "price_per_unit": "33",
        "price_unit": "G"
      },
      {
        "state": "WA",
        "price": "330",
        "price_per_unit": "33",
        "price_unit": "G"
      },
      {
        "state": "SA",
        "price": "330",
        "price_per_unit": "33",
        "price_unit": "G"
      },
      {
        "state": "TAS",
        "price": "330",
        "price_per_unit": "33",
        "price_unit": "G"
      },
      {
        "state": "ACT",
        "price": "330",
        "price_per_unit": "33",
        "price_unit": "G"
      },
      {
        "state": "NT",
        "price": "330",
        "price_per_unit": "33",
        "price_unit": "G"
      }
    ]
  },
  {
    "source_url": "https://www.woolworths.com.au/shop/productdetails/720343/essentials-caster-sugar",
    "name": "Essentials Caster Sugar 1kg",
    "image_url": "https://cdn1.woolworths.media/content/wowproductimages/large/720343.jpg",
    "source_id": "Woolworths - 720343",
    "barcode": "9300633289485",
    "shop": "Woolworths",
    "weight": "100G",
    "prices": [
      {
        "state": "NSW",
        "price": "220",
        "price_per_unit": "22",
        "price_unit": "G"
      },
      {
        "state": "VIC",
        "price": "220",
        "price_per_unit": "22",
        "price_unit": "G"
      },
      {
        "state": "QLD",
        "price": "220",
        "price_per_unit": "22",
        "price_unit": "G"
      },
      {
        "state": "WA",
        "price": "220",
        "price_per_unit": "22",
        "price_unit": "G"
      },
      {
        "state": "SA",
        "price": "220",
        "price_per_unit": "22",
        "price_unit": "G"
      },
      {
        "state": "TAS",
        "price": "220",
        "price_per_unit": "22",
        "price_unit": "G"
      },
      {
        "state": "ACT",
        "price": "220",
        "price_per_unit": "22",
        "price_unit": "G"
      },
      {
        "state": "NT",
        "price": "220",
        "price_per_unit": "22",
        "price_unit": "G"
      }
    ]
  },
  {
    "source_url": "https://www.woolworths.com.au/shop/productdetails/115632/essentials-icing-sugar-mixture",
    "name": "Essentials Icing Sugar Mixture 1kg",
    "image_url": "https://cdn1.woolworths.media/content/wowproductimages/large/115632.jpg",
    "source_id": "Woolworths - 115632",
    "barcode": "9300633372149",
    "shop": "Woolworths",
    "weight": "100G",
    "prices": [
      {
        "state": "NSW",
        "price": "395",
        "price_per_unit": "40",
        "price_unit": "G"
      },
      {
        "state": "VIC",
        "price": "395",
        "price_per_unit": "40",
        "price_unit": "G"
      },
      {
        "state": "QLD",
        "price": "395",
        "price_per_unit": "40",
        "price_unit": "G"
      },
      {
        "state": "WA",
        "price": "395",
        "price_per_unit": "40",
        "price_unit": "G"
      },
      {
        "state": "SA",
        "price": "395",
        "price_per_unit": "40",
        "price_unit": "G"
      },
      {
        "state": "TAS",
        "price": "395",
        "price_per_unit": "40",
        "price_unit": "G"
      },
      {
        "state": "ACT",
        "price": "395",
        "price_per_unit": "40",
        "price_unit": "G"
      },
      {
        "state": "NT",
        "price": "395",
        "price_per_unit": "40",
        "price_unit": "G"
      }
    ]
  },
  {
    "source_url": "https://www.woolworths.com.au/shop/productdetails/18169/essentials-raw-sugar",
    "name": "Essentials Raw Sugar 1kg",
    "image_url": "https://cdn1.woolworths.media/content/wowproductimages/large/018169.jpg",
    "source_id": "Woolworths - 18169",
    "barcode": "9300633181697",
    "shop": "Woolworths",
    "weight": "100G",
    "prices": [
      {
        "state": "NSW",
        "price": "180",
        "price_per_unit": "18",
        "price_unit": "G"
      },
      {
        "state": "VIC",
        "price": "180",
        "price_per_unit": "18",
        "price_unit": "G"
      },
      {
        "state": "QLD",
        "price": "180",
        "price_per_unit": "18",
        "price_unit": "G"
      },
      {
        "state": "WA",
        "price": "180",
        "price_per_unit": "18",
        "price_unit": "G"
      },
      {
        "state": "SA",
        "price": "180",
        "price_per_unit": "18",
        "price_unit": "G"
      },
      {
        "state": "TAS",
        "price": "180",
        "price_per_unit": "18",
        "price_unit": "G"
      },
      {
        "state": "ACT",
        "price": "180",
        "price_per_unit": "18",
        "price_unit": "G"
      },
      {
        "state": "NT",
        "price": "180",
        "price_per_unit": "18",
        "price_unit": "G"
      }
    ]
  },
  {
    "source_url": "https://www.woolworths.com.au/shop/productdetails/58537/essentials-white-sugar",
    "name": "Essentials White Sugar 1kg",
    "image_url": "https://cdn1.woolworths.media/content/wowproductimages/large/058537.jpg",
    "source_id": "Woolworths - 58537",
    "barcode": "9300633127114",
    "shop": "Woolworths",
    "weight": "100G",
    "prices": [
      {
        "state": "NSW",
        "price": "180",
        "price_per_unit": "18",
        "price_unit": "G"
      },
      {
        "state": "VIC",
        "price": "180",
        "price_per_unit": "18",
        "price_unit": "G"
      },
      {
        "state": "QLD",
        "price": "180",
        "price_per_unit": "18",
        "price_unit": "G"
      },
      {
        "state": "WA",
        "price": "180",
        "price_per_unit": "18",
        "price_unit": "G"
      },
      {
        "state": "SA",
        "price": "180",
        "price_per_unit": "18",
        "price_unit": "G"
      },
      {
        "state": "TAS",
        "price": "180",
        "price_per_unit": "18",
        "price_unit": "G"
      },
      {
        "state": "ACT",
        "price": "180",
        "price_per_unit": "18",
        "price_unit": "G"
      },
      {
        "state": "NT",
        "price": "180",
        "price_per_unit": "18",
        "price_unit": "G"
      }
    ]
  },
  {
    "source_url": "https://www.woolworths.com.au/shop/productdetails/1075557210/ism-raw-sugar-sachet-single-serve-3g-2000-pack-carton-bulk-box",
    "name": "ISM Raw Sugar Sachet Single Serve 3g 2000 Pack Carton Bulk Box",
    "image_url": "https://cdn1.woolworths.media/content/wowproductimages/large/1075557210.jpg",
    "source_id": "Woolworths - 1075557210",
    "barcode": null,
    "shop": "Woolworths",
    "weight": "100EA",
    "prices": [
      {
        "state": "NSW",
        "price": "6495",
        "price_per_unit": "325",
        "price_unit": "EA"
      },
      {
        "state": "VIC",
        "price": "6495",
        "price_per_unit": "325",
        "price_unit": "EA"
      },
      {
        "state": "QLD",
        "price": "6495",
        "price_per_unit": "325",
        "price_unit": "EA"
      },
      {
        "state": "WA",
        "price": "6495",
        "price_per_unit": "325",
        "price_unit": "EA"
      },
      {
        "state": "SA",
        "price": "6495",
        "price_per_unit": "325",
        "price_unit": "EA"
      },
      {
        "state": "TAS",
        "price": "6495",
        "price_per_unit": "325",
        "price_unit": "EA"
      },
      {
        "state": "ACT",
        "price": "6495",
        "price_per_unit": "325",
        "price_unit": "EA"
      },
      {
        "state": "NT",
        "price": "6495",
        "price_per_unit": "325",
        "price_unit": "EA"
      }
    ]
  },
  {
    "source_url": "https://www.woolworths.com.au/shop/productdetails/1075589016/ism-white-sugar-pencil-sticks-silver-3g-2000-pack-carton-bulk-box",
    "name": "ISM White Sugar Pencil Sticks Silver 3g 2000 Pack Carton Bulk Box",
    "image_url": "https://cdn1.woolworths.media/content/wowproductimages/large/1075589016.jpg",
    "source_id": "Woolworths - 1075589016",
    "barcode": null,
    "shop": "Woolworths",
    "weight": "1EA",
    "prices": [
      {
        "state": "NSW",
        "price": "5000",
        "price_per_unit": "200",
        "price_unit": "EA"
      },
      {
        "state": "VIC",
        "price": "5000",
        "price_per_unit": "200",
        "price_unit": "EA"
      },
      {
        "state": "QLD",
        "price": "5000",
        "price_per_unit": "200",
        "price_unit": "EA"
      },
      {
        "state": "WA",
        "price": "5000",
        "price_per_unit": "200",
        "price_unit": "EA"
      },
      {
        "state": "SA",
        "price": "5000",
        "price_per_unit": "200",
        "price_unit": "EA"
      },
      {
        "state": "TAS",
        "price": "5000",
        "price_per_unit": "200",
        "price_unit": "EA"
      },
      {
        "state": "ACT",
        "price": "5000",
        "price_per_unit": "200",
        "price_unit": "EA"
      },
      {
        "state": "NT",
        "price": "5000",
        "price_per_unit": "200",
        "price_unit": "EA"
      }
    ]
  },
  {
    "source_url": "https://www.woolworths.com.au/shop/productdetails/1075914735/ism-white-sugar-sachet-single-serve-3g-2000-pack-carton-bulk-box",
    "name": "ISM White Sugar Sachet Single Serve 3g 2000 Pack Carton Bulk Box",
    "image_url": "https://cdn1.woolworths.media/content/wowproductimages/large/1075914735.jpg",
    "source_id": "Woolworths - 1075914735",
    "barcode": null,
    "shop": "Woolworths",
    "weight": "100EA",
    "prices": [
      {
        "state": "NSW",
        "price": "7495",
        "price_per_unit": "375",
        "price_unit": "EA"
      },
      {
        "state": "VIC",
        "price": "7495",
        "price_per_unit": "375",
        "price_unit": "EA"
      },
      {
        "state": "QLD",
        "price": "7495",
        "price_per_unit": "375",
        "price_unit": "EA"
      },
      {
        "state": "WA",
        "price": "7495",
        "price_per_unit": "375",
        "price_unit": "EA"
      },
      {
        "state": "SA",
        "price": "7495",
        "price_per_unit": "375",
        "price_unit": "EA"
      },
      {
        "state": "TAS",
        "price": "7495",
        "price_per_unit": "375",
        "price_unit": "EA"
      },
      {
        "state": "ACT",
        "price": "7495",
        "price_per_unit": "375",
        "price_unit": "EA"
      },
      {
        "state": "NT",
        "price": "7495",
        "price_per_unit": "375",
        "price_unit": "EA"
      }
    ]
  },
  {
    "source_url": "https://www.woolworths.com.au/shop/productdetails/1075564491/naturally-sweet-birch-xylitol-2-5kg-pouch",
    "name": "Naturally Sweet Birch Xylitol 2.5kg Pouch",
    "image_url": "https://cdn1.woolworths.media/content/wowproductimages/large/1075564491.jpg",
    "source_id": "Woolworths - 1075564491",
    "barcode": null,
    "shop": "Woolworths",
    "weight": "1EA",
    "prices": [
      {
        "state": "NSW",
        "price": "7695",
        "price_per_unit": "7695",
        "price_unit": "EA"
      },
      {
        "state": "VIC",
        "price": "7695",
        "price_per_unit": "7695",
        "price_unit": "EA"
      },
      {
        "state": "QLD",
        "price": "7695",
        "price_per_unit": "7695",
        "price_unit": "EA"
      },
      {
        "state": "WA",
        "price": "7695",
        "price_per_unit": "7695",
        "price_unit": "EA"
      },
      {
        "state": "SA",
        "price": "7695",
        "price_per_unit": "7695",
        "price_unit": "EA"
      },
      {
        "state": "TAS",
        "price": "7695",
        "price_per_unit": "7695",
        "price_unit": "EA"
      },
      {
        "state": "ACT",
        "price": "7695",
        "price_per_unit": "7695",
        "price_unit": "EA"
      },
      {
        "state": "NT",
        "price": "7695",
        "price_per_unit": "7695",
        "price_unit": "EA"
      }
    ]
  },
  {
    "source_url": "https://www.woolworths.com.au/shop/productdetails/1075564492/naturally-sweet-birch-xylitol-25kg-bulk",
    "name": "Naturally Sweet Birch Xylitol 25Kg Bulk",
    "image_url": "https://cdn1.woolworths.media/content/wowproductimages/large/1075564492.jpg",
    "source_id": "Woolworths - 1075564492",
    "barcode": null,
    "shop": "Woolworths",
    "weight": "1EA",
    "prices": [
      {
        "state": "NSW",
        "price": "52995",
        "price_per_unit": "52995",
        "price_unit": "EA"
      },
      {
        "state": "VIC",
        "price": "52995",
        "price_per_unit": "52995",
        "price_unit": "EA"
      },
      {
        "state": "QLD",
        "price": "52995",
        "price_per_unit": "52995",
        "price_unit": "EA"
      },
      {
        "state": "WA",
        "price": "52995",
        "price_per_unit": "52995",
        "price_unit": "EA"
      },
      {
        "state": "SA",
        "price": "52995",
        "price_per_unit": "52995",
        "price_unit": "EA"
      },
      {
        "state": "TAS",
        "price": "52995",
        "price_per_unit": "52995",
        "price_unit": "EA"
      },
      {
        "state": "ACT",
        "price": "52995",
        "price_per_unit": "52995",
        "price_unit": "EA"
      },
      {
        "state": "NT",
        "price": "52995",
        "price_per_unit": "52995",
        "price_unit": "EA"
      }
    ]
  },
  {
    "source_url": "https://www.woolworths.com.au/shop/productdetails/1075345183/naturally-sweet-birch-xylitol-500g",
    "name": "Naturally Sweet Birch Xylitol 500g",
    "image_url": "https://cdn1.woolworths.media/content/wowproductimages/large/1075345183.jpg",
    "source_id": "Woolworths - 1075345183",
    "barcode": null,
    "shop": "Woolworths",
    "weight": "100G",
    "prices": [
      {
        "state": "NSW",
        "price": "1871",
        "price_per_unit": "374",
        "price_unit": "G"
      },
      {
        "state": "VIC",
        "price": "1871",
        "price_per_unit": "374",
        "price_unit": "G"
      },
      {
        "state": "QLD",
        "price": "1871",
        "price_per_unit": "374",
        "price_unit": "G"
      },
      {
        "state": "WA",
        "price": "1871",
        "price_per_unit": "374",
        "price_unit": "G"
      },
      {
        "state": "SA",
        "price": "1871",
        "price_per_unit": "374",
        "price_unit": "G"
      },
      {
        "state": "TAS",
        "price": "1871",
        "price_per_unit": "374",
        "price_unit": "G"
      },
      {
        "state": "ACT",
        "price": "1871",
        "price_per_unit": "374",
        "price_unit": "G"
      },
      {
        "state": "NT",
        "price": "1871",
        "price_per_unit": "374",
        "price_unit": "G"
      }
    ]
  },
  {
    "source_url": "https://www.woolworths.com.au/shop/productdetails/1075564496/naturally-sweet-coconut-sugar-20kg-bulk",
    "name": "Naturally Sweet Coconut Sugar 20Kg Bulk",
    "image_url": "https://cdn1.woolworths.media/content/wowproductimages/large/1075564496.jpg",
    "source_id": "Woolworths - 1075564496",
    "barcode": null,
    "shop": "Woolworths",
    "weight": "1EA",
    "prices": [
      {
        "state": "NSW",
        "price": "23995",
        "price_per_unit": "23995",
        "price_unit": "EA"
      },
      {
        "state": "VIC",
        "price": "23995",
        "price_per_unit": "23995",
        "price_unit": "EA"
      },
      {
        "state": "QLD",
        "price": "23995",
        "price_per_unit": "23995",
        "price_unit": "EA"
      },
      {
        "state": "WA",
        "price": "23995",
        "price_per_unit": "23995",
        "price_unit": "EA"
      },
      {
        "state": "SA",
        "price": "23995",
        "price_per_unit": "23995",
        "price_unit": "EA"
      },
      {
        "state": "TAS",
        "price": "23995",
        "price_per_unit": "23995",
        "price_unit": "EA"
      },
      {
        "state": "ACT",
        "price": "23995",
        "price_per_unit": "23995",
        "price_unit": "EA"
      },
      {
        "state": "NT",
        "price": "23995",
        "price_per_unit": "23995",
        "price_unit": "EA"
      }
    ]
  },
  {
    "source_url": "https://www.woolworths.com.au/shop/productdetails/1075564495/naturally-sweet-coconut-sugar-2500g",
    "name": "Naturally Sweet Coconut Sugar 2500g",
    "image_url": "https://cdn1.woolworths.media/content/wowproductimages/large/1075564495.jpg",
    "source_id": "Woolworths - 1075564495",
    "barcode": null,
    "shop": "Woolworths",
    "weight": "1EA",
    "prices": [
      {
        "state": "NSW",
        "price": "4495",
        "price_per_unit": "4495",
        "price_unit": "EA"
      },
      {
        "state": "VIC",
        "price": "4495",
        "price_per_unit": "4495",
        "price_unit": "EA"
      },
      {
        "state": "QLD",
        "price": "4495",
        "price_per_unit": "4495",
        "price_unit": "EA"
      },
      {
        "state": "WA",
        "price": "4495",
        "price_per_unit": "4495",
        "price_unit": "EA"
      },
      {
        "state": "SA",
        "price": "4495",
        "price_per_unit": "4495",
        "price_unit": "EA"
      },
      {
        "state": "TAS",
        "price": "4495",
        "price_per_unit": "4495",
        "price_unit": "EA"
      },
      {
        "state": "ACT",
        "price": "4495",
        "price_per_unit": "4495",
        "price_unit": "EA"
      },
      {
        "state": "NT",
        "price": "4495",
        "price_per_unit": "4495",
        "price_unit": "EA"
      }
    ]
  },
  {
    "source_url": "https://www.woolworths.com.au/shop/productdetails/1075564494/naturally-sweet-coconut-sugar-500g-3-pack",
    "name": "Naturally Sweet Coconut Sugar 500g 3 Pack",
    "image_url": "https://cdn1.woolworths.media/content/wowproductimages/large/1075564494.jpg",
    "source_id": "Woolworths - 1075564494",
    "barcode": null,
    "shop": "Woolworths",
    "weight": "1EA",
    "prices": [
      {
        "state": "NSW",
        "price": "3995",
        "price_per_unit": "3995",
        "price_unit": "EA"
      },
      {
        "state": "VIC",
        "price": "3995",
        "price_per_unit": "3995",
        "price_unit": "EA"
      },
      {
        "state": "QLD",
        "price": "3995",
        "price_per_unit": "3995",
        "price_unit": "EA"
      },
      {
        "state": "WA",
        "price": "3995",
        "price_per_unit": "3995",
        "price_unit": "EA"
      },
      {
        "state": "SA",
        "price": "3995",
        "price_per_unit": "3995",
        "price_unit": "EA"
      },
      {
        "state": "TAS",
        "price": "3995",
        "price_per_unit": "3995",
        "price_unit": "EA"
      },
      {
        "state": "ACT",
        "price": "3995",
        "price_per_unit": "3995",
        "price_unit": "EA"
      },
      {
        "state": "NT",
        "price": "3995",
        "price_per_unit": "3995",
        "price_unit": "EA"
      }
    ]
  },
  {
    "source_url": "https://www.woolworths.com.au/shop/productdetails/1075561154/naturally-sweet-erythritol-1kg-pouch",
    "name": "Naturally Sweet Erythritol 1kg Pouch",
    "image_url": "https://cdn1.woolworths.media/content/wowproductimages/large/1075561154.jpg",
    "source_id": "Woolworths - 1075561154",
    "barcode": null,
    "shop": "Woolworths",
    "weight": "1EA",
    "prices": [
      {
        "state": "NSW",
        "price": "2695",
        "price_per_unit": "2695",
        "price_unit": "EA"
      },
      {
        "state": "VIC",
        "price": "2695",
        "price_per_unit": "2695",
        "price_unit": "EA"
      },
      {
        "state": "QLD",
        "price": "2695",
        "price_per_unit": "2695",
        "price_unit": "EA"
      },
      {
        "state": "WA",
        "price": "2695",
        "price_per_unit": "2695",
        "price_unit": "EA"
      },
      {
        "state": "SA",
        "price": "2695",
        "price_per_unit": "2695",
        "price_unit": "EA"
      },
      {
        "state": "TAS",
        "price": "2695",
        "price_per_unit": "2695",
        "price_unit": "EA"
      },
      {
        "state": "ACT",
        "price": "2695",
        "price_per_unit": "2695",
        "price_unit": "EA"
      },
      {
        "state": "NT",
        "price": "2695",
        "price_per_unit": "2695",
        "price_unit": "EA"
      }
    ]
  },
  {
    "source_url": "https://www.woolworths.com.au/shop/productdetails/1075561153/naturally-sweet-erythritol-1kg-pouch-bundle-of-6",
    "name": "Naturally Sweet Erythritol 1Kg Pouch Bundle of 6",
    "image_url": "https://cdn1.woolworths.media/content/wowproductimages/large/1075561153.jpg",
    "source_id": "Woolworths - 1075561153",
    "barcode": null,
    "shop": "Woolworths",
    "weight": "1EA",
    "prices": [
      {
        "state": "NSW",
        "price": "12995",
        "price_per_unit": "2166",
        "price_unit": "EA"
      },
      {
        "state": "VIC",
        "price": "12995",
        "price_per_unit": "2166",
        "price_unit": "EA"
      },
      {
        "state": "QLD",
        "price": "12995",
        "price_per_unit": "2166",
        "price_unit": "EA"
      },
      {
        "state": "WA",
        "price": "12995",
        "price_per_unit": "2166",
        "price_unit": "EA"
      },
      {
        "state": "SA",
        "price": "12995",
        "price_per_unit": "2166",
        "price_unit": "EA"
      },
      {
        "state": "TAS",
        "price": "12995",
        "price_per_unit": "2166",
        "price_unit": "EA"
      },
      {
        "state": "ACT",
        "price": "12995",
        "price_per_unit": "2166",
        "price_unit": "EA"
      },
      {
        "state": "NT",
        "price": "12995",
        "price_per_unit": "2166",
        "price_unit": "EA"
      }
    ]
  },
  {
    "source_url": "https://www.woolworths.com.au/shop/productdetails/1075561513/naturally-sweet-erythritol-2-5kg-pouch",
    "name": "Naturally Sweet Erythritol 2.5kg Pouch",
    "image_url": "https://cdn1.woolworths.media/content/wowproductimages/large/1075561513.jpg",
    "source_id": "Woolworths - 1075561513",
    "barcode": null,
    "shop": "Woolworths",
    "weight": "1EA",
    "prices": [
      {
        "state": "NSW",
        "price": "5495",
        "price_per_unit": "5495",
        "price_unit": "EA"
      },
      {
        "state": "VIC",
        "price": "5495",
        "price_per_unit": "5495",
        "price_unit": "EA"
      },
      {
        "state": "QLD",
        "price": "5495",
        "price_per_unit": "5495",
        "price_unit": "EA"
      },
      {
        "state": "WA",
        "price": "5495",
        "price_per_unit": "5495",
        "price_unit": "EA"
      },
      {
        "state": "SA",
        "price": "5495",
        "price_per_unit": "5495",
        "price_unit": "EA"
      },
      {
        "state": "TAS",
        "price": "5495",
        "price_per_unit": "5495",
        "price_unit": "EA"
      },
      {
        "state": "ACT",
        "price": "5495",
        "price_per_unit": "5495",
        "price_unit": "EA"
      },
      {
        "state": "NT",
        "price": "5495",
        "price_per_unit": "5495",
        "price_unit": "EA"
      }
    ]
  },
  {
    "source_url": "https://www.woolworths.com.au/shop/productdetails/1075565011/naturally-sweet-erythritol-25kg-bulk",
    "name": "Naturally Sweet Erythritol 25Kg Bulk",
    "image_url": "https://cdn1.woolworths.media/content/wowproductimages/large/1075565011.jpg",
    "source_id": "Woolworths - 1075565011",
    "barcode": null,
    "shop": "Woolworths",
    "weight": "100G",
    "prices": [
      {
        "state": "NSW",
        "price": "34995",
        "price_per_unit": "140",
        "price_unit": "G"
      },
      {
        "state": "VIC",
        "price": "34995",
        "price_per_unit": "140",
        "price_unit": "G"
      },
      {
        "state": "QLD",
        "price": "34995",
        "price_per_unit": "140",
        "price_unit": "G"
      },
      {
        "state": "WA",
        "price": "34995",
        "price_per_unit": "140",
        "price_unit": "G"
      },
      {
        "state": "SA",
        "price": "34995",
        "price_per_unit": "140",
        "price_unit": "G"
      },
      {
        "state": "TAS",
        "price": "34995",
        "price_per_unit": "140",
        "price_unit": "G"
      },
      {
        "state": "ACT",
        "price": "34995",
        "price_per_unit": "140",
        "price_unit": "G"
      },
      {
        "state": "NT",
        "price": "34995",
        "price_per_unit": "140",
        "price_unit": "G"
      }
    ]
  },
  {
    "source_url": "https://www.woolworths.com.au/shop/productdetails/1075345555/naturally-sweet-erythritol-500g",
    "name": "Naturally Sweet Erythritol 500g",
    "image_url": "https://cdn1.woolworths.media/content/wowproductimages/large/1075345555.jpg",
    "source_id": "Woolworths - 1075345555",
    "barcode": null,
    "shop": "Woolworths",
    "weight": "100G",
    "prices": [
      {
        "state": "NSW",
        "price": "1421",
        "price_per_unit": "284",
        "price_unit": "G"
      },
      {
        "state": "VIC",
        "price": "1421",
        "price_per_unit": "284",
        "price_unit": "G"
      },
      {
        "state": "QLD",
        "price": "1421",
        "price_per_unit": "284",
        "price_unit": "G"
      },
      {
        "state": "WA",
        "price": "1421",
        "price_per_unit": "284",
        "price_unit": "G"
      },
      {
        "state": "SA",
        "price": "1421",
        "price_per_unit": "284",
        "price_unit": "G"
      },
      {
        "state": "TAS",
        "price": "1421",
        "price_per_unit": "284",
        "price_unit": "G"
      },
      {
        "state": "ACT",
        "price": "1421",
        "price_per_unit": "284",
        "price_unit": "G"
      },
      {
        "state": "NT",
        "price": "1421",
        "price_per_unit": "284",
        "price_unit": "G"
      }
    ]
  },
  {
    "source_url": "https://www.woolworths.com.au/shop/productdetails/1075561152/naturally-sweet-erythritol-500g-pouch-3-pack",
    "name": "Naturally Sweet Erythritol 500g Pouch 3 Pack",
    "image_url": "https://cdn1.woolworths.media/content/wowproductimages/large/1075561152.jpg",
    "source_id": "Woolworths - 1075561152",
    "barcode": null,
    "shop": "Woolworths",
    "weight": "1EA",
    "prices": [
      {
        "state": "NSW",
        "price": "4995",
        "price_per_unit": "1665",
        "price_unit": "EA"
      },
      {
        "state": "VIC",
        "price": "4995",
        "price_per_unit": "1665",
        "price_unit": "EA"
      },
      {
        "state": "QLD",
        "price": "4995",
        "price_per_unit": "1665",
        "price_unit": "EA"
      },
      {
        "state": "WA",
        "price": "4995",
        "price_per_unit": "1665",
        "price_unit": "EA"
      },
      {
        "state": "SA",
        "price": "4995",
        "price_per_unit": "1665",
        "price_unit": "EA"
      },
      {
        "state": "TAS",
        "price": "4995",
        "price_per_unit": "1665",
        "price_unit": "EA"
      },
      {
        "state": "ACT",
        "price": "4995",
        "price_per_unit": "1665",
        "price_unit": "EA"
      },
      {
        "state": "NT",
        "price": "4995",
        "price_per_unit": "1665",
        "price_unit": "EA"
      }
    ]
  },
  {
    "source_url": "https://www.woolworths.com.au/shop/productdetails/1075564498/naturally-sweet-monk-fruit-blend-1000g-pouch",
    "name": "Naturally Sweet Monk Fruit Blend 1000g Pouch",
    "image_url": "https://cdn1.woolworths.media/content/wowproductimages/large/1075564498.jpg",
    "source_id": "Woolworths - 1075564498",
    "barcode": null,
    "shop": "Woolworths",
    "weight": "1EA",
    "prices": [
      {
        "state": "NSW",
        "price": "3495",
        "price_per_unit": "3495",
        "price_unit": "EA"
      },
      {
        "state": "VIC",
        "price": "3495",
        "price_per_unit": "3495",
        "price_unit": "EA"
      },
      {
        "state": "QLD",
        "price": "3495",
        "price_per_unit": "3495",
        "price_unit": "EA"
      },
      {
        "state": "WA",
        "price": "3495",
        "price_per_unit": "3495",
        "price_unit": "EA"
      },
      {
        "state": "SA",
        "price": "3495",
        "price_per_unit": "3495",
        "price_unit": "EA"
      },
      {
        "state": "TAS",
        "price": "3495",
        "price_per_unit": "3495",
        "price_unit": "EA"
      },
      {
        "state": "ACT",
        "price": "3495",
        "price_per_unit": "3495",
        "price_unit": "EA"
      },
      {
        "state": "NT",
        "price": "3495",
        "price_per_unit": "3495",
        "price_unit": "EA"
      }
    ]
  },
  {
    "source_url": "https://www.woolworths.com.au/shop/productdetails/1075564499/naturally-sweet-monk-fruit-blend-1000g-pouch-6-pack",
    "name": "Naturally Sweet Monk Fruit Blend 1000g Pouch 6 Pack",
    "image_url": "https://cdn1.woolworths.media/content/wowproductimages/large/1075564499.jpg",
    "source_id": "Woolworths - 1075564499",
    "barcode": null,
    "shop": "Woolworths",
    "weight": "1EA",
    "prices": [
      {
        "state": "NSW",
        "price": "14995",
        "price_per_unit": "2499",
        "price_unit": "EA"
      },
      {
        "state": "VIC",
        "price": "14995",
        "price_per_unit": "2499",
        "price_unit": "EA"
      },
      {
        "state": "QLD",
        "price": "14995",
        "price_per_unit": "2499",
        "price_unit": "EA"
      },
      {
        "state": "WA",
        "price": "14995",
        "price_per_unit": "2499",
        "price_unit": "EA"
      },
      {
        "state": "SA",
        "price": "14995",
        "price_per_unit": "2499",
        "price_unit": "EA"
      },
      {
        "state": "TAS",
        "price": "14995",
        "price_per_unit": "2499",
        "price_unit": "EA"
      },
      {
        "state": "ACT",
        "price": "14995",
        "price_per_unit": "2499",
        "price_unit": "EA"
      },
      {
        "state": "NT",
        "price": "14995",
        "price_per_unit": "2499",
        "price_unit": "EA"
      }
    ]
  },
  {
    "source_url": "https://www.woolworths.com.au/shop/productdetails/1075564500/naturally-sweet-monk-fruit-blend-2500g-pouch",
    "name": "Naturally Sweet Monk Fruit Blend 2500g Pouch",
    "image_url": "https://cdn1.woolworths.media/content/wowproductimages/large/1075564500.jpg",
    "source_id": "Woolworths - 1075564500",
    "barcode": null,
    "shop": "Woolworths",
    "weight": "1EA",
    "prices": [
      {
        "state": "NSW",
        "price": "5995",
        "price_per_unit": "5995",
        "price_unit": "EA"
      },
      {
        "state": "VIC",
        "price": "5995",
        "price_per_unit": "5995",
        "price_unit": "EA"
      },
      {
        "state": "QLD",
        "price": "5995",
        "price_per_unit": "5995",
        "price_unit": "EA"
      },
      {
        "state": "WA",
        "price": "5995",
        "price_per_unit": "5995",
        "price_unit": "EA"
      },
      {
        "state": "SA",
        "price": "5995",
        "price_per_unit": "5995",
        "price_unit": "EA"
      },
      {
        "state": "TAS",
        "price": "5995",
        "price_per_unit": "5995",
        "price_unit": "EA"
      },
      {
        "state": "ACT",
        "price": "5995",
        "price_per_unit": "5995",
        "price_unit": "EA"
      },
      {
        "state": "NT",
        "price": "5995",
        "price_per_unit": "5995",
        "price_unit": "EA"
      }
    ]
  },
  {
    "source_url": "https://www.woolworths.com.au/shop/productdetails/1075564497/naturally-sweet-monk-fruit-blend-500g-pouch-3-pack",
    "name": "Naturally Sweet Monk Fruit Blend 500g Pouch 3 Pack",
    "image_url": "https://cdn1.woolworths.media/content/wowproductimages/large/1075564497.jpg",
    "source_id": "Woolworths - 1075564497",
    "barcode": null,
    "shop": "Woolworths",
    "weight": "1EA",
    "prices": [
      {
        "state": "NSW",
        "price": "5495",
        "price_per_unit": "1832",
        "price_unit": "EA"
      },
      {
        "state": "VIC",
        "price": "5495",
        "price_per_unit": "1832",
        "price_unit": "EA"
      },
      {
        "state": "QLD",
        "price": "5495",
        "price_per_unit": "1832",
        "price_unit": "EA"
      },
      {
        "state": "WA",
        "price": "5495",
        "price_per_unit": "1832",
        "price_unit": "EA"
      },
      {
        "state": "SA",
        "price": "5495",
        "price_per_unit": "1832",
        "price_unit": "EA"
      },
      {
        "state": "TAS",
        "price": "5495",
        "price_per_unit": "1832",
        "price_unit": "EA"
      },
      {
        "state": "ACT",
        "price": "5495",
        "price_per_unit": "1832",
        "price_unit": "EA"
      },
      {
        "state": "NT",
        "price": "5495",
        "price_per_unit": "1832",
        "price_unit": "EA"
      }
    ]
  },
  {
    "source_url": "https://www.woolworths.com.au/shop/productdetails/1075562442/naturally-sweet-stevia-blend-1kg-pouch",
    "name": "Naturally Sweet Stevia Blend 1kg Pouch",
    "image_url": "https://cdn1.woolworths.media/content/wowproductimages/large/1075562442.jpg",
    "source_id": "Woolworths - 1075562442",
    "barcode": null,
    "shop": "Woolworths",
    "weight": "1EA",
    "prices": [
      {
        "state": "NSW",
        "price": "4995",
        "price_per_unit": "4995",
        "price_unit": "EA"
      },
      {
        "state": "VIC",
        "price": "4995",
        "price_per_unit": "4995",
        "price_unit": "EA"
      },
      {
        "state": "QLD",
        "price": "4995",
        "price_per_unit": "4995",
        "price_unit": "EA"
      },
      {
        "state": "WA",
        "price": "4995",
        "price_per_unit": "4995",
        "price_unit": "EA"
      },
      {
        "state": "SA",
        "price": "4995",
        "price_per_unit": "4995",
        "price_unit": "EA"
      },
      {
        "state": "TAS",
        "price": "4995",
        "price_per_unit": "4995",
        "price_unit": "EA"
      },
      {
        "state": "ACT",
        "price": "4995",
        "price_per_unit": "4995",
        "price_unit": "EA"
      },
      {
        "state": "NT",
        "price": "4995",
        "price_per_unit": "4995",
        "price_unit": "EA"
      }
    ]
  },
  {
    "source_url": "https://www.woolworths.com.au/shop/productdetails/1075564478/naturally-sweet-stevia-blend-1kg-pouch-6-pack",
    "name": "Naturally Sweet Stevia Blend 1kg Pouch 6 Pack",
    "image_url": "https://cdn1.woolworths.media/content/wowproductimages/large/1075564478.jpg",
    "source_id": "Woolworths - 1075564478",
    "barcode": null,
    "shop": "Woolworths",
    "weight": "1EA",
    "prices": [
      {
        "state": "NSW",
        "price": "19995",
        "price_per_unit": "3333",
        "price_unit": "EA"
      },
      {
        "state": "VIC",
        "price": "19995",
        "price_per_unit": "3333",
        "price_unit": "EA"
      },
      {
        "state": "QLD",
        "price": "19995",
        "price_per_unit": "3333",
        "price_unit": "EA"
      },
      {
        "state": "WA",
        "price": "19995",
        "price_per_unit": "3333",
        "price_unit": "EA"
      },
      {
        "state": "SA",
        "price": "19995",
        "price_per_unit": "3333",
        "price_unit": "EA"
      },
      {
        "state": "TAS",
        "price": "19995",
        "price_per_unit": "3333",
        "price_unit": "EA"
      },
      {
        "state": "ACT",
        "price": "19995",
        "price_per_unit": "3333",
        "price_unit": "EA"
      },
      {
        "state": "NT",
        "price": "19995",
        "price_per_unit": "3333",
        "price_unit": "EA"
      }
    ]
  },
  {
    "source_url": "https://www.woolworths.com.au/shop/productdetails/1075564479/naturally-sweet-stevia-blend-2-5kg-pouch",
    "name": "Naturally Sweet Stevia Blend 2.5kg Pouch",
    "image_url": "https://cdn1.woolworths.media/content/wowproductimages/large/1075564479.jpg",
    "source_id": "Woolworths - 1075564479",
    "barcode": null,
    "shop": "Woolworths",
    "weight": "1EA",
    "prices": [
      {
        "state": "NSW",
        "price": "9995",
        "price_per_unit": "9995",
        "price_unit": "EA"
      },
      {
        "state": "VIC",
        "price": "9995",
        "price_per_unit": "9995",
        "price_unit": "EA"
      },
      {
        "state": "QLD",
        "price": "9995",
        "price_per_unit": "9995",
        "price_unit": "EA"
      },
      {
        "state": "WA",
        "price": "9995",
        "price_per_unit": "9995",
        "price_unit": "EA"
      },
      {
        "state": "SA",
        "price": "9995",
        "price_per_unit": "9995",
        "price_unit": "EA"
      },
      {
        "state": "TAS",
        "price": "9995",
        "price_per_unit": "9995",
        "price_unit": "EA"
      },
      {
        "state": "ACT",
        "price": "9995",
        "price_per_unit": "9995",
        "price_unit": "EA"
      },
      {
        "state": "NT",
        "price": "9995",
        "price_per_unit": "9995",
        "price_unit": "EA"
      }
    ]
  },
  {
    "source_url": "https://www.woolworths.com.au/shop/productdetails/1075564480/naturally-sweet-stevia-blend-25kg-bulk",
    "name": "Naturally Sweet Stevia Blend 25kg Bulk",
    "image_url": "https://cdn1.woolworths.media/content/wowproductimages/large/1075564480.jpg",
    "source_id": "Woolworths - 1075564480",
    "barcode": null,
    "shop": "Woolworths",
    "weight": "1EA",
    "prices": [
      {
        "state": "NSW",
        "price": "59995",
        "price_per_unit": "59995",
        "price_unit": "EA"
      },
      {
        "state": "VIC",
        "price": "59995",
        "price_per_unit": "59995",
        "price_unit": "EA"
      },
      {
        "state": "QLD",
        "price": "59995",
        "price_per_unit": "59995",
        "price_unit": "EA"
      },
      {
        "state": "WA",
        "price": "59995",
        "price_per_unit": "59995",
        "price_unit": "EA"
      },
      {
        "state": "SA",
        "price": "59995",
        "price_per_unit": "59995",
        "price_unit": "EA"
      },
      {
        "state": "TAS",
        "price": "59995",
        "price_per_unit": "59995",
        "price_unit": "EA"
      },
      {
        "state": "ACT",
        "price": "59995",
        "price_per_unit": "59995",
        "price_unit": "EA"
      },
      {
        "state": "NT",
        "price": "59995",
        "price_per_unit": "59995",
        "price_unit": "EA"
      }
    ]
  },
  {
    "source_url": "https://www.woolworths.com.au/shop/productdetails/1075561717/naturally-sweet-stevia-blend-500g-pouch-3-pack",
    "name": "Naturally Sweet Stevia Blend 500g Pouch 3 Pack",
    "image_url": "https://cdn1.woolworths.media/content/wowproductimages/large/1075561717.jpg",
    "source_id": "Woolworths - 1075561717",
    "barcode": null,
    "shop": "Woolworths",
    "weight": "1EA",
    "prices": [
      {
        "state": "NSW",
        "price": "8995",
        "price_per_unit": "2998",
        "price_unit": "EA"
      },
      {
        "state": "VIC",
        "price": "8995",
        "price_per_unit": "2998",
        "price_unit": "EA"
      },
      {
        "state": "QLD",
        "price": "8995",
        "price_per_unit": "2998",
        "price_unit": "EA"
      },
      {
        "state": "WA",
        "price": "8995",
        "price_per_unit": "2998",
        "price_unit": "EA"
      },
      {
        "state": "SA",
        "price": "8995",
        "price_per_unit": "2998",
        "price_unit": "EA"
      },
      {
        "state": "TAS",
        "price": "8995",
        "price_per_unit": "2998",
        "price_unit": "EA"
      },
      {
        "state": "ACT",
        "price": "8995",
        "price_per_unit": "2998",
        "price_unit": "EA"
      },
      {
        "state": "NT",
        "price": "8995",
        "price_per_unit": "2998",
        "price_unit": "EA"
      }
    ]
  },
  {
    "source_url": "https://www.woolworths.com.au/shop/productdetails/1075564482/naturally-sweet-stevia-organic-reba97-extract-powder-100g",
    "name": "Naturally Sweet Stevia Organic RebA97 Extract Powder 100g",
    "image_url": "https://cdn1.woolworths.media/content/wowproductimages/large/1075564482.jpg",
    "source_id": "Woolworths - 1075564482",
    "barcode": null,
    "shop": "Woolworths",
    "weight": "1EA",
    "prices": [
      {
        "state": "NSW",
        "price": "4995",
        "price_per_unit": "4995",
        "price_unit": "EA"
      },
      {
        "state": "VIC",
        "price": "4995",
        "price_per_unit": "4995",
        "price_unit": "EA"
      },
      {
        "state": "QLD",
        "price": "4995",
        "price_per_unit": "4995",
        "price_unit": "EA"
      },
      {
        "state": "WA",
        "price": "4995",
        "price_per_unit": "4995",
        "price_unit": "EA"
      },
      {
        "state": "SA",
        "price": "4995",
        "price_per_unit": "4995",
        "price_unit": "EA"
      },
      {
        "state": "TAS",
        "price": "4995",
        "price_per_unit": "4995",
        "price_unit": "EA"
      },
      {
        "state": "ACT",
        "price": "4995",
        "price_per_unit": "4995",
        "price_unit": "EA"
      },
      {
        "state": "NT",
        "price": "4995",
        "price_per_unit": "4995",
        "price_unit": "EA"
      }
    ]
  },
  {
    "source_url": "https://www.woolworths.com.au/shop/productdetails/1075564485/naturally-sweet-xylitol-1kg-pouch",
    "name": "Naturally Sweet Xylitol 1kg Pouch",
    "image_url": "https://cdn1.woolworths.media/content/wowproductimages/large/1075564485.jpg",
    "source_id": "Woolworths - 1075564485",
    "barcode": null,
    "shop": "Woolworths",
    "weight": "1EA",
    "prices": [
      {
        "state": "NSW",
        "price": "2795",
        "price_per_unit": "2795",
        "price_unit": "EA"
      },
      {
        "state": "VIC",
        "price": "2795",
        "price_per_unit": "2795",
        "price_unit": "EA"
      },
      {
        "state": "QLD",
        "price": "2795",
        "price_per_unit": "2795",
        "price_unit": "EA"
      },
      {
        "state": "WA",
        "price": "2795",
        "price_per_unit": "2795",
        "price_unit": "EA"
      },
      {
        "state": "SA",
        "price": "2795",
        "price_per_unit": "2795",
        "price_unit": "EA"
      },
      {
        "state": "TAS",
        "price": "2795",
        "price_per_unit": "2795",
        "price_unit": "EA"
      },
      {
        "state": "ACT",
        "price": "2795",
        "price_per_unit": "2795",
        "price_unit": "EA"
      },
      {
        "state": "NT",
        "price": "2795",
        "price_per_unit": "2795",
        "price_unit": "EA"
      }
    ]
  },
  {
    "source_url": "https://www.woolworths.com.au/shop/productdetails/1075564486/naturally-sweet-xylitol-1kg-pouch-6-pack",
    "name": "Naturally Sweet Xylitol 1kg Pouch 6 Pack",
    "image_url": "https://cdn1.woolworths.media/content/wowproductimages/large/1075564486.jpg",
    "source_id": "Woolworths - 1075564486",
    "barcode": null,
    "shop": "Woolworths",
    "weight": "1EA",
    "prices": [
      {
        "state": "NSW",
        "price": "12995",
        "price_per_unit": "2166",
        "price_unit": "EA"
      },
      {
        "state": "VIC",
        "price": "12995",
        "price_per_unit": "2166",
        "price_unit": "EA"
      },
      {
        "state": "QLD",
        "price": "12995",
        "price_per_unit": "2166",
        "price_unit": "EA"
      },
      {
        "state": "WA",
        "price": "12995",
        "price_per_unit": "2166",
        "price_unit": "EA"
      },
      {
        "state": "SA",
        "price": "12995",
        "price_per_unit": "2166",
        "price_unit": "EA"
      },
      {
        "state": "TAS",
        "price": "12995",
        "price_per_unit": "2166",
        "price_unit": "EA"
      },
      {
        "state": "ACT",
        "price": "12995",
        "price_per_unit": "2166",
        "price_unit": "EA"
      },
      {
        "state": "NT",
        "price": "12995",
        "price_per_unit": "2166",
        "price_unit": "EA"
      }
    ]
  },
  {
    "source_url": "https://www.woolworths.com.au/shop/productdetails/1075564487/naturally-sweet-xylitol-2-5kg-pouch",
    "name": "Naturally Sweet Xylitol 2.5kg Pouch",
    "image_url": "https://cdn1.woolworths.media/content/wowproductimages/large/1075564487.jpg",
    "source_id": "Woolworths - 1075564487",
    "barcode": null,
    "shop": "Woolworths",
    "weight": "1EA",
    "prices": [
      {
        "state": "NSW",
        "price": "5995",
        "price_per_unit": "5995",
        "price_unit": "EA"
      },
      {
        "state": "VIC",
        "price": "5995",
        "price_per_unit": "5995",
        "price_unit": "EA"
      },
      {
        "state": "QLD",
        "price": "5995",
        "price_per_unit": "5995",
        "price_unit": "EA"
      },
      {
        "state": "WA",
        "price": "5995",
        "price_per_unit": "5995",
        "price_unit": "EA"
      },
      {
        "state": "SA",
        "price": "5995",
        "price_per_unit": "5995",
        "price_unit": "EA"
      },
      {
        "state": "TAS",
        "price": "5995",
        "price_per_unit": "5995",
        "price_unit": "EA"
      },
      {
        "state": "ACT",
        "price": "5995",
        "price_per_unit": "5995",
        "price_unit": "EA"
      },
      {
        "state": "NT",
        "price": "5995",
        "price_per_unit": "5995",
        "price_unit": "EA"
      }
    ]
  },
  {
    "source_url": "https://www.woolworths.com.au/shop/productdetails/1075564483/naturally-sweet-xylitol-225g-pouch-3-pack",
    "name": "Naturally Sweet Xylitol 225g Pouch 3 Pack",
    "image_url": "https://cdn1.woolworths.media/content/wowproductimages/large/1075564483.jpg",
    "source_id": "Woolworths - 1075564483",
    "barcode": null,
    "shop": "Woolworths",
    "weight": "1EA",
    "prices": [
      {
        "state": "NSW",
        "price": "2995",
        "price_per_unit": "998",
        "price_unit": "EA"
      },
      {
        "state": "VIC",
        "price": "2995",
        "price_per_unit": "998",
        "price_unit": "EA"
      },
      {
        "state": "QLD",
        "price": "2995",
        "price_per_unit": "998",
        "price_unit": "EA"
      },
      {
        "state": "WA",
        "price": "2995",
        "price_per_unit": "998",
        "price_unit": "EA"
      },
      {
        "state": "SA",
        "price": "2995",
        "price_per_unit": "998",
        "price_unit": "EA"
      },
      {
        "state": "TAS",
        "price": "2995",
        "price_per_unit": "998",
        "price_unit": "EA"
      },
      {
        "state": "ACT",
        "price": "2995",
        "price_per_unit": "998",
        "price_unit": "EA"
      },
      {
        "state": "NT",
        "price": "2995",
        "price_per_unit": "998",
        "price_unit": "EA"
      }
    ]
  },
  {
    "source_url": "https://www.woolworths.com.au/shop/productdetails/1075564484/naturally-sweet-xylitol-500g-pouch-3-pack",
    "name": "Naturally Sweet Xylitol 500g Pouch 3 Pack",
    "image_url": "https://cdn1.woolworths.media/content/wowproductimages/large/1075564484.jpg",
    "source_id": "Woolworths - 1075564484",
    "barcode": null,
    "shop": "Woolworths",
    "weight": "1EA",
    "prices": [
      {
        "state": "NSW",
        "price": "4995",
        "price_per_unit": "1665",
        "price_unit": "EA"
      },
      {
        "state": "VIC",
        "price": "4995",
        "price_per_unit": "1665",
        "price_unit": "EA"
      },
      {
        "state": "QLD",
        "price": "4995",
        "price_per_unit": "1665",
        "price_unit": "EA"
      },
      {
        "state": "WA",
        "price": "4995",
        "price_per_unit": "1665",
        "price_unit": "EA"
      },
      {
        "state": "SA",
        "price": "4995",
        "price_per_unit": "1665",
        "price_unit": "EA"
      },
      {
        "state": "TAS",
        "price": "4995",
        "price_per_unit": "1665",
        "price_unit": "EA"
      },
      {
        "state": "ACT",
        "price": "4995",
        "price_per_unit": "1665",
        "price_unit": "EA"
      },
      {
        "state": "NT",
        "price": "4995",
        "price_per_unit": "1665",
        "price_unit": "EA"
      }
    ]
  },
  {
    "source_url": "https://www.woolworths.com.au/shop/productdetails/1075557211/natvia-natural-sweetener-sticks-2g-500-pack-carton-bulk-box",
    "name": "Natvia Natural Sweetener Sticks 2g 500 Pack Carton Bulk Box",
    "image_url": "https://cdn1.woolworths.media/content/wowproductimages/large/1075557211.jpg",
    "source_id": "Woolworths - 1075557211",
    "barcode": null,
    "shop": "Woolworths",
    "weight": "100EA",
    "prices": [
      {
        "state": "NSW",
        "price": "7995",
        "price_per_unit": "1599",
        "price_unit": "EA"
      },
      {
        "state": "VIC",
        "price": "7995",
        "price_per_unit": "1599",
        "price_unit": "EA"
      },
      {
        "state": "QLD",
        "price": "7995",
        "price_per_unit": "1599",
        "price_unit": "EA"
      },
      {
        "state": "WA",
        "price": "7995",
        "price_per_unit": "1599",
        "price_unit": "EA"
      },
      {
        "state": "SA",
        "price": "7995",
        "price_per_unit": "1599",
        "price_unit": "EA"
      },
      {
        "state": "TAS",
        "price": "7995",
        "price_per_unit": "1599",
        "price_unit": "EA"
      },
      {
        "state": "ACT",
        "price": "7995",
        "price_per_unit": "1599",
        "price_unit": "EA"
      },
      {
        "state": "NT",
        "price": "7995",
        "price_per_unit": "1599",
        "price_unit": "EA"
      }
    ]
  },
  {
    "source_url": "https://www.woolworths.com.au/shop/productdetails/1075341027/nirvana-organics-pure-stevia-extract-powder-100g",
    "name": "Nirvana Organics Pure Stevia Extract Powder 100g",
    "image_url": "https://cdn1.woolworths.media/content/wowproductimages/large/1075341027.jpg",
    "source_id": "Woolworths - 1075341027",
    "barcode": null,
    "shop": "Woolworths",
    "weight": "100G",
    "prices": [
      {
        "state": "NSW",
        "price": "4295",
        "price_per_unit": "4295",
        "price_unit": "G"
      },
      {
        "state": "VIC",
        "price": "4295",
        "price_per_unit": "4295",
        "price_unit": "G"
      },
      {
        "state": "QLD",
        "price": "4295",
        "price_per_unit": "4295",
        "price_unit": "G"
      },
      {
        "state": "WA",
        "price": "4295",
        "price_per_unit": "4295",
        "price_unit": "G"
      },
      {
        "state": "SA",
        "price": "4295",
        "price_per_unit": "4295",
        "price_unit": "G"
      },
      {
        "state": "TAS",
        "price": "4295",
        "price_per_unit": "4295",
        "price_unit": "G"
      },
      {
        "state": "ACT",
        "price": "4295",
        "price_per_unit": "4295",
        "price_unit": "G"
      },
      {
        "state": "NT",
        "price": "4295",
        "price_per_unit": "4295",
        "price_unit": "G"
      }
    ]
  },
  {
    "source_url": "https://www.woolworths.com.au/shop/productdetails/1075347060/nirvana-organics-stevia-150-tablets",
    "name": "Nirvana Organics Stevia 150 Tablets",
    "image_url": "https://cdn1.woolworths.media/content/wowproductimages/large/1075347060.jpg",
    "source_id": "Woolworths - 1075347060",
    "barcode": null,
    "shop": "Woolworths",
    "weight": "1EA",
    "prices": [
      {
        "state": "NSW",
        "price": "1295",
        "price_per_unit": "9",
        "price_unit": "EA"
      },
      {
        "state": "VIC",
        "price": "1295",
        "price_per_unit": "9",
        "price_unit": "EA"
      },
      {
        "state": "QLD",
        "price": "1295",
        "price_per_unit": "9",
        "price_unit": "EA"
      },
      {
        "state": "WA",
        "price": "1295",
        "price_per_unit": "9",
        "price_unit": "EA"
      },
      {
        "state": "SA",
        "price": "1295",
        "price_per_unit": "9",
        "price_unit": "EA"
      },
      {
        "state": "TAS",
        "price": "1295",
        "price_per_unit": "9",
        "price_unit": "EA"
      },
      {
        "state": "ACT",
        "price": "1295",
        "price_per_unit": "9",
        "price_unit": "EA"
      },
      {
        "state": "NT",
        "price": "1295",
        "price_per_unit": "9",
        "price_unit": "EA"
      }
    ]
  },
  {
    "source_url": "https://www.woolworths.com.au/shop/productdetails/1075479576/nirvana-organics-stevia-500-tablets",
    "name": "Nirvana Organics Stevia 500 Tablets",
    "image_url": "https://cdn1.woolworths.media/content/wowproductimages/large/1075479576.jpg",
    "source_id": "Woolworths - 1075479576",
    "barcode": null,
    "shop": "Woolworths",
    "weight": "100EA",
    "prices": [
      {
        "state": "NSW",
        "price": "2995",
        "price_per_unit": "599",
        "price_unit": "EA"
      },
      {
        "state": "VIC",
        "price": "2995",
        "price_per_unit": "599",
        "price_unit": "EA"
      },
      {
        "state": "QLD",
        "price": "2995",
        "price_per_unit": "599",
        "price_unit": "EA"
      },
      {
        "state": "WA",
        "price": "2995",
        "price_per_unit": "599",
        "price_unit": "EA"
      },
      {
        "state": "SA",
        "price": "2995",
        "price_per_unit": "599",
        "price_unit": "EA"
      },
      {
        "state": "TAS",
        "price": "2995",
        "price_per_unit": "599",
        "price_unit": "EA"
      },
      {
        "state": "ACT",
        "price": "2995",
        "price_per_unit": "599",
        "price_unit": "EA"
      },
      {
        "state": "NT",
        "price": "2995",
        "price_per_unit": "599",
        "price_unit": "EA"
      }
    ]
  },
  {
    "source_url": "https://www.woolworths.com.au/shop/productdetails/1075345570/nirvana-organics-stevia-extract-powder-30g",
    "name": "Nirvana Organics Stevia Extract Powder 30g",
    "image_url": "https://cdn1.woolworths.media/content/wowproductimages/large/1075345570.jpg",
    "source_id": "Woolworths - 1075345570",
    "barcode": null,
    "shop": "Woolworths",
    "weight": "100G",
    "prices": [
      {
        "state": "NSW",
        "price": "1495",
        "price_per_unit": "4983",
        "price_unit": "G"
      },
      {
        "state": "VIC",
        "price": "1495",
        "price_per_unit": "4983",
        "price_unit": "G"
      },
      {
        "state": "QLD",
        "price": "1495",
        "price_per_unit": "4983",
        "price_unit": "G"
      },
      {
        "state": "WA",
        "price": "1495",
        "price_per_unit": "4983",
        "price_unit": "G"
      },
      {
        "state": "SA",
        "price": "1495",
        "price_per_unit": "4983",
        "price_unit": "G"
      },
      {
        "state": "TAS",
        "price": "1495",
        "price_per_unit": "4983",
        "price_unit": "G"
      },
      {
        "state": "ACT",
        "price": "1495",
        "price_per_unit": "4983",
        "price_unit": "G"
      },
      {
        "state": "NT",
        "price": "1495",
        "price_per_unit": "4983",
        "price_unit": "G"
      }
    ]
  },
  {
    "source_url": "https://www.woolworths.com.au/shop/productdetails/1075345206/nirvana-organics-stevia-liquid-30ml",
    "name": "Nirvana Organics Stevia Liquid 30ml",
    "image_url": "https://cdn1.woolworths.media/content/wowproductimages/large/1075345206.jpg",
    "source_id": "Woolworths - 1075345206",
    "barcode": null,
    "shop": "Woolworths",
    "weight": "100ML",
    "prices": [
      {
        "state": "NSW",
        "price": "895",
        "price_per_unit": "2983",
        "price_unit": "ML"
      },
      {
        "state": "VIC",
        "price": "895",
        "price_per_unit": "2983",
        "price_unit": "ML"
      },
      {
        "state": "QLD",
        "price": "895",
        "price_per_unit": "2983",
        "price_unit": "ML"
      },
      {
        "state": "WA",
        "price": "895",
        "price_per_unit": "2983",
        "price_unit": "ML"
      },
      {
        "state": "SA",
        "price": "895",
        "price_per_unit": "2983",
        "price_unit": "ML"
      },
      {
        "state": "TAS",
        "price": "895",
        "price_per_unit": "2983",
        "price_unit": "ML"
      },
      {
        "state": "ACT",
        "price": "895",
        "price_per_unit": "2983",
        "price_unit": "ML"
      },
      {
        "state": "NT",
        "price": "895",
        "price_per_unit": "2983",
        "price_unit": "ML"
      }
    ]
  },
  {
    "source_url": "https://www.woolworths.com.au/shop/productdetails/1075346295/nirvana-organics-stevia-liquid-50ml",
    "name": "Nirvana Organics Stevia Liquid 50Ml",
    "image_url": "https://cdn1.woolworths.media/content/wowproductimages/large/1075346295.jpg",
    "source_id": "Woolworths - 1075346295",
    "barcode": null,
    "shop": "Woolworths",
    "weight": "100ML",
    "prices": [
      {
        "state": "NSW",
        "price": "1595",
        "price_per_unit": "3190",
        "price_unit": "ML"
      },
      {
        "state": "VIC",
        "price": "1595",
        "price_per_unit": "3190",
        "price_unit": "ML"
      },
      {
        "state": "QLD",
        "price": "1595",
        "price_per_unit": "3190",
        "price_unit": "ML"
      },
      {
        "state": "WA",
        "price": "1595",
        "price_per_unit": "3190",
        "price_unit": "ML"
      },
      {
        "state": "SA",
        "price": "1595",
        "price_per_unit": "3190",
        "price_unit": "ML"
      },
      {
        "state": "TAS",
        "price": "1595",
        "price_per_unit": "3190",
        "price_unit": "ML"
      },
      {
        "state": "ACT",
        "price": "1595",
        "price_per_unit": "3190",
        "price_unit": "ML"
      },
      {
        "state": "NT",
        "price": "1595",
        "price_per_unit": "3190",
        "price_unit": "ML"
      }
    ]
  },
  {
    "source_url": "https://www.woolworths.com.au/shop/productdetails/1074709488/orku-1-2kg-xylitol-crystal-powder-bucket-usp-fcc-natural-sweetener-sugar-substitute",
    "name": "Orku 1.2Kg Xylitol Crystal Powder Bucket USP FCC Natural Sweetener Sugar Substitute",
    "image_url": "https://cdn1.woolworths.media/content/wowproductimages/large/1074709488.jpg",
    "source_id": "Woolworths - 1074709488",
    "barcode": null,
    "shop": "Woolworths",
    "weight": "100G",
    "prices": [
      {
        "state": "NSW",
        "price": "8399",
        "price_per_unit": "700",
        "price_unit": "G"
      },
      {
        "state": "VIC",
        "price": "8399",
        "price_per_unit": "700",
        "price_unit": "G"
      },
      {
        "state": "QLD",
        "price": "8399",
        "price_per_unit": "700",
        "price_unit": "G"
      },
      {
        "state": "WA",
        "price": "8399",
        "price_per_unit": "700",
        "price_unit": "G"
      },
      {
        "state": "SA",
        "price": "8399",
        "price_per_unit": "700",
        "price_unit": "G"
      },
      {
        "state": "TAS",
        "price": "8399",
        "price_per_unit": "700",
        "price_unit": "G"
      },
      {
        "state": "ACT",
        "price": "8399",
        "price_per_unit": "700",
        "price_unit": "G"
      },
      {
        "state": "NT",
        "price": "8399",
        "price_per_unit": "700",
        "price_unit": "G"
      }
    ]
  },
  {
    "source_url": "https://www.woolworths.com.au/shop/productdetails/1074709563/orku-100g-xylitol-crystal-powder-usp-fcc-natural-sweetener-sugar-substitute-corn",
    "name": "Orku 100g Xylitol Crystal Powder USP FCC Natural Sweetener Sugar Substitute Corn",
    "image_url": "https://cdn1.woolworths.media/content/wowproductimages/large/1074709563.jpg",
    "source_id": "Woolworths - 1074709563",
    "barcode": null,
    "shop": "Woolworths",
    "weight": "100G",
    "prices": [
      {
        "state": "NSW",
        "price": "2999",
        "price_per_unit": "2999",
        "price_unit": "G"
      },
      {
        "state": "VIC",
        "price": "2999",
        "price_per_unit": "2999",
        "price_unit": "G"
      },
      {
        "state": "QLD",
        "price": "2999",
        "price_per_unit": "2999",
        "price_unit": "G"
      },
      {
        "state": "WA",
        "price": "2999",
        "price_per_unit": "2999",
        "price_unit": "G"
      },
      {
        "state": "SA",
        "price": "2999",
        "price_per_unit": "2999",
        "price_unit": "G"
      },
      {
        "state": "TAS",
        "price": "2999",
        "price_per_unit": "2999",
        "price_unit": "G"
      },
      {
        "state": "ACT",
        "price": "2999",
        "price_per_unit": "2999",
        "price_unit": "G"
      },
      {
        "state": "NT",
        "price": "2999",
        "price_per_unit": "2999",
        "price_unit": "G"
      }
    ]
  },
  {
    "source_url": "https://www.woolworths.com.au/shop/productdetails/1074709636/orku-10kg-xylitol-crystal-powder-usp-fcc-natural-sweetener-sugar-substitute-corn",
    "name": "Orku 10Kg Xylitol Crystal Powder USP FCC Natural Sweetener Sugar Substitute Corn",
    "image_url": "https://cdn1.woolworths.media/content/wowproductimages/large/1074709636.jpg",
    "source_id": "Woolworths - 1074709636",
    "barcode": null,
    "shop": "Woolworths",
    "weight": "100G",
    "prices": [
      {
        "state": "NSW",
        "price": "30999",
        "price_per_unit": "310",
        "price_unit": "G"
      },
      {
        "state": "VIC",
        "price": "30999",
        "price_per_unit": "310",
        "price_unit": "G"
      },
      {
        "state": "QLD",
        "price": "30999",
        "price_per_unit": "310",
        "price_unit": "G"
      },
      {
        "state": "WA",
        "price": "30999",
        "price_per_unit": "310",
        "price_unit": "G"
      },
      {
        "state": "SA",
        "price": "30999",
        "price_per_unit": "310",
        "price_unit": "G"
      },
      {
        "state": "TAS",
        "price": "30999",
        "price_per_unit": "310",
        "price_unit": "G"
      },
      {
        "state": "ACT",
        "price": "30999",
        "price_per_unit": "310",
        "price_unit": "G"
      },
      {
        "state": "NT",
        "price": "30999",
        "price_per_unit": "310",
        "price_unit": "G"
      }
    ]
  },
  {
    "source_url": "https://www.woolworths.com.au/shop/productdetails/1074709825/orku-1kg-xylitol-crystal-powder-usp-fcc-natural-sweetener-sugar-substitute-corn",
    "name": "Orku 1Kg Xylitol Crystal Powder USP FCC Natural Sweetener Sugar Substitute Corn",
    "image_url": "https://cdn1.woolworths.media/content/wowproductimages/large/1074709825.jpg",
    "source_id": "Woolworths - 1074709825",
    "barcode": null,
    "shop": "Woolworths",
    "weight": "100G",
    "prices": [
      {
        "state": "NSW",
        "price": "6599",
        "price_per_unit": "660",
        "price_unit": "G"
      },
      {
        "state": "VIC",
        "price": "6599",
        "price_per_unit": "660",
        "price_unit": "G"
      },
      {
        "state": "QLD",
        "price": "6599",
        "price_per_unit": "660",
        "price_unit": "G"
      },
      {
        "state": "WA",
        "price": "6599",
        "price_per_unit": "660",
        "price_unit": "G"
      },
      {
        "state": "SA",
        "price": "6599",
        "price_per_unit": "660",
        "price_unit": "G"
      },
      {
        "state": "TAS",
        "price": "6599",
        "price_per_unit": "660",
        "price_unit": "G"
      },
      {
        "state": "ACT",
        "price": "6599",
        "price_per_unit": "660",
        "price_unit": "G"
      },
      {
        "state": "NT",
        "price": "6599",
        "price_per_unit": "660",
        "price_unit": "G"
      }
    ]
  },
  {
    "source_url": "https://www.woolworths.com.au/shop/productdetails/1074709905/orku-20kg-xylitol-crystal-powder-usp-fcc-natural-sweetener-sugar-substitute-corn",
    "name": "Orku 20Kg Xylitol Crystal Powder USP FCC Natural Sweetener Sugar Substitute Corn",
    "image_url": "https://cdn1.woolworths.media/content/wowproductimages/large/1074709905.jpg",
    "source_id": "Woolworths - 1074709905",
    "barcode": null,
    "shop": "Woolworths",
    "weight": "100G",
    "prices": [
      {
        "state": "NSW",
        "price": "58999",
        "price_per_unit": "295",
        "price_unit": "G"
      },
      {
        "state": "VIC",
        "price": "58999",
        "price_per_unit": "295",
        "price_unit": "G"
      },
      {
        "state": "QLD",
        "price": "58999",
        "price_per_unit": "295",
        "price_unit": "G"
      },
      {
        "state": "WA",
        "price": "58999",
        "price_per_unit": "295",
        "price_unit": "G"
      },
      {
        "state": "SA",
        "price": "58999",
        "price_per_unit": "295",
        "price_unit": "G"
      },
      {
        "state": "TAS",
        "price": "58999",
        "price_per_unit": "295",
        "price_unit": "G"
      },
      {
        "state": "ACT",
        "price": "58999",
        "price_per_unit": "295",
        "price_unit": "G"
      },
      {
        "state": "NT",
        "price": "58999",
        "price_per_unit": "295",
        "price_unit": "G"
      }
    ]
  },
  {
    "source_url": "https://www.woolworths.com.au/shop/productdetails/1074709997/orku-2kg-xylitol-crystal-powder-usp-fcc-natural-sweetener-sugar-substitute-corn",
    "name": "Orku 2Kg Xylitol Crystal Powder USP FCC Natural Sweetener Sugar Substitute Corn",
    "image_url": "https://cdn1.woolworths.media/content/wowproductimages/large/1074709997.jpg",
    "source_id": "Woolworths - 1074709997",
    "barcode": null,
    "shop": "Woolworths",
    "weight": "100G",
    "prices": [
      {
        "state": "NSW",
        "price": "9999",
        "price_per_unit": "500",
        "price_unit": "G"
      },
      {
        "state": "VIC",
        "price": "9999",
        "price_per_unit": "500",
        "price_unit": "G"
      },
      {
        "state": "QLD",
        "price": "9999",
        "price_per_unit": "500",
        "price_unit": "G"
      },
      {
        "state": "WA",
        "price": "9999",
        "price_per_unit": "500",
        "price_unit": "G"
      },
      {
        "state": "SA",
        "price": "9999",
        "price_per_unit": "500",
        "price_unit": "G"
      },
      {
        "state": "TAS",
        "price": "9999",
        "price_per_unit": "500",
        "price_unit": "G"
      },
      {
        "state": "ACT",
        "price": "9999",
        "price_per_unit": "500",
        "price_unit": "G"
      },
      {
        "state": "NT",
        "price": "9999",
        "price_per_unit": "500",
        "price_unit": "G"
      }
    ]
  },
  {
    "source_url": "https://www.woolworths.com.au/shop/productdetails/1074710285/orku-400g-xylitol-crystal-powder-usp-fcc-natural-sweetener-sugar-substitute-corn",
    "name": "Orku 400g Xylitol Crystal Powder USP FCC Natural Sweetener Sugar Substitute Corn",
    "image_url": "https://cdn1.woolworths.media/content/wowproductimages/large/1074710285.jpg",
    "source_id": "Woolworths - 1074710285",
    "barcode": null,
    "shop": "Woolworths",
    "weight": "100G",
    "prices": [
      {
        "state": "NSW",
        "price": "3899",
        "price_per_unit": "975",
        "price_unit": "G"
      },
      {
        "state": "VIC",
        "price": "3899",
        "price_per_unit": "975",
        "price_unit": "G"
      },
      {
        "state": "QLD",
        "price": "3899",
        "price_per_unit": "975",
        "price_unit": "G"
      },
      {
        "state": "WA",
        "price": "3899",
        "price_per_unit": "975",
        "price_unit": "G"
      },
      {
        "state": "SA",
        "price": "3899",
        "price_per_unit": "975",
        "price_unit": "G"
      },
      {
        "state": "TAS",
        "price": "3899",
        "price_per_unit": "975",
        "price_unit": "G"
      },
      {
        "state": "ACT",
        "price": "3899",
        "price_per_unit": "975",
        "price_unit": "G"
      },
      {
        "state": "NT",
        "price": "3899",
        "price_per_unit": "975",
        "price_unit": "G"
      }
    ]
  },
  {
    "source_url": "https://www.woolworths.com.au/shop/productdetails/1074885688/orku-5kg-xylitol-crystal-powder-bucket-usp-fcc-natural-sweetener-sugar-substitute",
    "name": "Orku 5Kg Xylitol Crystal Powder Bucket USP FCC Natural Sweetener Sugar Substitute",
    "image_url": "https://cdn1.woolworths.media/content/wowproductimages/large/1074885688.jpg",
    "source_id": "Woolworths - 1074885688",
    "barcode": null,
    "shop": "Woolworths",
    "weight": null,
    "prices": [
      null,
      null,
      null
    ]
  },
  {
    "source_url": "https://www.woolworths.com.au/shop/productdetails/1074885687/orku-5kg-xylitol-crystal-powder-usp-fcc-natural-sweetener-sugar-substitute-corn",
    "name": "Orku 5Kg Xylitol Crystal Powder USP FCC Natural Sweetener Sugar Substitute Corn",
    "image_url": "https://cdn1.woolworths.media/content/wowproductimages/large/1074885687.jpg",
    "source_id": "Woolworths - 1074885687",
    "barcode": null,
    "shop": "Woolworths",
    "weight": "100G",
    "prices": [
      {
        "state": "NSW",
        "price": "18999",
        "price_per_unit": "380",
        "price_unit": "G"
      },
      {
        "state": "VIC",
        "price": "18999",
        "price_per_unit": "380",
        "price_unit": "G"
      },
      {
        "state": "QLD",
        "price": "18999",
        "price_per_unit": "380",
        "price_unit": "G"
      },
      {
        "state": "WA",
        "price": "18999",
        "price_per_unit": "380",
        "price_unit": "G"
      },
      {
        "state": "SA",
        "price": "18999",
        "price_per_unit": "380",
        "price_unit": "G"
      },
      {
        "state": "TAS",
        "price": "18999",
        "price_per_unit": "380",
        "price_unit": "G"
      },
      {
        "state": "ACT",
        "price": "18999",
        "price_per_unit": "380",
        "price_unit": "G"
      },
      {
        "state": "NT",
        "price": "18999",
        "price_per_unit": "380",
        "price_unit": "G"
      }
    ]
  },
  {
    "source_url": "https://www.woolworths.com.au/shop/productdetails/1074432800/pure-product-australia-erythritol-100-natural-sweetener-1kg-no-shaker-glass",
    "name": "Pure Product Australia Erythritol 100% Natural Sweetener 1kg No Shaker Glass",
    "image_url": "https://cdn1.woolworths.media/content/wowproductimages/large/1074432800.jpg",
    "source_id": "Woolworths - 1074432800",
    "barcode": null,
    "shop": "Woolworths",
    "weight": "100G",
    "prices": [
      {
        "state": "NSW",
        "price": "3395",
        "price_per_unit": "340",
        "price_unit": "G"
      },
      {
        "state": "VIC",
        "price": "3395",
        "price_per_unit": "340",
        "price_unit": "G"
      },
      {
        "state": "QLD",
        "price": "3395",
        "price_per_unit": "340",
        "price_unit": "G"
      },
      {
        "state": "WA",
        "price": "3395",
        "price_per_unit": "340",
        "price_unit": "G"
      },
      {
        "state": "SA",
        "price": "3395",
        "price_per_unit": "340",
        "price_unit": "G"
      },
      {
        "state": "TAS",
        "price": "3395",
        "price_per_unit": "340",
        "price_unit": "G"
      },
      {
        "state": "ACT",
        "price": "3395",
        "price_per_unit": "340",
        "price_unit": "G"
      },
      {
        "state": "NT",
        "price": "3395",
        "price_per_unit": "340",
        "price_unit": "G"
      }
    ]
  },
  {
    "source_url": "https://www.woolworths.com.au/shop/productdetails/1075446659/pure-product-australia-erythritol-100-natural-sweetener-1kg-with-shaker-glass",
    "name": "Pure Product Australia Erythritol 100% Natural Sweetener 1kg with Shaker Glass",
    "image_url": "https://cdn1.woolworths.media/content/wowproductimages/large/1075446659.jpg",
    "source_id": "Woolworths - 1075446659",
    "barcode": null,
    "shop": "Woolworths",
    "weight": "1EA",
    "prices": [
      {
        "state": "NSW",
        "price": "4395",
        "price_per_unit": "4395",
        "price_unit": "EA"
      },
      {
        "state": "VIC",
        "price": "4395",
        "price_per_unit": "4395",
        "price_unit": "EA"
      },
      {
        "state": "QLD",
        "price": "4395",
        "price_per_unit": "4395",
        "price_unit": "EA"
      },
      {
        "state": "WA",
        "price": "4395",
        "price_per_unit": "4395",
        "price_unit": "EA"
      },
      {
        "state": "SA",
        "price": "4395",
        "price_per_unit": "4395",
        "price_unit": "EA"
      },
      {
        "state": "TAS",
        "price": "4395",
        "price_per_unit": "4395",
        "price_unit": "EA"
      },
      {
        "state": "ACT",
        "price": "4395",
        "price_per_unit": "4395",
        "price_unit": "EA"
      },
      {
        "state": "NT",
        "price": "4395",
        "price_per_unit": "4395",
        "price_unit": "EA"
      }
    ]
  },
  {
    "source_url": "https://www.woolworths.com.au/shop/productdetails/1074432802/pure-product-australia-erythritol-100-natural-sweetener-2kg",
    "name": "Pure Product Australia Erythritol 100% Natural Sweetener 2kg",
    "image_url": "https://cdn1.woolworths.media/content/wowproductimages/large/1074432802.jpg",
    "source_id": "Woolworths - 1074432802",
    "barcode": null,
    "shop": "Woolworths",
    "weight": "100G",
    "prices": [
      {
        "state": "NSW",
        "price": "5395",
        "price_per_unit": "270",
        "price_unit": "G"
      },
      {
        "state": "VIC",
        "price": "5395",
        "price_per_unit": "270",
        "price_unit": "G"
      },
      {
        "state": "QLD",
        "price": "5395",
        "price_per_unit": "270",
        "price_unit": "G"
      },
      {
        "state": "WA",
        "price": "5395",
        "price_per_unit": "270",
        "price_unit": "G"
      },
      {
        "state": "SA",
        "price": "5395",
        "price_per_unit": "270",
        "price_unit": "G"
      },
      {
        "state": "TAS",
        "price": "5395",
        "price_per_unit": "270",
        "price_unit": "G"
      },
      {
        "state": "ACT",
        "price": "5395",
        "price_per_unit": "270",
        "price_unit": "G"
      },
      {
        "state": "NT",
        "price": "5395",
        "price_per_unit": "270",
        "price_unit": "G"
      }
    ]
  },
  {
    "source_url": "https://www.woolworths.com.au/shop/productdetails/1075446660/pure-product-australia-erythritol-100-natural-sweetener-2kg-with-shaker-glass",
    "name": "Pure Product Australia Erythritol 100% Natural Sweetener 2kg with Shaker Glass",
    "image_url": "https://cdn1.woolworths.media/content/wowproductimages/large/1075446660.jpg",
    "source_id": "Woolworths - 1075446660",
    "barcode": null,
    "shop": "Woolworths",
    "weight": "1EA",
    "prices": [
      {
        "state": "NSW",
        "price": "6395",
        "price_per_unit": "6395",
        "price_unit": "EA"
      },
      {
        "state": "VIC",
        "price": "6395",
        "price_per_unit": "6395",
        "price_unit": "EA"
      },
      {
        "state": "QLD",
        "price": "6395",
        "price_per_unit": "6395",
        "price_unit": "EA"
      },
      {
        "state": "WA",
        "price": "6395",
        "price_per_unit": "6395",
        "price_unit": "EA"
      },
      {
        "state": "SA",
        "price": "6395",
        "price_per_unit": "6395",
        "price_unit": "EA"
      },
      {
        "state": "TAS",
        "price": "6395",
        "price_per_unit": "6395",
        "price_unit": "EA"
      },
      {
        "state": "ACT",
        "price": "6395",
        "price_per_unit": "6395",
        "price_unit": "EA"
      },
      {
        "state": "NT",
        "price": "6395",
        "price_per_unit": "6395",
        "price_unit": "EA"
      }
    ]
  },
  {
    "source_url": "https://www.woolworths.com.au/shop/productdetails/1074432798/pure-product-australia-erythritol-100-natural-sweetener-500g",
    "name": "Pure Product Australia Erythritol 100% Natural Sweetener 500g",
    "image_url": "https://cdn1.woolworths.media/content/wowproductimages/large/1074432798.jpg",
    "source_id": "Woolworths - 1074432798",
    "barcode": null,
    "shop": "Woolworths",
    "weight": "100G",
    "prices": [
      {
        "state": "NSW",
        "price": "2795",
        "price_per_unit": "559",
        "price_unit": "G"
      },
      {
        "state": "VIC",
        "price": "2795",
        "price_per_unit": "559",
        "price_unit": "G"
      },
      {
        "state": "QLD",
        "price": "2795",
        "price_per_unit": "559",
        "price_unit": "G"
      },
      {
        "state": "WA",
        "price": "2795",
        "price_per_unit": "559",
        "price_unit": "G"
      },
      {
        "state": "SA",
        "price": "2795",
        "price_per_unit": "559",
        "price_unit": "G"
      },
      {
        "state": "TAS",
        "price": "2795",
        "price_per_unit": "559",
        "price_unit": "G"
      },
      {
        "state": "ACT",
        "price": "2795",
        "price_per_unit": "559",
        "price_unit": "G"
      },
      {
        "state": "NT",
        "price": "2795",
        "price_per_unit": "559",
        "price_unit": "G"
      }
    ]
  },
  {
    "source_url": "https://www.woolworths.com.au/shop/productdetails/1075446658/pure-product-australia-erythritol-100-natural-sweetener-500g-with-shaker-glass",
    "name": "Pure Product Australia Erythritol 100% Natural Sweetener 500g with Shaker Glass",
    "image_url": "https://cdn1.woolworths.media/content/wowproductimages/large/1075446658.jpg",
    "source_id": "Woolworths - 1075446658",
    "barcode": null,
    "shop": "Woolworths",
    "weight": "1EA",
    "prices": [
      {
        "state": "NSW",
        "price": "3795",
        "price_per_unit": "3795",
        "price_unit": "EA"
      },
      {
        "state": "VIC",
        "price": "3795",
        "price_per_unit": "3795",
        "price_unit": "EA"
      },
      {
        "state": "QLD",
        "price": "3795",
        "price_per_unit": "3795",
        "price_unit": "EA"
      },
      {
        "state": "WA",
        "price": "3795",
        "price_per_unit": "3795",
        "price_unit": "EA"
      },
      {
        "state": "SA",
        "price": "3795",
        "price_per_unit": "3795",
        "price_unit": "EA"
      },
      {
        "state": "TAS",
        "price": "3795",
        "price_per_unit": "3795",
        "price_unit": "EA"
      },
      {
        "state": "ACT",
        "price": "3795",
        "price_per_unit": "3795",
        "price_unit": "EA"
      },
      {
        "state": "NT",
        "price": "3795",
        "price_per_unit": "3795",
        "price_unit": "EA"
      }
    ]
  },
  {
    "source_url": "https://www.woolworths.com.au/shop/productdetails/1074433114/pure-product-australia-organic-stevia-100-natural-sweetener-1kg",
    "name": "Pure Product Australia Organic Stevia 100% Natural Sweetener 1KG",
    "image_url": "https://cdn1.woolworths.media/content/wowproductimages/large/1074433114.jpg",
    "source_id": "Woolworths - 1074433114",
    "barcode": null,
    "shop": "Woolworths",
    "weight": "100G",
    "prices": [
      {
        "state": "NSW",
        "price": "3883",
        "price_per_unit": "388",
        "price_unit": "G"
      },
      {
        "state": "VIC",
        "price": "3883",
        "price_per_unit": "388",
        "price_unit": "G"
      },
      {
        "state": "QLD",
        "price": "3883",
        "price_per_unit": "388",
        "price_unit": "G"
      },
      {
        "state": "WA",
        "price": "3883",
        "price_per_unit": "388",
        "price_unit": "G"
      },
      {
        "state": "SA",
        "price": "3883",
        "price_per_unit": "388",
        "price_unit": "G"
      },
      {
        "state": "TAS",
        "price": "3883",
        "price_per_unit": "388",
        "price_unit": "G"
      },
      {
        "state": "ACT",
        "price": "3883",
        "price_per_unit": "388",
        "price_unit": "G"
      },
      {
        "state": "NT",
        "price": "3883",
        "price_per_unit": "388",
        "price_unit": "G"
      }
    ]
  },
  {
    "source_url": "https://www.woolworths.com.au/shop/productdetails/1075446717/pure-product-australia-organic-stevia-100-natural-sweetener-1kg-with-shaker-glass",
    "name": "Pure Product Australia Organic Stevia 100% Natural Sweetener 1KG with Shaker Glass",
    "image_url": "https://cdn1.woolworths.media/content/wowproductimages/large/1075446717.jpg",
    "source_id": "Woolworths - 1075446717",
    "barcode": null,
    "shop": "Woolworths",
    "weight": "1EA",
    "prices": [
      {
        "state": "NSW",
        "price": "4883",
        "price_per_unit": "4883",
        "price_unit": "EA"
      },
      {
        "state": "VIC",
        "price": "4883",
        "price_per_unit": "4883",
        "price_unit": "EA"
      },
      {
        "state": "QLD",
        "price": "4883",
        "price_per_unit": "4883",
        "price_unit": "EA"
      },
      {
        "state": "WA",
        "price": "4883",
        "price_per_unit": "4883",
        "price_unit": "EA"
      },
      {
        "state": "SA",
        "price": "4883",
        "price_per_unit": "4883",
        "price_unit": "EA"
      },
      {
        "state": "TAS",
        "price": "4883",
        "price_per_unit": "4883",
        "price_unit": "EA"
      },
      {
        "state": "ACT",
        "price": "4883",
        "price_per_unit": "4883",
        "price_unit": "EA"
      },
      {
        "state": "NT",
        "price": "4883",
        "price_per_unit": "4883",
        "price_unit": "EA"
      }
    ]
  },
  {
    "source_url": "https://www.woolworths.com.au/shop/productdetails/1075446715/pure-product-australia-organic-stevia-100-natural-sweetener-250g",
    "name": "Pure Product Australia Organic Stevia 100% Natural Sweetener 250G",
    "image_url": "https://cdn1.woolworths.media/content/wowproductimages/large/1075446715.jpg",
    "source_id": "Woolworths - 1075446715",
    "barcode": null,
    "shop": "Woolworths",
    "weight": "100G",
    "prices": [
      {
        "state": "NSW",
        "price": "2390",
        "price_per_unit": "956",
        "price_unit": "G"
      },
      {
        "state": "VIC",
        "price": "2390",
        "price_per_unit": "956",
        "price_unit": "G"
      },
      {
        "state": "QLD",
        "price": "2390",
        "price_per_unit": "956",
        "price_unit": "G"
      },
      {
        "state": "WA",
        "price": "2390",
        "price_per_unit": "956",
        "price_unit": "G"
      },
      {
        "state": "SA",
        "price": "2390",
        "price_per_unit": "956",
        "price_unit": "G"
      },
      {
        "state": "TAS",
        "price": "2390",
        "price_per_unit": "956",
        "price_unit": "G"
      },
      {
        "state": "ACT",
        "price": "2390",
        "price_per_unit": "956",
        "price_unit": "G"
      },
      {
        "state": "NT",
        "price": "2390",
        "price_per_unit": "956",
        "price_unit": "G"
      }
    ]
  },
  {
    "source_url": "https://www.woolworths.com.au/shop/productdetails/1075446716/pure-product-australia-organic-stevia-100-natural-sweetener-250g-with-shaker-glass",
    "name": "Pure Product Australia Organic Stevia 100% Natural Sweetener 250G with Shaker Glass",
    "image_url": "https://cdn1.woolworths.media/content/wowproductimages/large/1075446716.jpg",
    "source_id": "Woolworths - 1075446716",
    "barcode": null,
    "shop": "Woolworths",
    "weight": "1EA",
    "prices": [
      {
        "state": "NSW",
        "price": "3390",
        "price_per_unit": "3390",
        "price_unit": "EA"
      },
      {
        "state": "VIC",
        "price": "3390",
        "price_per_unit": "3390",
        "price_unit": "EA"
      },
      {
        "state": "QLD",
        "price": "3390",
        "price_per_unit": "3390",
        "price_unit": "EA"
      },
      {
        "state": "WA",
        "price": "3390",
        "price_per_unit": "3390",
        "price_unit": "EA"
      },
      {
        "state": "SA",
        "price": "3390",
        "price_per_unit": "3390",
        "price_unit": "EA"
      },
      {
        "state": "TAS",
        "price": "3390",
        "price_per_unit": "3390",
        "price_unit": "EA"
      },
      {
        "state": "ACT",
        "price": "3390",
        "price_per_unit": "3390",
        "price_unit": "EA"
      },
      {
        "state": "NT",
        "price": "3390",
        "price_per_unit": "3390",
        "price_unit": "EA"
      }
    ]
  },
  {
    "source_url": "https://www.woolworths.com.au/shop/productdetails/1074433116/pure-product-australia-organic-stevia-100-natural-sweetener-500g",
    "name": "Pure Product Australia Organic Stevia 100% Natural Sweetener 500G",
    "image_url": "https://cdn1.woolworths.media/content/wowproductimages/large/1074433116.jpg",
    "source_id": "Woolworths - 1074433116",
    "barcode": null,
    "shop": "Woolworths",
    "weight": "100G",
    "prices": [
      {
        "state": "NSW",
        "price": "2483",
        "price_per_unit": "497",
        "price_unit": "G"
      },
      {
        "state": "VIC",
        "price": "2483",
        "price_per_unit": "497",
        "price_unit": "G"
      },
      {
        "state": "QLD",
        "price": "2483",
        "price_per_unit": "497",
        "price_unit": "G"
      },
      {
        "state": "WA",
        "price": "2483",
        "price_per_unit": "497",
        "price_unit": "G"
      },
      {
        "state": "SA",
        "price": "2483",
        "price_per_unit": "497",
        "price_unit": "G"
      },
      {
        "state": "TAS",
        "price": "2483",
        "price_per_unit": "497",
        "price_unit": "G"
      },
      {
        "state": "ACT",
        "price": "2483",
        "price_per_unit": "497",
        "price_unit": "G"
      },
      {
        "state": "NT",
        "price": "2483",
        "price_per_unit": "497",
        "price_unit": "G"
      }
    ]
  },
  {
    "source_url": "https://www.woolworths.com.au/shop/productdetails/1075446718/pure-product-australia-organic-stevia-100-natural-sweetener-500g-with-shaker-glass",
    "name": "Pure Product Australia Organic Stevia 100% Natural Sweetener 500G with Shaker Glass",
    "image_url": "https://cdn1.woolworths.media/content/wowproductimages/large/1075446718.jpg",
    "source_id": "Woolworths - 1075446718",
    "barcode": null,
    "shop": "Woolworths",
    "weight": "1EA",
    "prices": [
      {
        "state": "NSW",
        "price": "3483",
        "price_per_unit": "3483",
        "price_unit": "EA"
      },
      {
        "state": "VIC",
        "price": "3483",
        "price_per_unit": "3483",
        "price_unit": "EA"
      },
      {
        "state": "QLD",
        "price": "3483",
        "price_per_unit": "3483",
        "price_unit": "EA"
      },
      {
        "state": "WA",
        "price": "3483",
        "price_per_unit": "3483",
        "price_unit": "EA"
      },
      {
        "state": "SA",
        "price": "3483",
        "price_per_unit": "3483",
        "price_unit": "EA"
      },
      {
        "state": "TAS",
        "price": "3483",
        "price_per_unit": "3483",
        "price_unit": "EA"
      },
      {
        "state": "ACT",
        "price": "3483",
        "price_per_unit": "3483",
        "price_unit": "EA"
      },
      {
        "state": "NT",
        "price": "3483",
        "price_per_unit": "3483",
        "price_unit": "EA"
      }
    ]
  },
  {
    "source_url": "https://www.woolworths.com.au/shop/productdetails/1076413495/splenda-no-calorie-sweetener-2000-sachets",
    "name": "Splenda No Calorie Sweetener 2000 Sachets",
    "image_url": "https://cdn1.woolworths.media/content/wowproductimages/large/1076413495.jpg",
    "source_id": "Woolworths - 1076413495",
    "barcode": null,
    "shop": "Woolworths",
    "weight": "100EA",
    "prices": [
      {
        "state": "NSW",
        "price": "8450",
        "price_per_unit": "423",
        "price_unit": "EA"
      },
      {
        "state": "VIC",
        "price": "8450",
        "price_per_unit": "423",
        "price_unit": "EA"
      },
      {
        "state": "QLD",
        "price": "8450",
        "price_per_unit": "423",
        "price_unit": "EA"
      },
      {
        "state": "WA",
        "price": "8450",
        "price_per_unit": "423",
        "price_unit": "EA"
      },
      {
        "state": "SA",
        "price": "8450",
        "price_per_unit": "423",
        "price_unit": "EA"
      },
      {
        "state": "TAS",
        "price": "8450",
        "price_per_unit": "423",
        "price_unit": "EA"
      },
      {
        "state": "ACT",
        "price": "8450",
        "price_per_unit": "423",
        "price_unit": "EA"
      },
      {
        "state": "NT",
        "price": "8450",
        "price_per_unit": "423",
        "price_unit": "EA"
      }
    ]
  },
  {
    "source_url": "https://www.woolworths.com.au/shop/productdetails/1075557212/splenda-sweetener-sachets-individual-1000-pack-carton-bulk-box",
    "name": "Splenda Sweetener Sachets Individual 1000 Pack Carton Bulk Box",
    "image_url": "https://cdn1.woolworths.media/content/wowproductimages/large/1075557212.jpg",
    "source_id": "Woolworths - 1075557212",
    "barcode": null,
    "shop": "Woolworths",
    "weight": "100EA",
    "prices": [
      {
        "state": "NSW",
        "price": "5995",
        "price_per_unit": "600",
        "price_unit": "EA"
      },
      {
        "state": "VIC",
        "price": "5995",
        "price_per_unit": "600",
        "price_unit": "EA"
      },
      {
        "state": "QLD",
        "price": "5995",
        "price_per_unit": "600",
        "price_unit": "EA"
      },
      {
        "state": "WA",
        "price": "5995",
        "price_per_unit": "600",
        "price_unit": "EA"
      },
      {
        "state": "SA",
        "price": "5995",
        "price_per_unit": "600",
        "price_unit": "EA"
      },
      {
        "state": "TAS",
        "price": "5995",
        "price_per_unit": "600",
        "price_unit": "EA"
      },
      {
        "state": "ACT",
        "price": "5995",
        "price_per_unit": "600",
        "price_unit": "EA"
      },
      {
        "state": "NT",
        "price": "5995",
        "price_per_unit": "600",
        "price_unit": "EA"
      }
    ]
  },
  {
    "source_url": "https://www.woolworths.com.au/shop/productdetails/1075385066/stevia-sweet-granulated-sweetener-jars-75g-box-of-6-",
    "name": "Stevia Sweet Granulated Sweetener Jars 75g (Box of 6)",
    "image_url": "https://cdn1.woolworths.media/content/wowproductimages/large/1075385066.jpg",
    "source_id": "Woolworths - 1075385066",
    "barcode": null,
    "shop": "Woolworths",
    "weight": "100G",
    "prices": [
      {
        "state": "NSW",
        "price": "5545",
        "price_per_unit": "7393",
        "price_unit": "G"
      },
      {
        "state": "VIC",
        "price": "5545",
        "price_per_unit": "7393",
        "price_unit": "G"
      },
      {
        "state": "QLD",
        "price": "5545",
        "price_per_unit": "7393",
        "price_unit": "G"
      },
      {
        "state": "WA",
        "price": "5545",
        "price_per_unit": "7393",
        "price_unit": "G"
      },
      {
        "state": "SA",
        "price": "5545",
        "price_per_unit": "7393",
        "price_unit": "G"
      },
      {
        "state": "ACT",
        "price": "5545",
        "price_per_unit": "7393",
        "price_unit": "G"
      },
      {
        "state": "NT",
        "price": "5545",
        "price_per_unit": "7393",
        "price_unit": "G"
      }
    ]
  },
  {
    "source_url": "https://www.woolworths.com.au/shop/productdetails/1074781098/stevia-sweet-granulated-sweetener-jars-75g-box-of-6",
    "name": "Stevia Sweet Granulated Sweetener Jars 75g Box of 6",
    "image_url": "https://cdn1.woolworths.media/content/wowproductimages/large/1074781098.jpg",
    "source_id": "Woolworths - 1074781098",
    "barcode": null,
    "shop": "Woolworths",
    "weight": "1EA",
    "prices": [
      {
        "state": "NSW",
        "price": "6995",
        "price_per_unit": "6995",
        "price_unit": "EA"
      },
      {
        "state": "VIC",
        "price": "6995",
        "price_per_unit": "6995",
        "price_unit": "EA"
      },
      {
        "state": "QLD",
        "price": "6995",
        "price_per_unit": "6995",
        "price_unit": "EA"
      },
      {
        "state": "WA",
        "price": "6995",
        "price_per_unit": "6995",
        "price_unit": "EA"
      },
      {
        "state": "SA",
        "price": "6995",
        "price_per_unit": "6995",
        "price_unit": "EA"
      },
      {
        "state": "ACT",
        "price": "6995",
        "price_per_unit": "6995",
        "price_unit": "EA"
      },
      {
        "state": "NT",
        "price": "6995",
        "price_per_unit": "6995",
        "price_unit": "EA"
      }
    ]
  },
  {
    "source_url": "https://www.woolworths.com.au/shop/productdetails/1074587875/stevia-sweet-liquid-with-agave-125ml-box-of-6-",
    "name": "Stevia Sweet Liquid with Agave 125ml (Box of 6)",
    "image_url": "https://cdn1.woolworths.media/content/wowproductimages/large/1074587875.jpg",
    "source_id": "Woolworths - 1074587875",
    "barcode": null,
    "shop": "Woolworths",
    "weight": null,
    "prices": [
      null,
      null
    ]
  },
  {
    "source_url": "https://www.woolworths.com.au/shop/productdetails/1074781099/stevia-sweet-sweetener-220-tablets-box-of-6",
    "name": "Stevia Sweet Sweetener 220 Tablets Box of 6",
    "image_url": "https://cdn1.woolworths.media/content/wowproductimages/large/1074781099.jpg",
    "source_id": "Woolworths - 1074781099",
    "barcode": null,
    "shop": "Woolworths",
    "weight": "1EA",
    "prices": [
      {
        "state": "NSW",
        "price": "6995",
        "price_per_unit": "6995",
        "price_unit": "EA"
      },
      {
        "state": "VIC",
        "price": "6995",
        "price_per_unit": "6995",
        "price_unit": "EA"
      },
      {
        "state": "QLD",
        "price": "6995",
        "price_per_unit": "6995",
        "price_unit": "EA"
      },
      {
        "state": "WA",
        "price": "6995",
        "price_per_unit": "6995",
        "price_unit": "EA"
      },
      {
        "state": "SA",
        "price": "6995",
        "price_per_unit": "6995",
        "price_unit": "EA"
      },
      {
        "state": "ACT",
        "price": "6995",
        "price_per_unit": "6995",
        "price_unit": "EA"
      },
      {
        "state": "NT",
        "price": "6995",
        "price_per_unit": "6995",
        "price_unit": "EA"
      }
    ]
  },
  {
    "source_url": "https://www.woolworths.com.au/shop/productdetails/1075564537/sweet-leaf-stevia-liquid-caramel-sweet-drops-50ml-pack-of-6",
    "name": "Sweet Leaf Stevia Liquid Caramel Sweet Drops 50ml Pack of 6",
    "image_url": "https://cdn1.woolworths.media/content/wowproductimages/large/1075564537.jpg",
    "source_id": "Woolworths - 1075564537",
    "barcode": null,
    "shop": "Woolworths",
    "weight": "1EA",
    "prices": [
      {
        "state": "NSW",
        "price": "6495",
        "price_per_unit": "1083",
        "price_unit": "EA"
      },
      {
        "state": "VIC",
        "price": "6495",
        "price_per_unit": "1083",
        "price_unit": "EA"
      },
      {
        "state": "QLD",
        "price": "6495",
        "price_per_unit": "1083",
        "price_unit": "EA"
      },
      {
        "state": "WA",
        "price": "6495",
        "price_per_unit": "1083",
        "price_unit": "EA"
      },
      {
        "state": "SA",
        "price": "6495",
        "price_per_unit": "1083",
        "price_unit": "EA"
      },
      {
        "state": "TAS",
        "price": "6495",
        "price_per_unit": "1083",
        "price_unit": "EA"
      },
      {
        "state": "NT",
        "price": "6495",
        "price_per_unit": "1083",
        "price_unit": "EA"
      }
    ]
  },
  {
    "source_url": "https://www.woolworths.com.au/shop/productdetails/1075564539/sweet-leaf-stevia-liquid-clear-120ml-3-pack",
    "name": "Sweet Leaf Stevia Liquid Clear 120ml 3 Pack",
    "image_url": "https://cdn1.woolworths.media/content/wowproductimages/large/1075564539.jpg",
    "source_id": "Woolworths - 1075564539",
    "barcode": null,
    "shop": "Woolworths",
    "weight": "1EA",
    "prices": [
      {
        "state": "NSW",
        "price": "8995",
        "price_per_unit": "1499",
        "price_unit": "EA"
      },
      {
        "state": "VIC",
        "price": "8995",
        "price_per_unit": "1499",
        "price_unit": "EA"
      },
      {
        "state": "QLD",
        "price": "8995",
        "price_per_unit": "1499",
        "price_unit": "EA"
      },
      {
        "state": "WA",
        "price": "8995",
        "price_per_unit": "1499",
        "price_unit": "EA"
      },
      {
        "state": "SA",
        "price": "8995",
        "price_per_unit": "1499",
        "price_unit": "EA"
      },
      {
        "state": "TAS",
        "price": "8995",
        "price_per_unit": "1499",
        "price_unit": "EA"
      },
      {
        "state": "NT",
        "price": "8995",
        "price_per_unit": "1499",
        "price_unit": "EA"
      }
    ]
  },
  {
    "source_url": "https://www.woolworths.com.au/shop/productdetails/1075564540/sweet-leaf-stevia-liquid-clear-60ml-6-pack",
    "name": "Sweet Leaf Stevia Liquid Clear 60ml 6 Pack",
    "image_url": "https://cdn1.woolworths.media/content/wowproductimages/large/1075564540.jpg",
    "source_id": "Woolworths - 1075564540",
    "barcode": null,
    "shop": "Woolworths",
    "weight": "1EA",
    "prices": [
      {
        "state": "NSW",
        "price": "10995",
        "price_per_unit": "3665",
        "price_unit": "EA"
      },
      {
        "state": "VIC",
        "price": "10995",
        "price_per_unit": "3665",
        "price_unit": "EA"
      },
      {
        "state": "QLD",
        "price": "10995",
        "price_per_unit": "3665",
        "price_unit": "EA"
      },
      {
        "state": "WA",
        "price": "10995",
        "price_per_unit": "3665",
        "price_unit": "EA"
      },
      {
        "state": "SA",
        "price": "10995",
        "price_per_unit": "3665",
        "price_unit": "EA"
      },
      {
        "state": "TAS",
        "price": "10995",
        "price_per_unit": "3665",
        "price_unit": "EA"
      },
      {
        "state": "NT",
        "price": "10995",
        "price_per_unit": "3665",
        "price_unit": "EA"
      }
    ]
  },
  {
    "source_url": "https://www.woolworths.com.au/shop/productdetails/1075564541/sweet-leaf-stevia-liquid-english-toffee-60ml-6-pack",
    "name": "Sweet Leaf Stevia Liquid English Toffee 60ml 6 Pack",
    "image_url": "https://cdn1.woolworths.media/content/wowproductimages/large/1075564541.jpg",
    "source_id": "Woolworths - 1075564541",
    "barcode": null,
    "shop": "Woolworths",
    "weight": "1EA",
    "prices": [
      {
        "state": "NSW",
        "price": "10995",
        "price_per_unit": "3665",
        "price_unit": "EA"
      },
      {
        "state": "VIC",
        "price": "10995",
        "price_per_unit": "3665",
        "price_unit": "EA"
      },
      {
        "state": "QLD",
        "price": "10995",
        "price_per_unit": "3665",
        "price_unit": "EA"
      },
      {
        "state": "WA",
        "price": "10995",
        "price_per_unit": "3665",
        "price_unit": "EA"
      },
      {
        "state": "SA",
        "price": "10995",
        "price_per_unit": "3665",
        "price_unit": "EA"
      },
      {
        "state": "TAS",
        "price": "10995",
        "price_per_unit": "3665",
        "price_unit": "EA"
      },
      {
        "state": "NT",
        "price": "10995",
        "price_per_unit": "3665",
        "price_unit": "EA"
      }
    ]
  },
  {
    "source_url": "https://www.woolworths.com.au/shop/productdetails/1075479756/thankfully-nourished-monk-fruit-concentrate-50ml",
    "name": "Thankfully Nourished Monk Fruit Concentrate 50ml",
    "image_url": "https://cdn1.woolworths.media/content/wowproductimages/large/1075479756.jpg",
    "source_id": "Woolworths - 1075479756",
    "barcode": null,
    "shop": "Woolworths",
    "weight": "100ML",
    "prices": [
      {
        "state": "NSW",
        "price": "2995",
        "price_per_unit": "5990",
        "price_unit": "ML"
      },
      {
        "state": "VIC",
        "price": "2995",
        "price_per_unit": "5990",
        "price_unit": "ML"
      },
      {
        "state": "QLD",
        "price": "2995",
        "price_per_unit": "5990",
        "price_unit": "ML"
      },
      {
        "state": "WA",
        "price": "2995",
        "price_per_unit": "5990",
        "price_unit": "ML"
      },
      {
        "state": "SA",
        "price": "2995",
        "price_per_unit": "5990",
        "price_unit": "ML"
      },
      {
        "state": "TAS",
        "price": "2995",
        "price_per_unit": "5990",
        "price_unit": "ML"
      },
      {
        "state": "NT",
        "price": "2995",
        "price_per_unit": "5990",
        "price_unit": "ML"
      }
    ]
  },
  {
    "source_url": "https://www.woolworths.com.au/shop/productdetails/1074424889/vedic-panela-cane-sugar-raw-unrefined-granules-1kg",
    "name": "Vedic Panela Cane Sugar Raw Unrefined Granules 1kg",
    "image_url": "https://cdn1.woolworths.media/content/wowproductimages/large/1074424889.jpg",
    "source_id": "Woolworths - 1074424889",
    "barcode": null,
    "shop": "Woolworths",
    "weight": "1EA",
    "prices": [
      {
        "state": "NSW",
        "price": "3600",
        "price_per_unit": "3600",
        "price_unit": "EA"
      },
      {
        "state": "VIC",
        "price": "3600",
        "price_per_unit": "3600",
        "price_unit": "EA"
      },
      {
        "state": "QLD",
        "price": "3600",
        "price_per_unit": "3600",
        "price_unit": "EA"
      },
      {
        "state": "WA",
        "price": "3600",
        "price_per_unit": "3600",
        "price_unit": "EA"
      },
      {
        "state": "SA",
        "price": "3600",
        "price_per_unit": "3600",
        "price_unit": "EA"
      },
      {
        "state": "TAS",
        "price": "3600",
        "price_per_unit": "3600",
        "price_unit": "EA"
      },
      {
        "state": "ACT",
        "price": "3600",
        "price_per_unit": "3600",
        "price_unit": "EA"
      },
      {
        "state": "NT",
        "price": "3600",
        "price_per_unit": "3600",
        "price_unit": "EA"
      }
    ]
  },
  {
    "source_url": "https://www.woolworths.com.au/shop/productdetails/33155/csr-brown-sugar-coffee-crystals",
    "name": "CSR Brown Sugar Coffee Crystals 500g",
    "image_url": "https://cdn1.woolworths.media/content/wowproductimages/large/033155.jpg",
    "source_id": "Woolworths - 33155",
    "barcode": "9313010114638",
    "shop": "Woolworths",
    "weight": "100G",
    "prices": [
      {
        "state": "VIC",
        "price": "345",
        "price_per_unit": "69",
        "price_unit": "G"
      },
      {
        "state": "QLD",
        "price": "345",
        "price_per_unit": "69",
        "price_unit": "G"
      },
      {
        "state": "WA",
        "price": "345",
        "price_per_unit": "69",
        "price_unit": "G"
      },
      {
        "state": "SA",
        "price": "345",
        "price_per_unit": "69",
        "price_unit": "G"
      },
      {
        "state": "TAS",
        "price": "345",
        "price_per_unit": "69",
        "price_unit": "G"
      },
      {
        "state": "ACT",
        "price": "345",
        "price_per_unit": "69",
        "price_unit": "G"
      },
      {
        "state": "NT",
        "price": "345",
        "price_per_unit": "69",
        "price_unit": "G"
      }
    ]
  },
  {
    "source_url": "https://www.woolworths.com.au/shop/productdetails/37736/csr-brown-sugar-dark",
    "name": "CSR Brown Sugar Dark 1kg",
    "image_url": "https://cdn1.woolworths.media/content/wowproductimages/large/037736.jpg",
    "source_id": "Woolworths - 37736",
    "barcode": "9313010103663",
    "shop": "Woolworths",
    "weight": "100G",
    "prices": [
      {
        "state": "VIC",
        "price": "460",
        "price_per_unit": "46",
        "price_unit": "G"
      },
      {
        "state": "QLD",
        "price": "460",
        "price_per_unit": "46",
        "price_unit": "G"
      },
      {
        "state": "WA",
        "price": "460",
        "price_per_unit": "46",
        "price_unit": "G"
      },
      {
        "state": "SA",
        "price": "460",
        "price_per_unit": "46",
        "price_unit": "G"
      },
      {
        "state": "TAS",
        "price": "460",
        "price_per_unit": "46",
        "price_unit": "G"
      },
      {
        "state": "ACT",
        "price": "460",
        "price_per_unit": "46",
        "price_unit": "G"
      },
      {
        "state": "NT",
        "price": "460",
        "price_per_unit": "46",
        "price_unit": "G"
      }
    ]
  },
  {
    "source_url": "https://www.woolworths.com.au/shop/productdetails/364085/csr-caster-sugar-raw",
    "name": "CSR Caster Sugar Raw 750g",
    "image_url": "https://cdn1.woolworths.media/content/wowproductimages/large/364085.jpg",
    "source_id": "Woolworths - 364085",
    "barcode": "9313010001198",
    "shop": "Woolworths",
    "weight": "100G",
    "prices": [
      {
        "state": "VIC",
        "price": "350",
        "price_per_unit": "47",
        "price_unit": "G"
      },
      {
        "state": "QLD",
        "price": "350",
        "price_per_unit": "47",
        "price_unit": "G"
      },
      {
        "state": "WA",
        "price": "350",
        "price_per_unit": "47",
        "price_unit": "G"
      },
      {
        "state": "SA",
        "price": "350",
        "price_per_unit": "47",
        "price_unit": "G"
      },
      {
        "state": "TAS",
        "price": "350",
        "price_per_unit": "47",
        "price_unit": "G"
      },
      {
        "state": "ACT",
        "price": "350",
        "price_per_unit": "47",
        "price_unit": "G"
      },
      {
        "state": "NT",
        "price": "350",
        "price_per_unit": "47",
        "price_unit": "G"
      }
    ]
  },
  {
    "source_url": "https://www.woolworths.com.au/shop/productdetails/659256/csr-dark-muscovado-sugar",
    "name": "CSR Dark Muscovado Sugar 250g",
    "image_url": "https://cdn1.woolworths.media/content/wowproductimages/large/659256.jpg",
    "source_id": "Woolworths - 659256",
    "barcode": "9313010001143",
    "shop": "Woolworths",
    "weight": "100G",
    "prices": [
      {
        "state": "VIC",
        "price": "400",
        "price_per_unit": "160",
        "price_unit": "G"
      },
      {
        "state": "QLD",
        "price": "400",
        "price_per_unit": "160",
        "price_unit": "G"
      },
      {
        "state": "WA",
        "price": "400",
        "price_per_unit": "160",
        "price_unit": "G"
      },
      {
        "state": "SA",
        "price": "400",
        "price_per_unit": "160",
        "price_unit": "G"
      },
      {
        "state": "TAS",
        "price": "400",
        "price_per_unit": "160",
        "price_unit": "G"
      },
      {
        "state": "ACT",
        "price": "400",
        "price_per_unit": "160",
        "price_unit": "G"
      },
      {
        "state": "NT",
        "price": "400",
        "price_per_unit": "160",
        "price_unit": "G"
      }
    ]
  },
  {
    "source_url": "https://www.woolworths.com.au/shop/productdetails/86973/csr-demerara-sugar",
    "name": "CSR Demerara Sugar 375g",
    "image_url": "https://cdn1.woolworths.media/content/wowproductimages/large/086973.jpg",
    "source_id": "Woolworths - 86973",
    "barcode": "9313010116397",
    "shop": "Woolworths",
    "weight": "100G",
    "prices": [
      {
        "state": "VIC",
        "price": "300",
        "price_per_unit": "80",
        "price_unit": "G"
      },
      {
        "state": "QLD",
        "price": "300",
        "price_per_unit": "80",
        "price_unit": "G"
      },
      {
        "state": "WA",
        "price": "300",
        "price_per_unit": "80",
        "price_unit": "G"
      },
      {
        "state": "SA",
        "price": "300",
        "price_per_unit": "80",
        "price_unit": "G"
      },
      {
        "state": "TAS",
        "price": "300",
        "price_per_unit": "80",
        "price_unit": "G"
      },
      {
        "state": "ACT",
        "price": "300",
        "price_per_unit": "80",
        "price_unit": "G"
      },
      {
        "state": "NT",
        "price": "300",
        "price_per_unit": "80",
        "price_unit": "G"
      }
    ]
  },
  {
    "source_url": "https://www.woolworths.com.au/shop/productdetails/98328/csr-golden-syrup",
    "name": "CSR Golden Syrup 850g",
    "image_url": "https://cdn1.woolworths.media/content/wowproductimages/large/098328.jpg",
    "source_id": "Woolworths - 98328",
    "barcode": "9313010121520",
    "shop": "Woolworths",
    "weight": "100G",
    "prices": [
      {
        "state": "VIC",
        "price": "600",
        "price_per_unit": "71",
        "price_unit": "G"
      },
      {
        "state": "QLD",
        "price": "600",
        "price_per_unit": "71",
        "price_unit": "G"
      },
      {
        "state": "WA",
        "price": "600",
        "price_per_unit": "71",
        "price_unit": "G"
      },
      {
        "state": "SA",
        "price": "600",
        "price_per_unit": "71",
        "price_unit": "G"
      },
      {
        "state": "TAS",
        "price": "600",
        "price_per_unit": "71",
        "price_unit": "G"
      },
      {
        "state": "ACT",
        "price": "600",
        "price_per_unit": "71",
        "price_unit": "G"
      },
      {
        "state": "NT",
        "price": "600",
        "price_per_unit": "71",
        "price_unit": "G"
      }
    ]
  },
  {
    "source_url": "https://www.woolworths.com.au/shop/productdetails/93700/csr-original-treacle",
    "name": "CSR Original Treacle 850g",
    "image_url": "https://cdn1.woolworths.media/content/wowproductimages/large/093700.jpg",
    "source_id": "Woolworths - 93700",
    "barcode": "9313010119930",
    "shop": "Woolworths",
    "weight": "100G",
    "prices": [
      {
        "state": "VIC",
        "price": "600",
        "price_per_unit": "71",
        "price_unit": "G"
      },
      {
        "state": "QLD",
        "price": "600",
        "price_per_unit": "71",
        "price_unit": "G"
      },
      {
        "state": "WA",
        "price": "600",
        "price_per_unit": "71",
        "price_unit": "G"
      },
      {
        "state": "SA",
        "price": "600",
        "price_per_unit": "71",
        "price_unit": "G"
      },
      {
        "state": "TAS",
        "price": "600",
        "price_per_unit": "71",
        "price_unit": "G"
      },
      {
        "state": "ACT",
        "price": "600",
        "price_per_unit": "71",
        "price_unit": "G"
      },
      {
        "state": "NT",
        "price": "600",
        "price_per_unit": "71",
        "price_unit": "G"
      }
    ]
  },
  {
    "source_url": "https://www.woolworths.com.au/shop/productdetails/498331/csr-raw-sugar-sticks",
    "name": "CSR Raw Sugar Sticks 50 Pack 150g",
    "image_url": "https://cdn1.woolworths.media/content/wowproductimages/large/498331.jpg",
    "source_id": "Woolworths - 498331",
    "barcode": "9313010001075",
    "shop": "Woolworths",
    "weight": "100G",
    "prices": [
      {
        "state": "VIC",
        "price": "310",
        "price_per_unit": "207",
        "price_unit": "G"
      },
      {
        "state": "QLD",
        "price": "310",
        "price_per_unit": "207",
        "price_unit": "G"
      },
      {
        "state": "WA",
        "price": "310",
        "price_per_unit": "207",
        "price_unit": "G"
      },
      {
        "state": "SA",
        "price": "310",
        "price_per_unit": "207",
        "price_unit": "G"
      },
      {
        "state": "TAS",
        "price": "310",
        "price_per_unit": "207",
        "price_unit": "G"
      },
      {
        "state": "ACT",
        "price": "310",
        "price_per_unit": "207",
        "price_unit": "G"
      },
      {
        "state": "NT",
        "price": "310",
        "price_per_unit": "207",
        "price_unit": "G"
      }
    ]
  },
  {
    "source_url": "https://www.woolworths.com.au/shop/productdetails/720458/csr-specialty-sugar-jam-setting",
    "name": "CSR Specialty Sugar Jam Setting 500g",
    "image_url": "https://cdn1.woolworths.media/content/wowproductimages/large/720458.jpg",
    "source_id": "Woolworths - 720458",
    "barcode": "9313010000498",
    "shop": "Woolworths",
    "weight": "100G",
    "prices": [
      {
        "state": "VIC",
        "price": "300",
        "price_per_unit": "60",
        "price_unit": "G"
      },
      {
        "state": "QLD",
        "price": "300",
        "price_per_unit": "60",
        "price_unit": "G"
      },
      {
        "state": "WA",
        "price": "300",
        "price_per_unit": "60",
        "price_unit": "G"
      },
      {
        "state": "SA",
        "price": "300",
        "price_per_unit": "60",
        "price_unit": "G"
      },
      {
        "state": "TAS",
        "price": "300",
        "price_per_unit": "60",
        "price_unit": "G"
      },
      {
        "state": "ACT",
        "price": "300",
        "price_per_unit": "60",
        "price_unit": "G"
      },
      {
        "state": "NT",
        "price": "300",
        "price_per_unit": "60",
        "price_unit": "G"
      }
    ]
  },
  {
    "source_url": "https://www.woolworths.com.au/shop/productdetails/659255/csr-unrefined-coconut-sugar",
    "name": "CSR Unrefined Coconut Sugar 250g",
    "image_url": "https://cdn1.woolworths.media/content/wowproductimages/large/659255.jpg",
    "source_id": "Woolworths - 659255",
    "barcode": "9313010001051",
    "shop": "Woolworths",
    "weight": "100G",
    "prices": [
      {
        "state": "VIC",
        "price": "400",
        "price_per_unit": "160",
        "price_unit": "G"
      },
      {
        "state": "QLD",
        "price": "400",
        "price_per_unit": "160",
        "price_unit": "G"
      },
      {
        "state": "WA",
        "price": "400",
        "price_per_unit": "160",
        "price_unit": "G"
      },
      {
        "state": "SA",
        "price": "400",
        "price_per_unit": "160",
        "price_unit": "G"
      },
      {
        "state": "TAS",
        "price": "400",
        "price_per_unit": "160",
        "price_unit": "G"
      },
      {
        "state": "ACT",
        "price": "400",
        "price_per_unit": "160",
        "price_unit": "G"
      },
      {
        "state": "NT",
        "price": "420",
        "price_per_unit": "168",
        "price_unit": "G"
      }
    ]
  },
  {
    "source_url": "https://www.woolworths.com.au/shop/productdetails/33157/csr-white-sugar",
    "name": "CSR White Sugar 2kg",
    "image_url": "https://cdn1.woolworths.media/content/wowproductimages/large/033157.jpg",
    "source_id": "Woolworths - 33157",
    "barcode": "9313010101621",
    "shop": "Woolworths",
    "weight": "100G",
    "prices": [
      {
        "state": "VIC",
        "price": "400",
        "price_per_unit": "20",
        "price_unit": "G"
      },
      {
        "state": "QLD",
        "price": "400",
        "price_per_unit": "20",
        "price_unit": "G"
      },
      {
        "state": "WA",
        "price": "400",
        "price_per_unit": "20",
        "price_unit": "G"
      },
      {
        "state": "SA",
        "price": "400",
        "price_per_unit": "20",
        "price_unit": "G"
      },
      {
        "state": "TAS",
        "price": "400",
        "price_per_unit": "20",
        "price_unit": "G"
      },
      {
        "state": "ACT",
        "price": "400",
        "price_per_unit": "20",
        "price_unit": "G"
      },
      {
        "state": "NT",
        "price": "400",
        "price_per_unit": "20",
        "price_unit": "G"
      }
    ]
  },
  {
    "source_url": "https://www.woolworths.com.au/shop/productdetails/335936/csr-white-sugar",
    "name": "CSR White Sugar 500g",
    "image_url": "https://cdn1.woolworths.media/content/wowproductimages/large/335936.jpg",
    "source_id": "Woolworths - 335936",
    "barcode": "9313010125276",
    "shop": "Woolworths",
    "weight": "100G",
    "prices": [
      {
        "state": "VIC",
        "price": "195",
        "price_per_unit": "39",
        "price_unit": "G"
      },
      {
        "state": "QLD",
        "price": "195",
        "price_per_unit": "39",
        "price_unit": "G"
      },
      {
        "state": "WA",
        "price": "195",
        "price_per_unit": "39",
        "price_unit": "G"
      },
      {
        "state": "SA",
        "price": "195",
        "price_per_unit": "39",
        "price_unit": "G"
      },
      {
        "state": "TAS",
        "price": "195",
        "price_per_unit": "39",
        "price_unit": "G"
      },
      {
        "state": "ACT",
        "price": "195",
        "price_per_unit": "39",
        "price_unit": "G"
      },
      {
        "state": "NT",
        "price": "195",
        "price_per_unit": "39",
        "price_unit": "G"
      }
    ]
  },
  {
    "source_url": "https://www.woolworths.com.au/shop/productdetails/661459/csr-white-sugar-cubes",
    "name": "CSR White Sugar Cubes 500g",
    "image_url": "https://cdn1.woolworths.media/content/wowproductimages/large/661459.jpg",
    "source_id": "Woolworths - 661459",
    "barcode": "9313010002478",
    "shop": "Woolworths",
    "weight": "100G",
    "prices": [
      {
        "state": "VIC",
        "price": "490",
        "price_per_unit": "98",
        "price_unit": "G"
      },
      {
        "state": "QLD",
        "price": "490",
        "price_per_unit": "98",
        "price_unit": "G"
      },
      {
        "state": "WA",
        "price": "490",
        "price_per_unit": "98",
        "price_unit": "G"
      },
      {
        "state": "SA",
        "price": "490",
        "price_per_unit": "98",
        "price_unit": "G"
      },
      {
        "state": "TAS",
        "price": "490",
        "price_per_unit": "98",
        "price_unit": "G"
      },
      {
        "state": "ACT",
        "price": "490",
        "price_per_unit": "98",
        "price_unit": "G"
      },
      {
        "state": "NT",
        "price": "490",
        "price_per_unit": "98",
        "price_unit": "G"
      }
    ]
  },
  {
    "source_url": "https://www.woolworths.com.au/shop/productdetails/335935/csr-white-sugar-sticks",
    "name": "CSR White Sugar Sticks 50 Pack",
    "image_url": "https://cdn1.woolworths.media/content/wowproductimages/large/335935.jpg",
    "source_id": "Woolworths - 335935",
    "barcode": "9313010000177",
    "shop": "Woolworths",
    "weight": "100G",
    "prices": [
      {
        "state": "VIC",
        "price": "300",
        "price_per_unit": "200",
        "price_unit": "G"
      },
      {
        "state": "QLD",
        "price": "300",
        "price_per_unit": "200",
        "price_unit": "G"
      },
      {
        "state": "WA",
        "price": "300",
        "price_per_unit": "200",
        "price_unit": "G"
      },
      {
        "state": "SA",
        "price": "300",
        "price_per_unit": "200",
        "price_unit": "G"
      },
      {
        "state": "TAS",
        "price": "300",
        "price_per_unit": "200",
        "price_unit": "G"
      },
      {
        "state": "ACT",
        "price": "300",
        "price_per_unit": "200",
        "price_unit": "G"
      },
      {
        "state": "NT",
        "price": "300",
        "price_per_unit": "200",
        "price_unit": "G"
      }
    ]
  },
  {
    "source_url": "https://www.woolworths.com.au/shop/productdetails/912265/equal-liquid-sweetener",
    "name": "Equal Liquid Sweetener 208mL",
    "image_url": "https://cdn1.woolworths.media/content/wowproductimages/large/912265.jpg",
    "source_id": "Woolworths - 912265",
    "barcode": "7630486403885",
    "shop": "Woolworths",
    "weight": "100ML",
    "prices": [
      {
        "state": "VIC",
        "price": "600",
        "price_per_unit": "288",
        "price_unit": "ML"
      },
      {
        "state": "QLD",
        "price": "600",
        "price_per_unit": "288",
        "price_unit": "ML"
      },
      {
        "state": "WA",
        "price": "600",
        "price_per_unit": "288",
        "price_unit": "ML"
      },
      {
        "state": "SA",
        "price": "600",
        "price_per_unit": "288",
        "price_unit": "ML"
      },
      {
        "state": "TAS",
        "price": "600",
        "price_per_unit": "288",
        "price_unit": "ML"
      },
      {
        "state": "ACT",
        "price": "600",
        "price_per_unit": "288",
        "price_unit": "ML"
      },
      {
        "state": "NT",
        "price": "600",
        "price_per_unit": "288",
        "price_unit": "ML"
      }
    ]
  },
  {
    "source_url": "https://www.woolworths.com.au/shop/productdetails/911558/equal-natural-sweetener-raw",
    "name": "Equal Natural Sweetener Raw 200g",
    "image_url": "https://cdn1.woolworths.media/content/wowproductimages/large/911558.jpg",
    "source_id": "Woolworths - 911558",
    "barcode": "7630486404110",
    "shop": "Woolworths",
    "weight": "100G",
    "prices": [
      {
        "state": "VIC",
        "price": "600",
        "price_per_unit": "300",
        "price_unit": "G"
      },
      {
        "state": "QLD",
        "price": "600",
        "price_per_unit": "300",
        "price_unit": "G"
      },
      {
        "state": "WA",
        "price": "600",
        "price_per_unit": "300",
        "price_unit": "G"
      },
      {
        "state": "SA",
        "price": "600",
        "price_per_unit": "300",
        "price_unit": "G"
      },
      {
        "state": "TAS",
        "price": "600",
        "price_per_unit": "300",
        "price_unit": "G"
      },
      {
        "state": "ACT",
        "price": "600",
        "price_per_unit": "300",
        "price_unit": "G"
      },
      {
        "state": "NT",
        "price": "600",
        "price_per_unit": "300",
        "price_unit": "G"
      }
    ]
  },
  {
    "source_url": "https://www.woolworths.com.au/shop/productdetails/912225/equal-natural-sweetener-white",
    "name": "Equal Natural Sweetener White 200g",
    "image_url": "https://cdn1.woolworths.media/content/wowproductimages/large/912225.jpg",
    "source_id": "Woolworths - 912225",
    "barcode": "7630486404103",
    "shop": "Woolworths",
    "weight": "100G",
    "prices": [
      {
        "state": "VIC",
        "price": "500",
        "price_per_unit": "250",
        "price_unit": "G"
      },
      {
        "state": "QLD",
        "price": "500",
        "price_per_unit": "250",
        "price_unit": "G"
      },
      {
        "state": "WA",
        "price": "500",
        "price_per_unit": "250",
        "price_unit": "G"
      },
      {
        "state": "SA",
        "price": "500",
        "price_per_unit": "250",
        "price_unit": "G"
      },
      {
        "state": "TAS",
        "price": "500",
        "price_per_unit": "250",
        "price_unit": "G"
      },
      {
        "state": "ACT",
        "price": "500",
        "price_per_unit": "250",
        "price_unit": "G"
      },
      {
        "state": "NT",
        "price": "500",
        "price_per_unit": "250",
        "price_unit": "G"
      }
    ]
  },
  {
    "source_url": "https://www.woolworths.com.au/shop/productdetails/202982/equal-spoonful-spoon-for-spoon-sugar-replacement",
    "name": "Equal Spoonful Spoon For Spoon Sugar Replacement 113g",
    "image_url": "https://cdn1.woolworths.media/content/wowproductimages/large/202982.jpg",
    "source_id": "Woolworths - 202982",
    "barcode": "7630486401317",
    "shop": "Woolworths",
    "weight": "100G",
    "prices": [
      {
        "state": "VIC",
        "price": "600",
        "price_per_unit": "531",
        "price_unit": "G"
      },
      {
        "state": "QLD",
        "price": "600",
        "price_per_unit": "531",
        "price_unit": "G"
      },
      {
        "state": "WA",
        "price": "600",
        "price_per_unit": "531",
        "price_unit": "G"
      },
      {
        "state": "SA",
        "price": "600",
        "price_per_unit": "531",
        "price_unit": "G"
      },
      {
        "state": "TAS",
        "price": "500",
        "price_per_unit": "442",
        "price_unit": "G"
      },
      {
        "state": "ACT",
        "price": "500",
        "price_per_unit": "442",
        "price_unit": "G"
      },
      {
        "state": "NT",
        "price": "500",
        "price_per_unit": "442",
        "price_unit": "G"
      }
    ]
  },
  {
    "source_url": "https://www.woolworths.com.au/shop/productdetails/36387/equal-sweetener-sachets",
    "name": "Equal Sweetener Sachets 100 Pack",
    "image_url": "https://cdn1.woolworths.media/content/wowproductimages/large/036387.jpg",
    "source_id": "Woolworths - 36387",
    "barcode": "9310491000047",
    "shop": "Woolworths",
    "weight": "100EA",
    "prices": [
      {
        "state": "VIC",
        "price": "660",
        "price_per_unit": "660",
        "price_unit": "EA"
      },
      {
        "state": "QLD",
        "price": "660",
        "price_per_unit": "660",
        "price_unit": "EA"
      },
      {
        "state": "WA",
        "price": "660",
        "price_per_unit": "660",
        "price_unit": "EA"
      },
      {
        "state": "SA",
        "price": "660",
        "price_per_unit": "660",
        "price_unit": "EA"
      },
      {
        "state": "TAS",
        "price": "660",
        "price_per_unit": "660",
        "price_unit": "EA"
      },
      {
        "state": "ACT",
        "price": "660",
        "price_per_unit": "660",
        "price_unit": "EA"
      },
      {
        "state": "NT",
        "price": "660",
        "price_per_unit": "660",
        "price_unit": "EA"
      }
    ]
  },
  {
    "source_url": "https://www.woolworths.com.au/shop/productdetails/94563/equal-sweetener-sachets",
    "name": "Equal Sweetener Sachets 50 Pack",
    "image_url": "https://cdn1.woolworths.media/content/wowproductimages/large/094563.jpg",
    "source_id": "Woolworths - 94563",
    "barcode": "9310491000016",
    "shop": "Woolworths",
    "weight": "100EA",
    "prices": [
      {
        "state": "VIC",
        "price": "420",
        "price_per_unit": "840",
        "price_unit": "EA"
      },
      {
        "state": "QLD",
        "price": "420",
        "price_per_unit": "840",
        "price_unit": "EA"
      },
      {
        "state": "WA",
        "price": "420",
        "price_per_unit": "840",
        "price_unit": "EA"
      },
      {
        "state": "SA",
        "price": "420",
        "price_per_unit": "840",
        "price_unit": "EA"
      },
      {
        "state": "TAS",
        "price": "420",
        "price_per_unit": "840",
        "price_unit": "EA"
      },
      {
        "state": "ACT",
        "price": "420",
        "price_per_unit": "840",
        "price_unit": "EA"
      },
      {
        "state": "NT",
        "price": "420",
        "price_per_unit": "840",
        "price_unit": "EA"
      }
    ]
  },
  {
    "source_url": "https://www.woolworths.com.au/shop/productdetails/94843/equal-sweetener-tablets",
    "name": "Equal Sweetener Tablets 100 Pack",
    "image_url": "https://cdn1.woolworths.media/content/wowproductimages/large/094843.jpg",
    "source_id": "Woolworths - 94843",
    "barcode": "9310491000009",
    "shop": "Woolworths",
    "weight": "100EA",
    "prices": [
      {
        "state": "VIC",
        "price": "320",
        "price_per_unit": "320",
        "price_unit": "EA"
      },
      {
        "state": "QLD",
        "price": "320",
        "price_per_unit": "320",
        "price_unit": "EA"
      },
      {
        "state": "WA",
        "price": "320",
        "price_per_unit": "320",
        "price_unit": "EA"
      },
      {
        "state": "SA",
        "price": "320",
        "price_per_unit": "320",
        "price_unit": "EA"
      },
      {
        "state": "TAS",
        "price": "420",
        "price_per_unit": "420",
        "price_unit": "EA"
      },
      {
        "state": "ACT",
        "price": "420",
        "price_per_unit": "420",
        "price_unit": "EA"
      },
      {
        "state": "NT",
        "price": "420",
        "price_per_unit": "420",
        "price_unit": "EA"
      }
    ]
  },
  {
    "source_url": "https://www.woolworths.com.au/shop/productdetails/24488/equal-sweetener-tablets",
    "name": "Equal Sweetener Tablets 300 Pack",
    "image_url": "https://cdn1.woolworths.media/content/wowproductimages/large/024488.jpg",
    "source_id": "Woolworths - 24488",
    "barcode": "9310491000030",
    "shop": "Woolworths",
    "weight": "100EA",
    "prices": [
      {
        "state": "VIC",
        "price": "880",
        "price_per_unit": "293",
        "price_unit": "EA"
      },
      {
        "state": "QLD",
        "price": "880",
        "price_per_unit": "293",
        "price_unit": "EA"
      },
      {
        "state": "WA",
        "price": "880",
        "price_per_unit": "293",
        "price_unit": "EA"
      },
      {
        "state": "SA",
        "price": "880",
        "price_per_unit": "293",
        "price_unit": "EA"
      },
      {
        "state": "TAS",
        "price": "700",
        "price_per_unit": "233",
        "price_unit": "EA"
      },
      {
        "state": "ACT",
        "price": "700",
        "price_per_unit": "233",
        "price_unit": "EA"
      },
      {
        "state": "NT",
        "price": "700",
        "price_per_unit": "233",
        "price_unit": "EA"
      }
    ]
  },
  {
    "source_url": "https://www.woolworths.com.au/shop/productdetails/807039/equal-sweetener-tablets",
    "name": "Equal Sweetener Tablets 600 Tablets",
    "image_url": "https://cdn1.woolworths.media/content/wowproductimages/large/807039.jpg",
    "source_id": "Woolworths - 807039",
    "barcode": "7640110708446",
    "shop": "Woolworths",
    "weight": "100EA",
    "prices": [
      {
        "state": "VIC",
        "price": "1300",
        "price_per_unit": "217",
        "price_unit": "EA"
      },
      {
        "state": "QLD",
        "price": "1300",
        "price_per_unit": "217",
        "price_unit": "EA"
      },
      {
        "state": "WA",
        "price": "1300",
        "price_per_unit": "217",
        "price_unit": "EA"
      },
      {
        "state": "SA",
        "price": "1300",
        "price_per_unit": "217",
        "price_unit": "EA"
      },
      {
        "state": "TAS",
        "price": "1300",
        "price_per_unit": "217",
        "price_unit": "EA"
      },
      {
        "state": "ACT",
        "price": "1300",
        "price_per_unit": "217",
        "price_unit": "EA"
      },
      {
        "state": "NT",
        "price": "1300",
        "price_per_unit": "217",
        "price_unit": "EA"
      }
    ]
  },
  {
    "source_url": "https://www.woolworths.com.au/shop/productdetails/18174/essentials-raw-sugar",
    "name": "Essentials Raw Sugar 2kg",
    "image_url": "https://cdn1.woolworths.media/content/wowproductimages/large/018174.jpg",
    "source_id": "Woolworths - 18174",
    "barcode": "9300633181741",
    "shop": "Woolworths",
    "weight": "100G",
    "prices": [
      {
        "state": "VIC",
        "price": "320",
        "price_per_unit": "16",
        "price_unit": "G"
      },
      {
        "state": "QLD",
        "price": "320",
        "price_per_unit": "16",
        "price_unit": "G"
      },
      {
        "state": "WA",
        "price": "320",
        "price_per_unit": "16",
        "price_unit": "G"
      },
      {
        "state": "SA",
        "price": "320",
        "price_per_unit": "16",
        "price_unit": "G"
      },
      {
        "state": "TAS",
        "price": "320",
        "price_per_unit": "16",
        "price_unit": "G"
      },
      {
        "state": "ACT",
        "price": "320",
        "price_per_unit": "16",
        "price_unit": "G"
      },
      {
        "state": "NT",
        "price": "320",
        "price_per_unit": "16",
        "price_unit": "G"
      }
    ]
  },
  {
    "source_url": "https://www.woolworths.com.au/shop/productdetails/4897/essentials-raw-sugar",
    "name": "Essentials Raw Sugar 3kg",
    "image_url": "https://cdn1.woolworths.media/content/wowproductimages/large/004897.jpg",
    "source_id": "Woolworths - 4897",
    "barcode": "9300633048976",
    "shop": "Woolworths",
    "weight": "100G",
    "prices": [
      {
        "state": "VIC",
        "price": "480",
        "price_per_unit": "16",
        "price_unit": "G"
      },
      {
        "state": "QLD",
        "price": "480",
        "price_per_unit": "16",
        "price_unit": "G"
      },
      {
        "state": "WA",
        "price": "480",
        "price_per_unit": "16",
        "price_unit": "G"
      },
      {
        "state": "ACT",
        "price": "480",
        "price_per_unit": "16",
        "price_unit": "G"
      },
      {
        "state": "NT",
        "price": "480",
        "price_per_unit": "16",
        "price_unit": "G"
      }
    ]
  },
  {
    "source_url": "https://www.woolworths.com.au/shop/productdetails/5743/essentials-white-sugar",
    "name": "Essentials White Sugar 2kg",
    "image_url": "https://cdn1.woolworths.media/content/wowproductimages/large/005743.jpg",
    "source_id": "Woolworths - 5743",
    "barcode": "9300633918682",
    "shop": "Woolworths",
    "weight": "100G",
    "prices": [
      {
        "state": "VIC",
        "price": "285",
        "price_per_unit": "14",
        "price_unit": "G"
      },
      {
        "state": "QLD",
        "price": "285",
        "price_per_unit": "14",
        "price_unit": "G"
      },
      {
        "state": "WA",
        "price": "285",
        "price_per_unit": "14",
        "price_unit": "G"
      },
      {
        "state": "SA",
        "price": "285",
        "price_per_unit": "14",
        "price_unit": "G"
      },
      {
        "state": "TAS",
        "price": "285",
        "price_per_unit": "14",
        "price_unit": "G"
      },
      {
        "state": "ACT",
        "price": "285",
        "price_per_unit": "14",
        "price_unit": "G"
      },
      {
        "state": "NT",
        "price": "285",
        "price_per_unit": "14",
        "price_unit": "G"
      }
    ]
  },
  {
    "source_url": "https://www.woolworths.com.au/shop/productdetails/91869/essentials-white-sugar",
    "name": "Essentials White Sugar 3kg",
    "image_url": "https://cdn1.woolworths.media/content/wowproductimages/large/091869.jpg",
    "source_id": "Woolworths - 91869",
    "barcode": "9300633918699",
    "shop": "Woolworths",
    "weight": "100G",
    "prices": [
      {
        "state": "VIC",
        "price": "425",
        "price_per_unit": "14",
        "price_unit": "G"
      },
      {
        "state": "QLD",
        "price": "425",
        "price_per_unit": "14",
        "price_unit": "G"
      },
      {
        "state": "WA",
        "price": "425",
        "price_per_unit": "14",
        "price_unit": "G"
      },
      {
        "state": "ACT",
        "price": "425",
        "price_per_unit": "14",
        "price_unit": "G"
      },
      {
        "state": "NT",
        "price": "425",
        "price_per_unit": "14",
        "price_unit": "G"
      }
    ]
  },
  {
    "source_url": "https://www.woolworths.com.au/shop/productdetails/291075/gerard-family-foods-organic-agave-sweetener",
    "name": "Gerard Family Foods Organic Agave Sweetener 500g",
    "image_url": "https://cdn1.woolworths.media/content/wowproductimages/large/291075.jpg",
    "source_id": "Woolworths - 291075",
    "barcode": "9311106999985",
    "shop": "Woolworths",
    "weight": "100G",
    "prices": [
      {
        "state": "VIC",
        "price": "622",
        "price_per_unit": "124",
        "price_unit": "G"
      },
      {
        "state": "QLD",
        "price": "622",
        "price_per_unit": "124",
        "price_unit": "G"
      },
      {
        "state": "WA",
        "price": "622",
        "price_per_unit": "124",
        "price_unit": "G"
      },
      {
        "state": "SA",
        "price": "622",
        "price_per_unit": "124",
        "price_unit": "G"
      },
      {
        "state": "TAS",
        "price": "1245",
        "price_per_unit": "249",
        "price_unit": "G"
      },
      {
        "state": "ACT",
        "price": "1245",
        "price_per_unit": "249",
        "price_unit": "G"
      },
      {
        "state": "NT",
        "price": "1245",
        "price_per_unit": "249",
        "price_unit": "G"
      }
    ]
  },
  {
    "source_url": "https://www.woolworths.com.au/shop/productdetails/182028/hermesetas-mini-sweetener-tablets",
    "name": "Hermesetas Mini Sweetener Tablets 800 Pack",
    "image_url": "https://cdn1.woolworths.media/content/wowproductimages/large/182028.jpg",
    "source_id": "Woolworths - 182028",
    "barcode": "7610211031002",
    "shop": "Woolworths",
    "weight": "100EA",
    "prices": [
      {
        "state": "VIC",
        "price": "620",
        "price_per_unit": "78",
        "price_unit": "EA"
      },
      {
        "state": "QLD",
        "price": "620",
        "price_per_unit": "78",
        "price_unit": "EA"
      },
      {
        "state": "WA",
        "price": "620",
        "price_per_unit": "78",
        "price_unit": "EA"
      },
      {
        "state": "SA",
        "price": "620",
        "price_per_unit": "78",
        "price_unit": "EA"
      },
      {
        "state": "TAS",
        "price": "620",
        "price_per_unit": "78",
        "price_unit": "EA"
      },
      {
        "state": "ACT",
        "price": "780",
        "price_per_unit": "98",
        "price_unit": "EA"
      },
      {
        "state": "NT",
        "price": "780",
        "price_per_unit": "98",
        "price_unit": "EA"
      }
    ]
  },
  {
    "source_url": "https://www.woolworths.com.au/shop/productdetails/232208/hermesetas-sweetener-tablets",
    "name": "Hermesetas Sweetener Tablets 300 Pack",
    "image_url": "https://cdn1.woolworths.media/content/wowproductimages/large/232208.jpg",
    "source_id": "Woolworths - 232208",
    "barcode": "7610211030203",
    "shop": "Woolworths",
    "weight": "100EA",
    "prices": [
      {
        "state": "VIC",
        "price": "430",
        "price_per_unit": "143",
        "price_unit": "EA"
      },
      {
        "state": "QLD",
        "price": "430",
        "price_per_unit": "143",
        "price_unit": "EA"
      },
      {
        "state": "WA",
        "price": "430",
        "price_per_unit": "143",
        "price_unit": "EA"
      },
      {
        "state": "SA",
        "price": "430",
        "price_per_unit": "143",
        "price_unit": "EA"
      },
      {
        "state": "TAS",
        "price": "430",
        "price_per_unit": "143",
        "price_unit": "EA"
      },
      {
        "state": "ACT",
        "price": "430",
        "price_per_unit": "143",
        "price_unit": "EA"
      },
      {
        "state": "NT",
        "price": "430",
        "price_per_unit": "143",
        "price_unit": "EA"
      }
    ]
  },
  {
    "source_url": "https://www.woolworths.com.au/shop/productdetails/282543/lakanto-golden-monkfruit-sweetener",
    "name": "Lakanto Golden Monkfruit Sweetener 500g",
    "image_url": "https://cdn1.woolworths.media/content/wowproductimages/large/282543.jpg",
    "source_id": "Woolworths - 282543",
    "barcode": "9349664002281",
    "shop": "Woolworths",
    "weight": "100G",
    "prices": [
      {
        "state": "VIC",
        "price": "1600",
        "price_per_unit": "320",
        "price_unit": "G"
      },
      {
        "state": "QLD",
        "price": "1600",
        "price_per_unit": "320",
        "price_unit": "G"
      },
      {
        "state": "WA",
        "price": "1600",
        "price_per_unit": "320",
        "price_unit": "G"
      },
      {
        "state": "SA",
        "price": "1600",
        "price_per_unit": "320",
        "price_unit": "G"
      },
      {
        "state": "TAS",
        "price": "1600",
        "price_per_unit": "320",
        "price_unit": "G"
      },
      {
        "state": "ACT",
        "price": "1600",
        "price_per_unit": "320",
        "price_unit": "G"
      },
      {
        "state": "NT",
        "price": "1600",
        "price_per_unit": "320",
        "price_unit": "G"
      }
    ]
  },
  {
    "source_url": "https://www.woolworths.com.au/shop/productdetails/143186/lakanto-monkfruit-classic-sweetener-replaces-white-sugar",
    "name": "Lakanto Monkfruit Classic Sweetener Replaces White Sugar 500g",
    "image_url": "https://cdn1.woolworths.media/content/wowproductimages/large/143186.jpg",
    "source_id": "Woolworths - 143186",
    "barcode": "9349664002229",
    "shop": "Woolworths",
    "weight": "100G",
    "prices": [
      {
        "state": "VIC",
        "price": "1600",
        "price_per_unit": "320",
        "price_unit": "G"
      },
      {
        "state": "QLD",
        "price": "1600",
        "price_per_unit": "320",
        "price_unit": "G"
      },
      {
        "state": "WA",
        "price": "1600",
        "price_per_unit": "320",
        "price_unit": "G"
      },
      {
        "state": "SA",
        "price": "1600",
        "price_per_unit": "320",
        "price_unit": "G"
      },
      {
        "state": "TAS",
        "price": "1600",
        "price_per_unit": "320",
        "price_unit": "G"
      },
      {
        "state": "ACT",
        "price": "1600",
        "price_per_unit": "320",
        "price_unit": "G"
      },
      {
        "state": "NT",
        "price": "1600",
        "price_per_unit": "320",
        "price_unit": "G"
      }
    ]
  },
  {
    "source_url": "https://www.woolworths.com.au/shop/productdetails/280760/lakanto-monkfruit-sweetener-brown",
    "name": "Lakanto Monkfruit Sweetener Brown 450g",
    "image_url": "https://cdn1.woolworths.media/content/wowproductimages/large/280760.jpg",
    "source_id": "Woolworths - 280760",
    "barcode": "9349664004094",
    "shop": "Woolworths",
    "weight": "100G",
    "prices": [
      {
        "state": "VIC",
        "price": "1600",
        "price_per_unit": "356",
        "price_unit": "G"
      },
      {
        "state": "QLD",
        "price": "1600",
        "price_per_unit": "356",
        "price_unit": "G"
      },
      {
        "state": "WA",
        "price": "1600",
        "price_per_unit": "356",
        "price_unit": "G"
      },
      {
        "state": "SA",
        "price": "1600",
        "price_per_unit": "356",
        "price_unit": "G"
      },
      {
        "state": "TAS",
        "price": "1600",
        "price_per_unit": "356",
        "price_unit": "G"
      },
      {
        "state": "ACT",
        "price": "1600",
        "price_per_unit": "356",
        "price_unit": "G"
      },
      {
        "state": "NT",
        "price": "1600",
        "price_per_unit": "356",
        "price_unit": "G"
      }
    ]
  },
  {
    "source_url": "https://www.woolworths.com.au/shop/productdetails/215466/macro-organic-raw-sugar-organic",
    "name": "Macro Organic Raw Sugar Organic 1kg",
    "image_url": "https://cdn1.woolworths.media/content/wowproductimages/large/215466.jpg",
    "source_id": "Woolworths - 215466",
    "barcode": "9339687308071",
    "shop": "Woolworths",
    "weight": "100G",
    "prices": [
      {
        "state": "VIC",
        "price": "270",
        "price_per_unit": "27",
        "price_unit": "G"
      },
      {
        "state": "QLD",
        "price": "270",
        "price_per_unit": "27",
        "price_unit": "G"
      },
      {
        "state": "WA",
        "price": "270",
        "price_per_unit": "27",
        "price_unit": "G"
      },
      {
        "state": "SA",
        "price": "270",
        "price_per_unit": "27",
        "price_unit": "G"
      },
      {
        "state": "TAS",
        "price": "270",
        "price_per_unit": "27",
        "price_unit": "G"
      },
      {
        "state": "ACT",
        "price": "270",
        "price_per_unit": "27",
        "price_unit": "G"
      },
      {
        "state": "NT",
        "price": "270",
        "price_per_unit": "27",
        "price_unit": "G"
      }
    ]
  },
  {
    "source_url": "https://www.woolworths.com.au/shop/productdetails/122336/mountain-valley-australian-molasses-squeeze",
    "name": "Mountain Valley Australian Molasses Squeeze 400g",
    "image_url": "https://cdn1.woolworths.media/content/wowproductimages/large/122336.jpg",
    "source_id": "Woolworths - 122336",
    "barcode": "9300677010946",
    "shop": "Woolworths",
    "weight": "100G",
    "prices": [
      {
        "state": "VIC",
        "price": "350",
        "price_per_unit": "78",
        "price_unit": "G"
      },
      {
        "state": "QLD",
        "price": "350",
        "price_per_unit": "78",
        "price_unit": "G"
      },
      {
        "state": "WA",
        "price": "350",
        "price_per_unit": "78",
        "price_unit": "G"
      },
      {
        "state": "SA",
        "price": "350",
        "price_per_unit": "78",
        "price_unit": "G"
      },
      {
        "state": "TAS",
        "price": "350",
        "price_per_unit": "78",
        "price_unit": "G"
      },
      {
        "state": "ACT",
        "price": "350",
        "price_per_unit": "78",
        "price_unit": "G"
      },
      {
        "state": "NT",
        "price": "350",
        "price_per_unit": "78",
        "price_unit": "G"
      }
    ]
  },
  {
    "source_url": "https://www.woolworths.com.au/shop/productdetails/534207/natvia-100-natural-sweetener",
    "name": "Natvia 100% Natural Sweetener 350g",
    "image_url": "https://cdn1.woolworths.media/content/wowproductimages/large/534207.jpg",
    "source_id": "Woolworths - 534207",
    "barcode": "9342985000615",
    "shop": "Woolworths",
    "weight": "100G",
    "prices": [
      {
        "state": "VIC",
        "price": "580",
        "price_per_unit": "166",
        "price_unit": "G"
      },
      {
        "state": "QLD",
        "price": "580",
        "price_per_unit": "166",
        "price_unit": "G"
      },
      {
        "state": "WA",
        "price": "580",
        "price_per_unit": "166",
        "price_unit": "G"
      },
      {
        "state": "SA",
        "price": "580",
        "price_per_unit": "166",
        "price_unit": "G"
      },
      {
        "state": "TAS",
        "price": "580",
        "price_per_unit": "166",
        "price_unit": "G"
      },
      {
        "state": "ACT",
        "price": "775",
        "price_per_unit": "221",
        "price_unit": "G"
      },
      {
        "state": "NT",
        "price": "775",
        "price_per_unit": "221",
        "price_unit": "G"
      }
    ]
  },
  {
    "source_url": "https://www.woolworths.com.au/shop/productdetails/104327/natvia-gold-sweetener",
    "name": "Natvia Gold Sweetener 250g",
    "image_url": "https://cdn1.woolworths.media/content/wowproductimages/large/104327.jpg",
    "source_id": "Woolworths - 104327",
    "barcode": "9342985000844",
    "shop": "Woolworths",
    "weight": "100G",
    "prices": [
      {
        "state": "VIC",
        "price": "850",
        "price_per_unit": "340",
        "price_unit": "G"
      },
      {
        "state": "QLD",
        "price": "850",
        "price_per_unit": "340",
        "price_unit": "G"
      },
      {
        "state": "WA",
        "price": "850",
        "price_per_unit": "340",
        "price_unit": "G"
      },
      {
        "state": "SA",
        "price": "850",
        "price_per_unit": "340",
        "price_unit": "G"
      },
      null,
      {
        "state": "ACT",
        "price": "850",
        "price_per_unit": "340",
        "price_unit": "G"
      },
      {
        "state": "NT",
        "price": "850",
        "price_per_unit": "340",
        "price_unit": "G"
      }
    ]
  },
  {
    "source_url": "https://www.woolworths.com.au/shop/productdetails/741011/natvia-sweetener-sticks",
    "name": "Natvia Sweetener Sticks 40 Pack",
    "image_url": "https://cdn1.woolworths.media/content/wowproductimages/large/741011.jpg",
    "source_id": "Woolworths - 741011",
    "barcode": "9342985000424",
    "shop": "Woolworths",
    "weight": "100EA",
    "prices": [
      {
        "state": "VIC",
        "price": "450",
        "price_per_unit": "1125",
        "price_unit": "EA"
      },
      {
        "state": "QLD",
        "price": "450",
        "price_per_unit": "1125",
        "price_unit": "EA"
      },
      {
        "state": "WA",
        "price": "450",
        "price_per_unit": "1125",
        "price_unit": "EA"
      },
      {
        "state": "SA",
        "price": "450",
        "price_per_unit": "1125",
        "price_unit": "EA"
      },
      {
        "state": "TAS",
        "price": "450",
        "price_per_unit": "1125",
        "price_unit": "EA"
      },
      {
        "state": "ACT",
        "price": "450",
        "price_per_unit": "1125",
        "price_unit": "EA"
      },
      {
        "state": "NT",
        "price": "450",
        "price_per_unit": "1125",
        "price_unit": "EA"
      }
    ]
  },
  {
    "source_url": "https://www.woolworths.com.au/shop/productdetails/707225/natvia-sweetener-tablets-100-natural",
    "name": "Natvia Sweetener Tablets 100% Natural 200 Pack",
    "image_url": "https://cdn1.woolworths.media/content/wowproductimages/large/707225.jpg",
    "source_id": "Woolworths - 707225",
    "barcode": "9342985000172",
    "shop": "Woolworths",
    "weight": "100EA",
    "prices": [
      {
        "state": "VIC",
        "price": "650",
        "price_per_unit": "325",
        "price_unit": "EA"
      },
      {
        "state": "QLD",
        "price": "650",
        "price_per_unit": "325",
        "price_unit": "EA"
      },
      {
        "state": "WA",
        "price": "650",
        "price_per_unit": "325",
        "price_unit": "EA"
      },
      {
        "state": "SA",
        "price": "650",
        "price_per_unit": "325",
        "price_unit": "EA"
      },
      {
        "state": "TAS",
        "price": "650",
        "price_per_unit": "325",
        "price_unit": "EA"
      },
      {
        "state": "ACT",
        "price": "650",
        "price_per_unit": "325",
        "price_unit": "EA"
      },
      {
        "state": "NT",
        "price": "650",
        "price_per_unit": "325",
        "price_unit": "EA"
      }
    ]
  },
  {
    "source_url": "https://www.woolworths.com.au/shop/productdetails/56698/pureharvest-rice-malt-syrup",
    "name": "Pureharvest Rice Malt Syrup 500g",
    "image_url": "https://cdn1.woolworths.media/content/wowproductimages/large/056698.jpg",
    "source_id": "Woolworths - 56698",
    "barcode": "9312231338168",
    "shop": "Woolworths",
    "weight": "100G",
    "prices": [
      {
        "state": "VIC",
        "price": "380",
        "price_per_unit": "76",
        "price_unit": "G"
      },
      {
        "state": "QLD",
        "price": "380",
        "price_per_unit": "76",
        "price_unit": "G"
      },
      {
        "state": "WA",
        "price": "380",
        "price_per_unit": "76",
        "price_unit": "G"
      },
      {
        "state": "SA",
        "price": "380",
        "price_per_unit": "76",
        "price_unit": "G"
      },
      {
        "state": "TAS",
        "price": "380",
        "price_per_unit": "76",
        "price_unit": "G"
      },
      {
        "state": "ACT",
        "price": "380",
        "price_per_unit": "76",
        "price_unit": "G"
      },
      {
        "state": "NT",
        "price": "400",
        "price_per_unit": "80",
        "price_unit": "G"
      }
    ]
  },
  {
    "source_url": "https://www.woolworths.com.au/shop/productdetails/278856/raw-earth-sweetener-co-white-stevia",
    "name": "Raw Earth Sweetener Co White Stevia 300g",
    "image_url": "https://cdn1.woolworths.media/content/wowproductimages/large/278856.jpg",
    "source_id": "Woolworths - 278856",
    "barcode": "9342985001919",
    "shop": "Woolworths",
    "weight": "100G",
    "prices": [
      {
        "state": "VIC",
        "price": "500",
        "price_per_unit": "167",
        "price_unit": "G"
      },
      {
        "state": "QLD",
        "price": "500",
        "price_per_unit": "167",
        "price_unit": "G"
      },
      {
        "state": "WA",
        "price": "500",
        "price_per_unit": "167",
        "price_unit": "G"
      },
      {
        "state": "SA",
        "price": "500",
        "price_per_unit": "167",
        "price_unit": "G"
      },
      {
        "state": "TAS",
        "price": "500",
        "price_per_unit": "167",
        "price_unit": "G"
      },
      {
        "state": "ACT",
        "price": "500",
        "price_per_unit": "167",
        "price_unit": "G"
      },
      {
        "state": "NT",
        "price": "500",
        "price_per_unit": "167",
        "price_unit": "G"
      }
    ]
  },
  {
    "source_url": "https://www.woolworths.com.au/shop/productdetails/346058/splenda-sweetener-sachets",
    "name": "Splenda Sweetener Sachets 100g",
    "image_url": "https://cdn1.woolworths.media/content/wowproductimages/large/346058.jpg",
    "source_id": "Woolworths - 346058",
    "barcode": "722776001424",
    "shop": "Woolworths",
    "weight": "100EA",
    "prices": [
      {
        "state": "VIC",
        "price": "650",
        "price_per_unit": "650",
        "price_unit": "EA"
      },
      {
        "state": "QLD",
        "price": "650",
        "price_per_unit": "650",
        "price_unit": "EA"
      },
      {
        "state": "WA",
        "price": "650",
        "price_per_unit": "650",
        "price_unit": "EA"
      },
      {
        "state": "SA",
        "price": "650",
        "price_per_unit": "650",
        "price_unit": "EA"
      },
      {
        "state": "TAS",
        "price": "650",
        "price_per_unit": "650",
        "price_unit": "EA"
      },
      {
        "state": "ACT",
        "price": "650",
        "price_per_unit": "650",
        "price_unit": "EA"
      },
      {
        "state": "NT",
        "price": "650",
        "price_per_unit": "650",
        "price_unit": "EA"
      }
    ]
  },
  {
    "source_url": "https://www.woolworths.com.au/shop/productdetails/329037/stevia-sweet-sweet-granulated-jar",
    "name": "Stevia Sweet Sweet Granulated Jar 75G",
    "image_url": "https://cdn1.woolworths.media/content/wowproductimages/large/329037.jpg",
    "source_id": "Woolworths - 329037",
    "barcode": "7610211149202",
    "shop": "Woolworths",
    "weight": "100G",
    "prices": [
      {
        "state": "VIC",
        "price": "880",
        "price_per_unit": "1173",
        "price_unit": "G"
      },
      {
        "state": "QLD",
        "price": "880",
        "price_per_unit": "1173",
        "price_unit": "G"
      },
      {
        "state": "WA",
        "price": "880",
        "price_per_unit": "1173",
        "price_unit": "G"
      },
      {
        "state": "SA",
        "price": "880",
        "price_per_unit": "1173",
        "price_unit": "G"
      },
      {
        "state": "ACT",
        "price": "700",
        "price_per_unit": "933",
        "price_unit": "G"
      },
      {
        "state": "NT",
        "price": "700",
        "price_per_unit": "933",
        "price_unit": "G"
      }
    ]
  },
  {
    "source_url": "https://www.woolworths.com.au/shop/productdetails/329036/stevia-sweet-sweet-granulated-sachets",
    "name": "Stevia Sweet Sweet Granulated Sachets 50 Pack",
    "image_url": "https://cdn1.woolworths.media/content/wowproductimages/large/329036.jpg",
    "source_id": "Woolworths - 329036",
    "barcode": "7610211149004",
    "shop": "Woolworths",
    "weight": "100EA",
    "prices": [
      {
        "state": "VIC",
        "price": "580",
        "price_per_unit": "1160",
        "price_unit": "EA"
      },
      {
        "state": "QLD",
        "price": "580",
        "price_per_unit": "1160",
        "price_unit": "EA"
      },
      {
        "state": "WA",
        "price": "580",
        "price_per_unit": "1160",
        "price_unit": "EA"
      },
      {
        "state": "SA",
        "price": "580",
        "price_per_unit": "1160",
        "price_unit": "EA"
      },
      {
        "state": "ACT",
        "price": "580",
        "price_per_unit": "1160",
        "price_unit": "EA"
      },
      {
        "state": "NT",
        "price": "580",
        "price_per_unit": "1160",
        "price_unit": "EA"
      }
    ]
  },
  {
    "source_url": "https://www.woolworths.com.au/shop/productdetails/650297/stevia-sweet-sweet-tablets",
    "name": "Stevia Sweet Sweet Tablets 220 Pack",
    "image_url": "https://cdn1.woolworths.media/content/wowproductimages/large/650297.jpg",
    "source_id": "Woolworths - 650297",
    "barcode": "7610211149509",
    "shop": "Woolworths",
    "weight": "100EA",
    "prices": [
      {
        "state": "VIC",
        "price": "685",
        "price_per_unit": "311",
        "price_unit": "EA"
      },
      {
        "state": "QLD",
        "price": "685",
        "price_per_unit": "311",
        "price_unit": "EA"
      },
      {
        "state": "WA",
        "price": "685",
        "price_per_unit": "311",
        "price_unit": "EA"
      },
      {
        "state": "SA",
        "price": "685",
        "price_per_unit": "311",
        "price_unit": "EA"
      },
      {
        "state": "ACT",
        "price": "860",
        "price_per_unit": "391",
        "price_unit": "EA"
      },
      {
        "state": "NT",
        "price": "860",
        "price_per_unit": "391",
        "price_unit": "EA"
      }
    ]
  },
  {
    "source_url": "https://www.woolworths.com.au/shop/productdetails/612562/sugarine-sweetener-tablets",
    "name": "Sugarine Sweetener Tablets 600 Pack",
    "image_url": "https://cdn1.woolworths.media/content/wowproductimages/large/612562.jpg",
    "source_id": "Woolworths - 612562",
    "barcode": "9300711398160",
    "shop": "Woolworths",
    "weight": "100EA",
    "prices": [
      {
        "state": "VIC",
        "price": "570",
        "price_per_unit": "95",
        "price_unit": "EA"
      },
      {
        "state": "QLD",
        "price": "570",
        "price_per_unit": "95",
        "price_unit": "EA"
      },
      {
        "state": "WA",
        "price": "570",
        "price_per_unit": "95",
        "price_unit": "EA"
      },
      {
        "state": "SA",
        "price": "570",
        "price_per_unit": "95",
        "price_unit": "EA"
      },
      {
        "state": "TAS",
        "price": "570",
        "price_per_unit": "95",
        "price_unit": "EA"
      },
      {
        "state": "ACT",
        "price": "570",
        "price_per_unit": "95",
        "price_unit": "EA"
      },
      {
        "state": "NT",
        "price": "570",
        "price_per_unit": "95",
        "price_unit": "EA"
      }
    ]
  },
  {
    "source_url": "https://www.woolworths.com.au/shop/productdetails/665785/sugarless-low-calorie-sweetener-sachets",
    "name": "Sugarless Low Calorie Sweetener Sachets 132 Pack",
    "image_url": "https://cdn1.woolworths.media/content/wowproductimages/large/665785.jpg",
    "source_id": "Woolworths - 665785",
    "barcode": "9310665003003",
    "shop": "Woolworths",
    "weight": "100EA",
    "prices": [
      {
        "state": "VIC",
        "price": "600",
        "price_per_unit": "455",
        "price_unit": "EA"
      },
      {
        "state": "QLD",
        "price": "600",
        "price_per_unit": "455",
        "price_unit": "EA"
      },
      {
        "state": "WA",
        "price": "600",
        "price_per_unit": "455",
        "price_unit": "EA"
      },
      {
        "state": "SA",
        "price": "600",
        "price_per_unit": "455",
        "price_unit": "EA"
      },
      {
        "state": "TAS",
        "price": "600",
        "price_per_unit": "455",
        "price_unit": "EA"
      },
      {
        "state": "ACT",
        "price": "600",
        "price_per_unit": "455",
        "price_unit": "EA"
      },
      {
        "state": "NT",
        "price": "600",
        "price_per_unit": "455",
        "price_unit": "EA"
      }
    ]
  },
  {
    "source_url": "https://www.woolworths.com.au/shop/productdetails/665840/sugarless-stevia-organic",
    "name": "Sugarless Stevia Organic 350g",
    "image_url": "https://cdn1.woolworths.media/content/wowproductimages/large/665840.jpg",
    "source_id": "Woolworths - 665840",
    "barcode": "9310665008862",
    "shop": "Woolworths",
    "weight": "100G",
    "prices": [
      {
        "state": "VIC",
        "price": "660",
        "price_per_unit": "189",
        "price_unit": "G"
      },
      {
        "state": "QLD",
        "price": "660",
        "price_per_unit": "189",
        "price_unit": "G"
      },
      {
        "state": "WA",
        "price": "660",
        "price_per_unit": "189",
        "price_unit": "G"
      },
      {
        "state": "SA",
        "price": "660",
        "price_per_unit": "189",
        "price_unit": "G"
      },
      {
        "state": "TAS",
        "price": "850",
        "price_per_unit": "243",
        "price_unit": "G"
      },
      {
        "state": "ACT",
        "price": "850",
        "price_per_unit": "243",
        "price_unit": "G"
      },
      {
        "state": "NT",
        "price": "890",
        "price_per_unit": "254",
        "price_unit": "G"
      }
    ]
  },
  {
    "source_url": "https://www.woolworths.com.au/shop/productdetails/193794/sunshine-sugar-low-gi-sugar",
    "name": "Sunshine Sugar Low GI Sugar 1kg",
    "image_url": "https://cdn1.woolworths.media/content/wowproductimages/large/193794.jpg",
    "source_id": "Woolworths - 193794",
    "barcode": "9316220146017",
    "shop": "Woolworths",
    "weight": "100G",
    "prices": [
      {
        "state": "VIC",
        "price": "300",
        "price_per_unit": "30",
        "price_unit": "G"
      },
      {
        "state": "QLD",
        "price": "300",
        "price_per_unit": "30",
        "price_unit": "G"
      },
      {
        "state": "WA",
        "price": "300",
        "price_per_unit": "30",
        "price_unit": "G"
      },
      {
        "state": "SA",
        "price": "300",
        "price_per_unit": "30",
        "price_unit": "G"
      },
      {
        "state": "TAS",
        "price": "300",
        "price_per_unit": "30",
        "price_unit": "G"
      },
      {
        "state": "NT",
        "price": "300",
        "price_per_unit": "30",
        "price_unit": "G"
      }
    ]
  },
  {
    "source_url": "https://www.woolworths.com.au/shop/productdetails/141478/whole-earth-brown-sugar-replacement",
    "name": "Whole Earth Brown Sugar Replacement 200g",
    "image_url": "https://cdn1.woolworths.media/content/wowproductimages/large/141478.jpg",
    "source_id": "Woolworths - 141478",
    "barcode": "7630486400860",
    "shop": "Woolworths",
    "weight": "100G",
    "prices": [
      {
        "state": "VIC",
        "price": "890",
        "price_per_unit": "445",
        "price_unit": "G"
      },
      {
        "state": "QLD",
        "price": "890",
        "price_per_unit": "445",
        "price_unit": "G"
      },
      {
        "state": "WA",
        "price": "890",
        "price_per_unit": "445",
        "price_unit": "G"
      },
      {
        "state": "TAS",
        "price": "890",
        "price_per_unit": "445",
        "price_unit": "G"
      },
      {
        "state": "ACT",
        "price": "710",
        "price_per_unit": "355",
        "price_unit": "G"
      },
      {
        "state": "NT",
        "price": "710",
        "price_per_unit": "355",
        "price_unit": "G"
      }
    ]
  },
  {
    "source_url": "https://www.woolworths.com.au/shop/productdetails/108123/whole-earth-monk-fruit-sweetener-granules",
    "name": "Whole Earth Monk Fruit Sweetener Granules 200g",
    "image_url": "https://cdn1.woolworths.media/content/wowproductimages/large/108123.jpg",
    "source_id": "Woolworths - 108123",
    "barcode": "7640110709962",
    "shop": "Woolworths",
    "weight": "100G",
    "prices": [
      {
        "state": "VIC",
        "price": "850",
        "price_per_unit": "425",
        "price_unit": "G"
      },
      {
        "state": "QLD",
        "price": "850",
        "price_per_unit": "425",
        "price_unit": "G"
      },
      {
        "state": "WA",
        "price": "850",
        "price_per_unit": "425",
        "price_unit": "G"
      },
      {
        "state": "TAS",
        "price": "850",
        "price_per_unit": "425",
        "price_unit": "G"
      },
      {
        "state": "ACT",
        "price": "850",
        "price_per_unit": "425",
        "price_unit": "G"
      },
      {
        "state": "NT",
        "price": "680",
        "price_per_unit": "340",
        "price_unit": "G"
      }
    ]
  },
  {
    "source_url": "https://www.woolworths.com.au/shop/productdetails/108124/whole-earth-monk-fruit-sweetener-sticks",
    "name": "Whole Earth Monk Fruit Sweetener Sticks 40 Pack",
    "image_url": "https://cdn1.woolworths.media/content/wowproductimages/large/108124.jpg",
    "source_id": "Woolworths - 108124",
    "barcode": "7640110709955",
    "shop": "Woolworths",
    "weight": "1EA",
    "prices": [
      {
        "state": "VIC",
        "price": "390",
        "price_per_unit": "10",
        "price_unit": "EA"
      },
      {
        "state": "QLD",
        "price": "390",
        "price_per_unit": "10",
        "price_unit": "EA"
      },
      {
        "state": "WA",
        "price": "390",
        "price_per_unit": "10",
        "price_unit": "EA"
      },
      {
        "state": "TAS",
        "price": "390",
        "price_per_unit": "10",
        "price_unit": "EA"
      },
      {
        "state": "ACT",
        "price": "390",
        "price_per_unit": "10",
        "price_unit": "EA"
      },
      {
        "state": "NT",
        "price": "390",
        "price_per_unit": "10",
        "price_unit": "EA"
      }
    ]
  },
  {
    "source_url": "https://www.woolworths.com.au/shop/productdetails/141705/whole-earth-raw-sugar-replacement",
    "name": "Whole Earth Raw Sugar Replacement 200g",
    "image_url": "https://cdn1.woolworths.media/content/wowproductimages/large/141705.jpg",
    "source_id": "Woolworths - 141705",
    "barcode": "7630486400792",
    "shop": "Woolworths",
    "weight": "100G",
    "prices": [
      {
        "state": "VIC",
        "price": "890",
        "price_per_unit": "445",
        "price_unit": "G"
      },
      {
        "state": "QLD",
        "price": "890",
        "price_per_unit": "445",
        "price_unit": "G"
      },
      {
        "state": "WA",
        "price": "890",
        "price_per_unit": "445",
        "price_unit": "G"
      },
      {
        "state": "TAS",
        "price": "890",
        "price_per_unit": "445",
        "price_unit": "G"
      },
      {
        "state": "ACT",
        "price": "890",
        "price_per_unit": "445",
        "price_unit": "G"
      },
      {
        "state": "NT",
        "price": "935",
        "price_per_unit": "468",
        "price_unit": "G"
      }
    ]
  },
  {
    "source_url": "https://www.woolworths.com.au/shop/productdetails/251041/whole-earth-stevia-sugar-replacement",
    "name": "Whole Earth Stevia Sugar Replacement 600g",
    "image_url": "https://cdn1.woolworths.media/content/wowproductimages/large/251041.jpg",
    "source_id": "Woolworths - 251041",
    "barcode": "7630486402635",
    "shop": "Woolworths",
    "weight": "100G",
    "prices": [
      {
        "state": "VIC",
        "price": "1080",
        "price_per_unit": "180",
        "price_unit": "G"
      },
      {
        "state": "QLD",
        "price": "1080",
        "price_per_unit": "180",
        "price_unit": "G"
      },
      {
        "state": "WA",
        "price": "1080",
        "price_per_unit": "180",
        "price_unit": "G"
      },
      {
        "state": "TAS",
        "price": "1080",
        "price_per_unit": "180",
        "price_unit": "G"
      },
      {
        "state": "ACT",
        "price": "1080",
        "price_per_unit": "180",
        "price_unit": "G"
      },
      {
        "state": "NT",
        "price": "1080",
        "price_per_unit": "180",
        "price_unit": "G"
      }
    ]
  },
  {
    "source_url": "https://www.woolworths.com.au/shop/productdetails/163996/whole-earth-stevia-sugar-replacement-super-valuepack",
    "name": "Whole Earth Stevia Sugar Replacement Super Valuepack 350g",
    "image_url": "https://cdn1.woolworths.media/content/wowproductimages/large/163996.jpg",
    "source_id": "Woolworths - 163996",
    "barcode": "7630486400884",
    "shop": "Woolworths",
    "weight": "100G",
    "prices": [
      {
        "state": "VIC",
        "price": "690",
        "price_per_unit": "197",
        "price_unit": "G"
      },
      {
        "state": "QLD",
        "price": "690",
        "price_per_unit": "197",
        "price_unit": "G"
      },
      {
        "state": "WA",
        "price": "690",
        "price_per_unit": "197",
        "price_unit": "G"
      },
      {
        "state": "TAS",
        "price": "690",
        "price_per_unit": "197",
        "price_unit": "G"
      },
      {
        "state": "ACT",
        "price": "690",
        "price_per_unit": "197",
        "price_unit": "G"
      },
      {
        "state": "NT",
        "price": "725",
        "price_per_unit": "207",
        "price_unit": "G"
      }
    ]
  },
  {
    "source_url": "https://www.woolworths.com.au/shop/productdetails/94732/woolworths-golden-syrup",
    "name": "Woolworths Golden Syrup 400g",
    "image_url": "https://cdn1.woolworths.media/content/wowproductimages/large/094732.jpg",
    "source_id": "Woolworths - 94732",
    "barcode": "9339687172009",
    "shop": "Woolworths",
    "weight": "100G",
    "prices": [
      {
        "state": "VIC",
        "price": "220",
        "price_per_unit": "55",
        "price_unit": "G"
      },
      {
        "state": "TAS",
        "price": "220",
        "price_per_unit": "55",
        "price_unit": "G"
      },
      {
        "state": "ACT",
        "price": "220",
        "price_per_unit": "55",
        "price_unit": "G"
      },
      {
        "state": "NT",
        "price": "220",
        "price_per_unit": "55",
        "price_unit": "G"
      }
    ]
  },
  {
    "source_url": "https://www.woolworths.com.au/shop/productdetails/365936/woolworths-sweetener-tablets",
    "name": "Woolworths Sweetener Tablets 300 Pack",
    "image_url": "https://cdn1.woolworths.media/content/wowproductimages/large/365936.jpg",
    "source_id": "Woolworths - 365936",
    "barcode": "9300633215880",
    "shop": "Woolworths",
    "weight": "100EA",
    "prices": [
      {
        "state": "VIC",
        "price": "300",
        "price_per_unit": "100",
        "price_unit": "EA"
      },
      {
        "state": "TAS",
        "price": "300",
        "price_per_unit": "100",
        "price_unit": "EA"
      },
      {
        "state": "NT",
        "price": "300",
        "price_per_unit": "100",
        "price_unit": "EA"
      }
    ]
  }
]