[
  {
    "source_url": "https://www.woolworths.com.au/shop/productdetails/373308/100-plus-sport-isotonic-can",
    "name": "100 Plus Sport Isotonic Can 325ml",
    "image_url": "https://cdn1.woolworths.media/content/wowproductimages/large/373308.jpg",
    "source_id": "Woolworths - 373308",
    "barcode": "8888200900274",
    "shop": "Woolworths",
    "weight": "1L",
    "prices": [
      {
        "state": "NSW",
        "price": "150",
        "price_per_unit": "462",
        "price_unit": "L"
      },
      {
        "state": "VIC",
        "price": "150",
        "price_per_unit": "462",
        "price_unit": "L"
      },
      {
        "state": "QLD",
        "price": "150",
        "price_per_unit": "462",
        "price_unit": "L"
      },
      {
        "state": "WA",
        "price": "150",
        "price_per_unit": "462",
        "price_unit": "L"
      },
      {
        "state": "SA",
        "price": "150",
        "price_per_unit": "462",
        "price_unit": "L"
      },
      {
        "state": "TAS",
        "price": "150",
        "price_per_unit": "462",
        "price_unit": "L"
      },
      {
        "state": "ACT",
        "price": "150",
        "price_per_unit": "462",
        "price_unit": "L"
      },
      {
        "state": "NT",
        "price": "150",
        "price_per_unit": "462",
        "price_unit": "L"
      }
    ]
  },
  {
    "source_url": "https://www.woolworths.com.au/shop/productdetails/122976/555-sardines-in-tomato-sauce-hot",
    "name": "555 Sardines In Tomato Sauce Hot 425G",
    "image_url": "https://cdn1.woolworths.media/content/wowproductimages/large/122976.jpg",
    "source_id": "Woolworths - 122976",
    "barcode": "748485200071",
    "shop": "Woolworths",
    "weight": "100G",
    "prices": [
      {
        "state": "NSW",
        "price": "300",
        "price_per_unit": "71",
        "price_unit": "G"
      },
      {
        "state": "ACT",
        "price": "255",
        "price_per_unit": "60",
        "price_unit": "G"
      },
      {
        "state": "NT",
        "price": "255",
        "price_per_unit": "60",
        "price_unit": "G"
      }
    ]
  },
  {
    "source_url": "https://www.woolworths.com.au/shop/productdetails/320651/a-ho-san-seaweed-snack-korean-bbq",
    "name": "A+ Ho San Seaweed Snack Korean Bbq 4g",
    "image_url": "https://cdn1.woolworths.media/content/wowproductimages/large/320651.jpg",
    "source_id": "Woolworths - 320651",
    "barcode": "8809059296035",
    "shop": "Woolworths",
    "weight": "100G",
    "prices": [
      {
        "state": "NSW",
        "price": "125",
        "price_per_unit": "3125",
        "price_unit": "G"
      },
      {
        "state": "VIC",
        "price": "125",
        "price_per_unit": "3125",
        "price_unit": "G"
      },
      {
        "state": "QLD",
        "price": "125",
        "price_per_unit": "3125",
        "price_unit": "G"
      },
      {
        "state": "WA",
        "price": "125",
        "price_per_unit": "3125",
        "price_unit": "G"
      },
      {
        "state": "SA",
        "price": "125",
        "price_per_unit": "3125",
        "price_unit": "G"
      },
      {
        "state": "TAS",
        "price": "125",
        "price_per_unit": "3125",
        "price_unit": "G"
      },
      {
        "state": "ACT",
        "price": "125",
        "price_per_unit": "3125",
        "price_unit": "G"
      },
      {
        "state": "NT",
        "price": "125",
        "price_per_unit": "3125",
        "price_unit": "G"
      }
    ]
  },
  {
    "source_url": "https://www.woolworths.com.au/shop/productdetails/322616/a-ho-san-seaweed-snack-original",
    "name": "A+ Ho San Seaweed Snack Original 4g",
    "image_url": "https://cdn1.woolworths.media/content/wowproductimages/large/322616.jpg",
    "source_id": "Woolworths - 322616",
    "barcode": "8809059296011",
    "shop": "Woolworths",
    "weight": "100G",
    "prices": [
      {
        "state": "NSW",
        "price": "125",
        "price_per_unit": "3125",
        "price_unit": "G"
      },
      {
        "state": "VIC",
        "price": "125",
        "price_per_unit": "3125",
        "price_unit": "G"
      },
      {
        "state": "QLD",
        "price": "125",
        "price_per_unit": "3125",
        "price_unit": "G"
      },
      {
        "state": "WA",
        "price": "125",
        "price_per_unit": "3125",
        "price_unit": "G"
      },
      {
        "state": "SA",
        "price": "125",
        "price_per_unit": "3125",
        "price_unit": "G"
      },
      {
        "state": "TAS",
        "price": "125",
        "price_per_unit": "3125",
        "price_unit": "G"
      },
      {
        "state": "ACT",
        "price": "125",
        "price_per_unit": "3125",
        "price_unit": "G"
      },
      {
        "state": "NT",
        "price": "125",
        "price_per_unit": "3125",
        "price_unit": "G"
      }
    ]
  },
  {
    "source_url": "https://www.woolworths.com.au/shop/productdetails/359066/a-seaweed-snack-wasabi",
    "name": "A+ Seaweed Snack Wasabi 4g",
    "image_url": "https://cdn1.woolworths.media/content/wowproductimages/large/359066.jpg",
    "source_id": "Woolworths - 359066",
    "barcode": "8809059296028",
    "shop": "Woolworths",
    "weight": "100G",
    "prices": [
      {
        "state": "NSW",
        "price": "125",
        "price_per_unit": "3125",
        "price_unit": "G"
      },
      {
        "state": "VIC",
        "price": "125",
        "price_per_unit": "3125",
        "price_unit": "G"
      },
      {
        "state": "QLD",
        "price": "125",
        "price_per_unit": "3125",
        "price_unit": "G"
      },
      {
        "state": "WA",
        "price": "125",
        "price_per_unit": "3125",
        "price_unit": "G"
      },
      {
        "state": "SA",
        "price": "125",
        "price_per_unit": "3125",
        "price_unit": "G"
      },
      null,
      {
        "state": "ACT",
        "price": "125",
        "price_per_unit": "3125",
        "price_unit": "G"
      },
      {
        "state": "NT",
        "price": "125",
        "price_per_unit": "3125",
        "price_unit": "G"
      }
    ]
  },
  {
    "source_url": "https://www.woolworths.com.au/shop/productdetails/826968/abc-chilli-sauce",
    "name": "ABC Chilli Sauce 335ml",
    "image_url": "https://cdn1.woolworths.media/content/wowproductimages/large/826968.jpg",
    "source_id": "Woolworths - 826968",
    "barcode": "8994907000015",
    "shop": "Woolworths",
    "weight": "100ML",
    "prices": [
      {
        "state": "NSW",
        "price": "360",
        "price_per_unit": "107",
        "price_unit": "ML"
      },
      {
        "state": "VIC",
        "price": "360",
        "price_per_unit": "107",
        "price_unit": "ML"
      },
      {
        "state": "SA",
        "price": "360",
        "price_per_unit": "107",
        "price_unit": "ML"
      },
      {
        "state": "TAS",
        "price": "360",
        "price_per_unit": "107",
        "price_unit": "ML"
      },
      {
        "state": "ACT",
        "price": "360",
        "price_per_unit": "107",
        "price_unit": "ML"
      },
      {
        "state": "NT",
        "price": "360",
        "price_per_unit": "107",
        "price_unit": "ML"
      }
    ]
  },
  {
    "source_url": "https://www.woolworths.com.au/shop/productdetails/720977/abc-kecap-manis-sweet-soy-sauce",
    "name": "ABC Kecap Manis Sweet Soy Sauce 275ml",
    "image_url": "https://cdn1.woolworths.media/content/wowproductimages/large/720977.jpg",
    "source_id": "Woolworths - 720977",
    "barcode": "711844110083",
    "shop": "Woolworths",
    "weight": "100ML",
    "prices": [
      {
        "state": "NSW",
        "price": "270",
        "price_per_unit": "98",
        "price_unit": "ML"
      },
      {
        "state": "VIC",
        "price": "270",
        "price_per_unit": "98",
        "price_unit": "ML"
      },
      {
        "state": "QLD",
        "price": "270",
        "price_per_unit": "98",
        "price_unit": "ML"
      },
      {
        "state": "WA",
        "price": "270",
        "price_per_unit": "98",
        "price_unit": "ML"
      },
      {
        "state": "SA",
        "price": "270",
        "price_per_unit": "98",
        "price_unit": "ML"
      },
      {
        "state": "TAS",
        "price": "320",
        "price_per_unit": "116",
        "price_unit": "ML"
      },
      null,
      {
        "state": "NT",
        "price": "320",
        "price_per_unit": "116",
        "price_unit": "ML"
      }
    ]
  },
  {
    "source_url": "https://www.woolworths.com.au/shop/productdetails/40327/abc-sweet-soy-sauce-kecap-manis",
    "name": "ABC Sweet Soy Sauce Kecap Manis 620ml",
    "image_url": "https://cdn1.woolworths.media/content/wowproductimages/large/040327.jpg",
    "source_id": "Woolworths - 40327",
    "barcode": "9310432300052",
    "shop": "Woolworths",
    "weight": "100ML",
    "prices": [
      {
        "state": "NSW",
        "price": "640",
        "price_per_unit": "103",
        "price_unit": "ML"
      },
      {
        "state": "VIC",
        "price": "640",
        "price_per_unit": "103",
        "price_unit": "ML"
      },
      {
        "state": "SA",
        "price": "640",
        "price_per_unit": "103",
        "price_unit": "ML"
      },
      {
        "state": "TAS",
        "price": "640",
        "price_per_unit": "103",
        "price_unit": "ML"
      },
      {
        "state": "ACT",
        "price": "640",
        "price_per_unit": "103",
        "price_unit": "ML"
      },
      {
        "state": "NT",
        "price": "640",
        "price_per_unit": "103",
        "price_unit": "ML"
      }
    ]
  },
  {
    "source_url": "https://www.woolworths.com.au/shop/productdetails/122721/aji-ajinomoto-crispy-fry-breading-mix",
    "name": "Ajinomoto Crispy Fry Breading Mix 62g",
    "image_url": "https://cdn1.woolworths.media/content/wowproductimages/large/122721.jpg",
    "source_id": "Woolworths - 122721",
    "barcode": "4801958390108",
    "shop": "Woolworths",
    "weight": "100G",
    "prices": [
      {
        "state": "NSW",
        "price": "150",
        "price_per_unit": "242",
        "price_unit": "G"
      },
      {
        "state": "ACT",
        "price": "150",
        "price_per_unit": "242",
        "price_unit": "G"
      },
      {
        "state": "NT",
        "price": "135",
        "price_per_unit": "218",
        "price_unit": "G"
      }
    ]
  },
  {
    "source_url": "https://www.woolworths.com.au/shop/productdetails/805921/ajishima-nori-furikake",
    "name": "Ajishima Nori Furikake 50g",
    "image_url": "https://cdn1.woolworths.media/content/wowproductimages/large/805921.jpg",
    "source_id": "Woolworths - 805921",
    "barcode": "9317523417637",
    "shop": "Woolworths",
    "weight": "10G",
    "prices": [
      {
        "state": "NSW",
        "price": "520",
        "price_per_unit": "104",
        "price_unit": "G"
      },
      {
        "state": "VIC",
        "price": "520",
        "price_per_unit": "104",
        "price_unit": "G"
      },
      {
        "state": "SA",
        "price": "520",
        "price_per_unit": "104",
        "price_unit": "G"
      },
      {
        "state": "TAS",
        "price": "520",
        "price_per_unit": "104",
        "price_unit": "G"
      },
      {
        "state": "ACT",
        "price": "520",
        "price_per_unit": "104",
        "price_unit": "G"
      },
      {
        "state": "NT",
        "price": "545",
        "price_per_unit": "109",
        "price_unit": "G"
      }
    ]
  },
  {
    "source_url": "https://www.woolworths.com.au/shop/productdetails/1075479367/alg-seaweed-bush-tucker-seaweed-sprinkle-20g",
    "name": "Alg Seaweed Bush Tucker Seaweed Sprinkle 20g",
    "image_url": "https://cdn1.woolworths.media/content/wowproductimages/large/1075479367.jpg",
    "source_id": "Woolworths - 1075479367",
    "barcode": null,
    "shop": "Woolworths",
    "weight": "1KG",
    "prices": [
      {
        "state": "NSW",
        "price": "1500",
        "price_per_unit": "75000",
        "price_unit": "KG"
      },
      {
        "state": "VIC",
        "price": "1500",
        "price_per_unit": "75000",
        "price_unit": "KG"
      },
      {
        "state": "QLD",
        "price": "1500",
        "price_per_unit": "75000",
        "price_unit": "KG"
      },
      {
        "state": "WA",
        "price": "1500",
        "price_per_unit": "75000",
        "price_unit": "KG"
      },
      {
        "state": "SA",
        "price": "1500",
        "price_per_unit": "75000",
        "price_unit": "KG"
      },
      {
        "state": "TAS",
        "price": "1500",
        "price_per_unit": "75000",
        "price_unit": "KG"
      },
      {
        "state": "ACT",
        "price": "1500",
        "price_per_unit": "75000",
        "price_unit": "KG"
      },
      {
        "state": "NT",
        "price": "1500",
        "price_per_unit": "75000",
        "price_unit": "KG"
      }
    ]
  },
  {
    "source_url": "https://www.woolworths.com.au/shop/productdetails/1075480266/alg-seaweed-chilli-pepper-rainbow-seaweed-40g",
    "name": "Alg Seaweed Chilli Pepper Rainbow Seaweed 40g",
    "image_url": "https://cdn1.woolworths.media/content/wowproductimages/large/1075480266.jpg",
    "source_id": "Woolworths - 1075480266",
    "barcode": null,
    "shop": "Woolworths",
    "weight": "1KG",
    "prices": [
      {
        "state": "NSW",
        "price": "1000",
        "price_per_unit": "25000",
        "price_unit": "KG"
      },
      {
        "state": "VIC",
        "price": "1000",
        "price_per_unit": "25000",
        "price_unit": "KG"
      },
      {
        "state": "QLD",
        "price": "1000",
        "price_per_unit": "25000",
        "price_unit": "KG"
      },
      {
        "state": "WA",
        "price": "1000",
        "price_per_unit": "25000",
        "price_unit": "KG"
      },
      {
        "state": "SA",
        "price": "1000",
        "price_per_unit": "25000",
        "price_unit": "KG"
      },
      {
        "state": "TAS",
        "price": "1000",
        "price_per_unit": "25000",
        "price_unit": "KG"
      },
      {
        "state": "ACT",
        "price": "1000",
        "price_per_unit": "25000",
        "price_unit": "KG"
      },
      {
        "state": "NT",
        "price": "1000",
        "price_per_unit": "25000",
        "price_unit": "KG"
      }
    ]
  },
  {
    "source_url": "https://www.woolworths.com.au/shop/productdetails/200722/alg-seaweed-rainbow-seaweed-flakes",
    "name": "Alg Seaweed Rainbow Seaweed Flakes 40g",
    "image_url": "https://cdn1.woolworths.media/content/wowproductimages/large/200722.jpg",
    "source_id": "Woolworths - 200722",
    "barcode": "794712489535",
    "shop": "Woolworths",
    "weight": "100G",
    "prices": [
      {
        "state": "NSW",
        "price": "1600",
        "price_per_unit": "4000",
        "price_unit": "G"
      },
      {
        "state": "VIC",
        "price": "1600",
        "price_per_unit": "4000",
        "price_unit": "G"
      },
      {
        "state": "QLD",
        "price": "1600",
        "price_per_unit": "4000",
        "price_unit": "G"
      },
      {
        "state": "WA",
        "price": "1600",
        "price_per_unit": "4000",
        "price_unit": "G"
      },
      {
        "state": "ACT",
        "price": "1600",
        "price_per_unit": "4000",
        "price_unit": "G"
      }
    ]
  },
  {
    "source_url": "https://www.woolworths.com.au/shop/productdetails/1075479920/alg-seaweed-tasmanian-wakame-seaweed-flakes-20g",
    "name": "Alg Seaweed Tasmanian Wakame Seaweed Flakes 20g",
    "image_url": "https://cdn1.woolworths.media/content/wowproductimages/large/1075479920.jpg",
    "source_id": "Woolworths - 1075479920",
    "barcode": null,
    "shop": "Woolworths",
    "weight": "1KG",
    "prices": [
      {
        "state": "NSW",
        "price": "1500",
        "price_per_unit": "75000",
        "price_unit": "KG"
      },
      {
        "state": "VIC",
        "price": "1500",
        "price_per_unit": "75000",
        "price_unit": "KG"
      },
      {
        "state": "QLD",
        "price": "1500",
        "price_per_unit": "75000",
        "price_unit": "KG"
      },
      {
        "state": "WA",
        "price": "1500",
        "price_per_unit": "75000",
        "price_unit": "KG"
      },
      {
        "state": "SA",
        "price": "1500",
        "price_per_unit": "75000",
        "price_unit": "KG"
      },
      {
        "state": "TAS",
        "price": "1500",
        "price_per_unit": "75000",
        "price_unit": "KG"
      },
      {
        "state": "ACT",
        "price": "1500",
        "price_per_unit": "75000",
        "price_unit": "KG"
      },
      {
        "state": "NT",
        "price": "1500",
        "price_per_unit": "75000",
        "price_unit": "KG"
      }
    ]
  },
  {
    "source_url": "https://www.woolworths.com.au/shop/productdetails/743979/amoy-dark-soy-sauce-dark-soy",
    "name": "Amoy Dark Soy Sauce Dark Soy 150ml",
    "image_url": "https://cdn1.woolworths.media/content/wowproductimages/large/743979.jpg",
    "source_id": "Woolworths - 743979",
    "barcode": "78024008579",
    "shop": "Woolworths",
    "weight": "100ML",
    "prices": [
      {
        "state": "NSW",
        "price": "400",
        "price_per_unit": "267",
        "price_unit": "ML"
      },
      {
        "state": "VIC",
        "price": "400",
        "price_per_unit": "267",
        "price_unit": "ML"
      },
      {
        "state": "QLD",
        "price": "400",
        "price_per_unit": "267",
        "price_unit": "ML"
      },
      {
        "state": "WA",
        "price": "400",
        "price_per_unit": "267",
        "price_unit": "ML"
      },
      {
        "state": "SA",
        "price": "400",
        "price_per_unit": "267",
        "price_unit": "ML"
      },
      {
        "state": "TAS",
        "price": "400",
        "price_per_unit": "267",
        "price_unit": "ML"
      },
      {
        "state": "ACT",
        "price": "400",
        "price_per_unit": "267",
        "price_unit": "ML"
      },
      {
        "state": "NT",
        "price": "400",
        "price_per_unit": "267",
        "price_unit": "ML"
      }
    ]
  },
  {
    "source_url": "https://www.woolworths.com.au/shop/productdetails/744053/amoy-sauce-light-soy",
    "name": "Amoy Sauce Light Soy 500ml",
    "image_url": "https://cdn1.woolworths.media/content/wowproductimages/large/744053.jpg",
    "source_id": "Woolworths - 744053",
    "barcode": "78024008661",
    "shop": "Woolworths",
    "weight": "100ML",
    "prices": [
      {
        "state": "NSW",
        "price": "600",
        "price_per_unit": "120",
        "price_unit": "ML"
      },
      {
        "state": "VIC",
        "price": "600",
        "price_per_unit": "120",
        "price_unit": "ML"
      },
      {
        "state": "QLD",
        "price": "600",
        "price_per_unit": "120",
        "price_unit": "ML"
      },
      {
        "state": "WA",
        "price": "600",
        "price_per_unit": "120",
        "price_unit": "ML"
      },
      {
        "state": "SA",
        "price": "600",
        "price_per_unit": "120",
        "price_unit": "ML"
      },
      {
        "state": "TAS",
        "price": "600",
        "price_per_unit": "120",
        "price_unit": "ML"
      },
      {
        "state": "ACT",
        "price": "600",
        "price_per_unit": "120",
        "price_unit": "ML"
      },
      {
        "state": "NT",
        "price": "600",
        "price_per_unit": "120",
        "price_unit": "ML"
      }
    ]
  },
  {
    "source_url": "https://www.woolworths.com.au/shop/productdetails/744054/amoy-sauce-oyster",
    "name": "Amoy Sauce Oyster 555g",
    "image_url": "https://cdn1.woolworths.media/content/wowproductimages/large/744054.jpg",
    "source_id": "Woolworths - 744054",
    "barcode": "78024008678",
    "shop": "Woolworths",
    "weight": "100G",
    "prices": [
      {
        "state": "NSW",
        "price": "650",
        "price_per_unit": "117",
        "price_unit": "G"
      },
      {
        "state": "VIC",
        "price": "650",
        "price_per_unit": "117",
        "price_unit": "G"
      },
      {
        "state": "QLD",
        "price": "650",
        "price_per_unit": "117",
        "price_unit": "G"
      },
      {
        "state": "WA",
        "price": "650",
        "price_per_unit": "117",
        "price_unit": "G"
      },
      {
        "state": "SA",
        "price": "650",
        "price_per_unit": "117",
        "price_unit": "G"
      },
      {
        "state": "TAS",
        "price": "650",
        "price_per_unit": "117",
        "price_unit": "G"
      },
      {
        "state": "ACT",
        "price": "650",
        "price_per_unit": "117",
        "price_unit": "G"
      },
      {
        "state": "NT",
        "price": "650",
        "price_per_unit": "117",
        "price_unit": "G"
      }
    ]
  },
  {
    "source_url": "https://www.woolworths.com.au/shop/productdetails/627085/amoy-white-rice-wine-vinegar",
    "name": "Amoy White Rice Wine Vinegar 250ml",
    "image_url": "https://cdn1.woolworths.media/content/wowproductimages/large/627085.jpg",
    "source_id": "Woolworths - 627085",
    "barcode": "78024010411",
    "shop": "Woolworths",
    "weight": "100ML",
    "prices": [
      {
        "state": "NSW",
        "price": "400",
        "price_per_unit": "160",
        "price_unit": "ML"
      },
      {
        "state": "VIC",
        "price": "400",
        "price_per_unit": "160",
        "price_unit": "ML"
      },
      {
        "state": "QLD",
        "price": "400",
        "price_per_unit": "160",
        "price_unit": "ML"
      },
      {
        "state": "WA",
        "price": "400",
        "price_per_unit": "160",
        "price_unit": "ML"
      },
      {
        "state": "SA",
        "price": "400",
        "price_per_unit": "160",
        "price_unit": "ML"
      },
      {
        "state": "TAS",
        "price": "400",
        "price_per_unit": "160",
        "price_unit": "ML"
      },
      {
        "state": "ACT",
        "price": "400",
        "price_per_unit": "160",
        "price_unit": "ML"
      },
      {
        "state": "NT",
        "price": "400",
        "price_per_unit": "160",
        "price_unit": "ML"
      }
    ]
  },
  {
    "source_url": "https://www.woolworths.com.au/shop/productdetails/86913/ayam-blackbean-sauce",
    "name": "Ayam Blackbean Sauce 210ml",
    "image_url": "https://cdn1.woolworths.media/content/wowproductimages/large/086913.jpg",
    "source_id": "Woolworths - 86913",
    "barcode": "9311627610550",
    "shop": "Woolworths",
    "weight": "100ML",
    "prices": [
      {
        "state": "NSW",
        "price": "400",
        "price_per_unit": "190",
        "price_unit": "ML"
      },
      {
        "state": "VIC",
        "price": "400",
        "price_per_unit": "190",
        "price_unit": "ML"
      },
      {
        "state": "QLD",
        "price": "400",
        "price_per_unit": "190",
        "price_unit": "ML"
      },
      {
        "state": "WA",
        "price": "400",
        "price_per_unit": "190",
        "price_unit": "ML"
      },
      {
        "state": "SA",
        "price": "400",
        "price_per_unit": "190",
        "price_unit": "ML"
      },
      {
        "state": "TAS",
        "price": "400",
        "price_per_unit": "190",
        "price_unit": "ML"
      },
      {
        "state": "ACT",
        "price": "400",
        "price_per_unit": "190",
        "price_unit": "ML"
      },
      {
        "state": "NT",
        "price": "400",
        "price_per_unit": "190",
        "price_unit": "ML"
      }
    ]
  },
  {
    "source_url": "https://www.woolworths.com.au/shop/productdetails/57199/ayam-coconut-cream",
    "name": "Ayam Coconut Cream 270ml",
    "image_url": "https://cdn1.woolworths.media/content/wowproductimages/large/057199.jpg",
    "source_id": "Woolworths - 57199",
    "barcode": "9311627010190",
    "shop": "Woolworths",
    "weight": "100ML",
    "prices": [
      {
        "state": "NSW",
        "price": "290",
        "price_per_unit": "107",
        "price_unit": "ML"
      },
      {
        "state": "VIC",
        "price": "290",
        "price_per_unit": "107",
        "price_unit": "ML"
      },
      {
        "state": "QLD",
        "price": "290",
        "price_per_unit": "107",
        "price_unit": "ML"
      },
      {
        "state": "WA",
        "price": "290",
        "price_per_unit": "107",
        "price_unit": "ML"
      },
      {
        "state": "SA",
        "price": "290",
        "price_per_unit": "107",
        "price_unit": "ML"
      },
      {
        "state": "TAS",
        "price": "290",
        "price_per_unit": "107",
        "price_unit": "ML"
      },
      {
        "state": "ACT",
        "price": "290",
        "price_per_unit": "107",
        "price_unit": "ML"
      },
      {
        "state": "NT",
        "price": "290",
        "price_per_unit": "107",
        "price_unit": "ML"
      }
    ]
  },
  {
    "source_url": "https://www.woolworths.com.au/shop/productdetails/489140/ayam-coconut-cream",
    "name": "Ayam Coconut Cream 400ml",
    "image_url": "https://cdn1.woolworths.media/content/wowproductimages/large/489140.jpg",
    "source_id": "Woolworths - 489140",
    "barcode": "9556041603942",
    "shop": "Woolworths",
    "weight": "100ML",
    "prices": [
      {
        "state": "NSW",
        "price": "390",
        "price_per_unit": "98",
        "price_unit": "ML"
      },
      {
        "state": "VIC",
        "price": "390",
        "price_per_unit": "98",
        "price_unit": "ML"
      },
      {
        "state": "QLD",
        "price": "390",
        "price_per_unit": "98",
        "price_unit": "ML"
      },
      {
        "state": "WA",
        "price": "390",
        "price_per_unit": "98",
        "price_unit": "ML"
      },
      {
        "state": "SA",
        "price": "390",
        "price_per_unit": "98",
        "price_unit": "ML"
      },
      {
        "state": "TAS",
        "price": "390",
        "price_per_unit": "98",
        "price_unit": "ML"
      },
      {
        "state": "ACT",
        "price": "390",
        "price_per_unit": "98",
        "price_unit": "ML"
      },
      {
        "state": "NT",
        "price": "390",
        "price_per_unit": "98",
        "price_unit": "ML"
      }
    ]
  },
  {
    "source_url": "https://www.woolworths.com.au/shop/productdetails/57200/ayam-coconut-cream-light",
    "name": "Ayam Coconut Cream Light 270ml",
    "image_url": "https://cdn1.woolworths.media/content/wowproductimages/large/057200.jpg",
    "source_id": "Woolworths - 57200",
    "barcode": "9556041604574",
    "shop": "Woolworths",
    "weight": "100ML",
    "prices": [
      {
        "state": "NSW",
        "price": "290",
        "price_per_unit": "107",
        "price_unit": "ML"
      },
      {
        "state": "VIC",
        "price": "290",
        "price_per_unit": "107",
        "price_unit": "ML"
      },
      {
        "state": "QLD",
        "price": "290",
        "price_per_unit": "107",
        "price_unit": "ML"
      },
      {
        "state": "WA",
        "price": "290",
        "price_per_unit": "107",
        "price_unit": "ML"
      },
      {
        "state": "SA",
        "price": "290",
        "price_per_unit": "107",
        "price_unit": "ML"
      },
      {
        "state": "TAS",
        "price": "290",
        "price_per_unit": "107",
        "price_unit": "ML"
      },
      {
        "state": "ACT",
        "price": "290",
        "price_per_unit": "107",
        "price_unit": "ML"
      },
      {
        "state": "NT",
        "price": "290",
        "price_per_unit": "107",
        "price_unit": "ML"
      }
    ]
  },
  {
    "source_url": "https://www.woolworths.com.au/shop/productdetails/57198/ayam-coconut-milk",
    "name": "Ayam Coconut Milk 270ml",
    "image_url": "https://cdn1.woolworths.media/content/wowproductimages/large/057198.jpg",
    "source_id": "Woolworths - 57198",
    "barcode": "9311627010183",
    "shop": "Woolworths",
    "weight": "100ML",
    "prices": [
      {
        "state": "NSW",
        "price": "290",
        "price_per_unit": "107",
        "price_unit": "ML"
      },
      {
        "state": "VIC",
        "price": "290",
        "price_per_unit": "107",
        "price_unit": "ML"
      },
      {
        "state": "QLD",
        "price": "290",
        "price_per_unit": "107",
        "price_unit": "ML"
      },
      {
        "state": "WA",
        "price": "290",
        "price_per_unit": "107",
        "price_unit": "ML"
      },
      {
        "state": "SA",
        "price": "290",
        "price_per_unit": "107",
        "price_unit": "ML"
      },
      {
        "state": "TAS",
        "price": "290",
        "price_per_unit": "107",
        "price_unit": "ML"
      },
      {
        "state": "ACT",
        "price": "290",
        "price_per_unit": "107",
        "price_unit": "ML"
      },
      {
        "state": "NT",
        "price": "290",
        "price_per_unit": "107",
        "price_unit": "ML"
      }
    ]
  },
  {
    "source_url": "https://www.woolworths.com.au/shop/productdetails/489128/ayam-coconut-milk",
    "name": "Ayam Coconut Milk 400ml",
    "image_url": "https://cdn1.woolworths.media/content/wowproductimages/large/489128.jpg",
    "source_id": "Woolworths - 489128",
    "barcode": "9556041604734",
    "shop": "Woolworths",
    "weight": "100ML",
    "prices": [
      {
        "state": "NSW",
        "price": "390",
        "price_per_unit": "98",
        "price_unit": "ML"
      },
      {
        "state": "VIC",
        "price": "390",
        "price_per_unit": "98",
        "price_unit": "ML"
      },
      {
        "state": "QLD",
        "price": "390",
        "price_per_unit": "98",
        "price_unit": "ML"
      },
      {
        "state": "WA",
        "price": "390",
        "price_per_unit": "98",
        "price_unit": "ML"
      },
      {
        "state": "SA",
        "price": "390",
        "price_per_unit": "98",
        "price_unit": "ML"
      },
      {
        "state": "TAS",
        "price": "390",
        "price_per_unit": "98",
        "price_unit": "ML"
      },
      {
        "state": "ACT",
        "price": "390",
        "price_per_unit": "98",
        "price_unit": "ML"
      },
      {
        "state": "NT",
        "price": "390",
        "price_per_unit": "98",
        "price_unit": "ML"
      }
    ]
  },
  {
    "source_url": "https://www.woolworths.com.au/shop/productdetails/180429/ayam-coconut-milk-light",
    "name": "Ayam Coconut Milk Light 270ml",
    "image_url": "https://cdn1.woolworths.media/content/wowproductimages/large/180429.jpg",
    "source_id": "Woolworths - 180429",
    "barcode": "9556041602518",
    "shop": "Woolworths",
    "weight": "100ML",
    "prices": [
      {
        "state": "NSW",
        "price": "290",
        "price_per_unit": "107",
        "price_unit": "ML"
      },
      {
        "state": "VIC",
        "price": "290",
        "price_per_unit": "107",
        "price_unit": "ML"
      },
      {
        "state": "QLD",
        "price": "290",
        "price_per_unit": "107",
        "price_unit": "ML"
      },
      {
        "state": "WA",
        "price": "290",
        "price_per_unit": "107",
        "price_unit": "ML"
      },
      {
        "state": "SA",
        "price": "290",
        "price_per_unit": "107",
        "price_unit": "ML"
      },
      {
        "state": "TAS",
        "price": "290",
        "price_per_unit": "107",
        "price_unit": "ML"
      },
      {
        "state": "ACT",
        "price": "290",
        "price_per_unit": "107",
        "price_unit": "ML"
      },
      {
        "state": "NT",
        "price": "290",
        "price_per_unit": "107",
        "price_unit": "ML"
      }
    ]
  },
  {
    "source_url": "https://www.woolworths.com.au/shop/productdetails/308611/ayam-coconut-milk-powder",
    "name": "Ayam Coconut Milk Powder 150g",
    "image_url": "https://cdn1.woolworths.media/content/wowproductimages/large/308611.jpg",
    "source_id": "Woolworths - 308611",
    "barcode": "9556041609982",
    "shop": "Woolworths",
    "weight": "100G",
    "prices": [
      {
        "state": "NSW",
        "price": "400",
        "price_per_unit": "267",
        "price_unit": "G"
      },
      {
        "state": "VIC",
        "price": "400",
        "price_per_unit": "267",
        "price_unit": "G"
      },
      {
        "state": "SA",
        "price": "400",
        "price_per_unit": "267",
        "price_unit": "G"
      },
      {
        "state": "TAS",
        "price": "400",
        "price_per_unit": "267",
        "price_unit": "G"
      },
      {
        "state": "ACT",
        "price": "400",
        "price_per_unit": "267",
        "price_unit": "G"
      },
      {
        "state": "NT",
        "price": "400",
        "price_per_unit": "267",
        "price_unit": "G"
      }
    ]
  },
  {
    "source_url": "https://www.woolworths.com.au/shop/productdetails/683101/ayam-dark-soy",
    "name": "Ayam Dark Soy 210ml",
    "image_url": "https://cdn1.woolworths.media/content/wowproductimages/large/683101.jpg",
    "source_id": "Woolworths - 683101",
    "barcode": "9556041613637",
    "shop": "Woolworths",
    "weight": "100ML",
    "prices": [
      {
        "state": "NSW",
        "price": "280",
        "price_per_unit": "133",
        "price_unit": "ML"
      },
      {
        "state": "VIC",
        "price": "280",
        "price_per_unit": "133",
        "price_unit": "ML"
      },
      {
        "state": "QLD",
        "price": "280",
        "price_per_unit": "133",
        "price_unit": "ML"
      },
      {
        "state": "WA",
        "price": "280",
        "price_per_unit": "133",
        "price_unit": "ML"
      },
      {
        "state": "SA",
        "price": "280",
        "price_per_unit": "133",
        "price_unit": "ML"
      },
      {
        "state": "TAS",
        "price": "280",
        "price_per_unit": "133",
        "price_unit": "ML"
      },
      {
        "state": "ACT",
        "price": "350",
        "price_per_unit": "167",
        "price_unit": "ML"
      },
      {
        "state": "NT",
        "price": "350",
        "price_per_unit": "167",
        "price_unit": "ML"
      }
    ]
  },
  {
    "source_url": "https://www.woolworths.com.au/shop/productdetails/35848/ayam-fish-sauce",
    "name": "Ayam Fish Sauce 210ml",
    "image_url": "https://cdn1.woolworths.media/content/wowproductimages/large/035848.jpg",
    "source_id": "Woolworths - 35848",
    "barcode": "9556041611169",
    "shop": "Woolworths",
    "weight": "100ML",
    "prices": [
      {
        "state": "NSW",
        "price": "400",
        "price_per_unit": "190",
        "price_unit": "ML"
      },
      {
        "state": "VIC",
        "price": "400",
        "price_per_unit": "190",
        "price_unit": "ML"
      },
      {
        "state": "QLD",
        "price": "400",
        "price_per_unit": "190",
        "price_unit": "ML"
      },
      {
        "state": "WA",
        "price": "400",
        "price_per_unit": "190",
        "price_unit": "ML"
      },
      {
        "state": "SA",
        "price": "400",
        "price_per_unit": "190",
        "price_unit": "ML"
      },
      {
        "state": "TAS",
        "price": "400",
        "price_per_unit": "190",
        "price_unit": "ML"
      },
      {
        "state": "ACT",
        "price": "400",
        "price_per_unit": "190",
        "price_unit": "ML"
      },
      {
        "state": "NT",
        "price": "400",
        "price_per_unit": "190",
        "price_unit": "ML"
      }
    ]
  },
  {
    "source_url": "https://www.woolworths.com.au/shop/productdetails/702417/ayam-gado-gado-peanut-sauce-gado-gado-peanut",
    "name": "Ayam Gado Gado Peanut Sauce Gado Gado Peanut 250ml",
    "image_url": "https://cdn1.woolworths.media/content/wowproductimages/large/702417.jpg",
    "source_id": "Woolworths - 702417",
    "barcode": "9556041612739",
    "shop": "Woolworths",
    "weight": "100ML",
    "prices": [
      {
        "state": "NSW",
        "price": "390",
        "price_per_unit": "156",
        "price_unit": "ML"
      },
      {
        "state": "VIC",
        "price": "390",
        "price_per_unit": "156",
        "price_unit": "ML"
      },
      {
        "state": "QLD",
        "price": "390",
        "price_per_unit": "156",
        "price_unit": "ML"
      },
      {
        "state": "WA",
        "price": "390",
        "price_per_unit": "156",
        "price_unit": "ML"
      },
      {
        "state": "SA",
        "price": "390",
        "price_per_unit": "156",
        "price_unit": "ML"
      },
      {
        "state": "TAS",
        "price": "390",
        "price_per_unit": "156",
        "price_unit": "ML"
      },
      {
        "state": "ACT",
        "price": "390",
        "price_per_unit": "156",
        "price_unit": "ML"
      },
      {
        "state": "NT",
        "price": "390",
        "price_per_unit": "156",
        "price_unit": "ML"
      }
    ]
  },
  {
    "source_url": "https://www.woolworths.com.au/shop/productdetails/87180/ayam-hoisin-sauce",
    "name": "Ayam Hoisin Sauce 210ml",
    "image_url": "https://cdn1.woolworths.media/content/wowproductimages/large/087180.jpg",
    "source_id": "Woolworths - 87180",
    "barcode": "9311627610888",
    "shop": "Woolworths",
    "weight": "100ML",
    "prices": [
      {
        "state": "NSW",
        "price": "400",
        "price_per_unit": "190",
        "price_unit": "ML"
      },
      {
        "state": "VIC",
        "price": "400",
        "price_per_unit": "190",
        "price_unit": "ML"
      },
      {
        "state": "QLD",
        "price": "400",
        "price_per_unit": "190",
        "price_unit": "ML"
      },
      {
        "state": "WA",
        "price": "400",
        "price_per_unit": "190",
        "price_unit": "ML"
      },
      {
        "state": "SA",
        "price": "400",
        "price_per_unit": "190",
        "price_unit": "ML"
      },
      {
        "state": "TAS",
        "price": "400",
        "price_per_unit": "190",
        "price_unit": "ML"
      },
      {
        "state": "ACT",
        "price": "400",
        "price_per_unit": "190",
        "price_unit": "ML"
      },
      {
        "state": "NT",
        "price": "400",
        "price_per_unit": "190",
        "price_unit": "ML"
      }
    ]
  },
  {
    "source_url": "https://www.woolworths.com.au/shop/productdetails/370454/ayam-honey-soy-marinade-sauce",
    "name": "Ayam Honey & Soy Marinade Sauce 210ml",
    "image_url": "https://cdn1.woolworths.media/content/wowproductimages/large/370454.jpg",
    "source_id": "Woolworths - 370454",
    "barcode": "9556041602877",
    "shop": "Woolworths",
    "weight": "100ML",
    "prices": [
      {
        "state": "NSW",
        "price": "400",
        "price_per_unit": "190",
        "price_unit": "ML"
      },
      {
        "state": "VIC",
        "price": "400",
        "price_per_unit": "190",
        "price_unit": "ML"
      },
      {
        "state": "QLD",
        "price": "400",
        "price_per_unit": "190",
        "price_unit": "ML"
      },
      {
        "state": "WA",
        "price": "400",
        "price_per_unit": "190",
        "price_unit": "ML"
      },
      {
        "state": "SA",
        "price": "400",
        "price_per_unit": "190",
        "price_unit": "ML"
      },
      {
        "state": "TAS",
        "price": "400",
        "price_per_unit": "190",
        "price_unit": "ML"
      },
      {
        "state": "ACT",
        "price": "400",
        "price_per_unit": "190",
        "price_unit": "ML"
      },
      {
        "state": "NT",
        "price": "400",
        "price_per_unit": "190",
        "price_unit": "ML"
      }
    ]
  },
  {
    "source_url": "https://www.woolworths.com.au/shop/productdetails/36885/ayam-instant-noodles-10-cakes",
    "name": "Ayam Instant Noodles 10 Cakes 700g",
    "image_url": "https://cdn1.woolworths.media/content/wowproductimages/large/036885.jpg",
    "source_id": "Woolworths - 36885",
    "barcode": "9311627612028",
    "shop": "Woolworths",
    "weight": "100G",
    "prices": [
      {
        "state": "NSW",
        "price": "530",
        "price_per_unit": "76",
        "price_unit": "G"
      },
      {
        "state": "VIC",
        "price": "530",
        "price_per_unit": "76",
        "price_unit": "G"
      },
      {
        "state": "QLD",
        "price": "530",
        "price_per_unit": "76",
        "price_unit": "G"
      },
      {
        "state": "WA",
        "price": "530",
        "price_per_unit": "76",
        "price_unit": "G"
      },
      {
        "state": "SA",
        "price": "530",
        "price_per_unit": "76",
        "price_unit": "G"
      },
      {
        "state": "TAS",
        "price": "530",
        "price_per_unit": "76",
        "price_unit": "G"
      },
      {
        "state": "ACT",
        "price": "530",
        "price_per_unit": "76",
        "price_unit": "G"
      },
      {
        "state": "NT",
        "price": "530",
        "price_per_unit": "76",
        "price_unit": "G"
      }
    ]
  },
  {
    "source_url": "https://www.woolworths.com.au/shop/productdetails/683102/ayam-kecap-manis-sweet-soy-sauce",
    "name": "Ayam Kecap Manis Sweet Soy Sauce 210ml",
    "image_url": "https://cdn1.woolworths.media/content/wowproductimages/large/683102.jpg",
    "source_id": "Woolworths - 683102",
    "barcode": "9556041613620",
    "shop": "Woolworths",
    "weight": "100ML",
    "prices": [
      {
        "state": "NSW",
        "price": "280",
        "price_per_unit": "133",
        "price_unit": "ML"
      },
      {
        "state": "VIC",
        "price": "280",
        "price_per_unit": "133",
        "price_unit": "ML"
      },
      {
        "state": "QLD",
        "price": "280",
        "price_per_unit": "133",
        "price_unit": "ML"
      },
      {
        "state": "WA",
        "price": "280",
        "price_per_unit": "133",
        "price_unit": "ML"
      },
      {
        "state": "SA",
        "price": "280",
        "price_per_unit": "133",
        "price_unit": "ML"
      },
      {
        "state": "TAS",
        "price": "350",
        "price_per_unit": "167",
        "price_unit": "ML"
      },
      {
        "state": "ACT",
        "price": "350",
        "price_per_unit": "167",
        "price_unit": "ML"
      },
      {
        "state": "NT",
        "price": "350",
        "price_per_unit": "167",
        "price_unit": "ML"
      }
    ]
  },
  {
    "source_url": "https://www.woolworths.com.au/shop/productdetails/863732/ayam-lemon-chicken-sauce",
    "name": "Ayam Lemon Chicken Sauce 210ml",
    "image_url": "https://cdn1.woolworths.media/content/wowproductimages/large/863732.jpg",
    "source_id": "Woolworths - 863732",
    "barcode": "9556041612371",
    "shop": "Woolworths",
    "weight": "100ML",
    "prices": [
      {
        "state": "NSW",
        "price": "400",
        "price_per_unit": "190",
        "price_unit": "ML"
      },
      {
        "state": "VIC",
        "price": "400",
        "price_per_unit": "190",
        "price_unit": "ML"
      },
      {
        "state": "SA",
        "price": "400",
        "price_per_unit": "190",
        "price_unit": "ML"
      },
      {
        "state": "TAS",
        "price": "400",
        "price_per_unit": "190",
        "price_unit": "ML"
      },
      {
        "state": "ACT",
        "price": "400",
        "price_per_unit": "190",
        "price_unit": "ML"
      },
      {
        "state": "NT",
        "price": "400",
        "price_per_unit": "190",
        "price_unit": "ML"
      }
    ]
  },
  {
    "source_url": "https://www.woolworths.com.au/shop/productdetails/627500/ayam-light-soy-sauce",
    "name": "Ayam Light Soy Sauce 210ml",
    "image_url": "https://cdn1.woolworths.media/content/wowproductimages/large/627500.jpg",
    "source_id": "Woolworths - 627500",
    "barcode": "9556041611138",
    "shop": "Woolworths",
    "weight": "100ML",
    "prices": [
      {
        "state": "NSW",
        "price": "280",
        "price_per_unit": "133",
        "price_unit": "ML"
      },
      {
        "state": "VIC",
        "price": "280",
        "price_per_unit": "133",
        "price_unit": "ML"
      },
      {
        "state": "QLD",
        "price": "280",
        "price_per_unit": "133",
        "price_unit": "ML"
      },
      {
        "state": "WA",
        "price": "280",
        "price_per_unit": "133",
        "price_unit": "ML"
      },
      {
        "state": "SA",
        "price": "280",
        "price_per_unit": "133",
        "price_unit": "ML"
      },
      {
        "state": "TAS",
        "price": "350",
        "price_per_unit": "167",
        "price_unit": "ML"
      },
      {
        "state": "ACT",
        "price": "350",
        "price_per_unit": "167",
        "price_unit": "ML"
      },
      {
        "state": "NT",
        "price": "350",
        "price_per_unit": "167",
        "price_unit": "ML"
      }
    ]
  },
  {
    "source_url": "https://www.woolworths.com.au/shop/productdetails/329999/ayam-malaysian-laksa-paste",
    "name": "Ayam Malaysian Laksa Paste 185g",
    "image_url": "https://cdn1.woolworths.media/content/wowproductimages/large/329999.jpg",
    "source_id": "Woolworths - 329999",
    "barcode": "9556041610278",
    "shop": "Woolworths",
    "weight": "100G",
    "prices": [
      {
        "state": "NSW",
        "price": "400",
        "price_per_unit": "216",
        "price_unit": "G"
      },
      {
        "state": "VIC",
        "price": "400",
        "price_per_unit": "216",
        "price_unit": "G"
      },
      {
        "state": "QLD",
        "price": "400",
        "price_per_unit": "216",
        "price_unit": "G"
      },
      {
        "state": "WA",
        "price": "400",
        "price_per_unit": "216",
        "price_unit": "G"
      },
      {
        "state": "SA",
        "price": "400",
        "price_per_unit": "216",
        "price_unit": "G"
      },
      {
        "state": "TAS",
        "price": "400",
        "price_per_unit": "216",
        "price_unit": "G"
      },
      {
        "state": "ACT",
        "price": "400",
        "price_per_unit": "216",
        "price_unit": "G"
      },
      {
        "state": "NT",
        "price": "400",
        "price_per_unit": "216",
        "price_unit": "G"
      }
    ]
  },
  {
    "source_url": "https://www.woolworths.com.au/shop/productdetails/717720/ayam-malaysian-rendang-curry-paste",
    "name": "Ayam Malaysian Rendang Curry Paste 185g",
    "image_url": "https://cdn1.woolworths.media/content/wowproductimages/large/717720.jpg",
    "source_id": "Woolworths - 717720",
    "barcode": "9556041612609",
    "shop": "Woolworths",
    "weight": "100G",
    "prices": [
      {
        "state": "NSW",
        "price": "400",
        "price_per_unit": "216",
        "price_unit": "G"
      },
      {
        "state": "VIC",
        "price": "400",
        "price_per_unit": "216",
        "price_unit": "G"
      },
      {
        "state": "QLD",
        "price": "400",
        "price_per_unit": "216",
        "price_unit": "G"
      },
      {
        "state": "WA",
        "price": "400",
        "price_per_unit": "216",
        "price_unit": "G"
      },
      {
        "state": "SA",
        "price": "400",
        "price_per_unit": "216",
        "price_unit": "G"
      },
      {
        "state": "TAS",
        "price": "400",
        "price_per_unit": "216",
        "price_unit": "G"
      },
      {
        "state": "ACT",
        "price": "400",
        "price_per_unit": "216",
        "price_unit": "G"
      },
      {
        "state": "NT",
        "price": "400",
        "price_per_unit": "216",
        "price_unit": "G"
      }
    ]
  },
  {
    "source_url": "https://www.woolworths.com.au/shop/productdetails/717730/ayam-nasi-goreng-paste",
    "name": "Ayam Nasi Goreng Paste 185g",
    "image_url": "https://cdn1.woolworths.media/content/wowproductimages/large/717730.jpg",
    "source_id": "Woolworths - 717730",
    "barcode": "9556041612753",
    "shop": "Woolworths",
    "weight": "100G",
    "prices": [
      {
        "state": "NSW",
        "price": "400",
        "price_per_unit": "216",
        "price_unit": "G"
      },
      {
        "state": "VIC",
        "price": "400",
        "price_per_unit": "216",
        "price_unit": "G"
      },
      {
        "state": "QLD",
        "price": "400",
        "price_per_unit": "216",
        "price_unit": "G"
      },
      {
        "state": "WA",
        "price": "400",
        "price_per_unit": "216",
        "price_unit": "G"
      },
      {
        "state": "SA",
        "price": "400",
        "price_per_unit": "216",
        "price_unit": "G"
      },
      {
        "state": "TAS",
        "price": "400",
        "price_per_unit": "216",
        "price_unit": "G"
      },
      {
        "state": "ACT",
        "price": "400",
        "price_per_unit": "216",
        "price_unit": "G"
      },
      {
        "state": "NT",
        "price": "400",
        "price_per_unit": "216",
        "price_unit": "G"
      }
    ]
  },
  {
    "source_url": "https://www.woolworths.com.au/shop/productdetails/20245/ayam-organic-soy",
    "name": "Ayam Organic Soy 210ml",
    "image_url": "https://cdn1.woolworths.media/content/wowproductimages/large/020245.jpg",
    "source_id": "Woolworths - 20245",
    "barcode": "9556041613644",
    "shop": "Woolworths",
    "weight": "100ML",
    "prices": [
      {
        "state": "NSW",
        "price": "600",
        "price_per_unit": "286",
        "price_unit": "ML"
      },
      {
        "state": "VIC",
        "price": "600",
        "price_per_unit": "286",
        "price_unit": "ML"
      },
      {
        "state": "SA",
        "price": "600",
        "price_per_unit": "286",
        "price_unit": "ML"
      },
      {
        "state": "TAS",
        "price": "600",
        "price_per_unit": "286",
        "price_unit": "ML"
      },
      {
        "state": "ACT",
        "price": "600",
        "price_per_unit": "286",
        "price_unit": "ML"
      },
      {
        "state": "NT",
        "price": "600",
        "price_per_unit": "286",
        "price_unit": "ML"
      }
    ]
  },
  {
    "source_url": "https://www.woolworths.com.au/shop/productdetails/87179/ayam-oyster-sauce",
    "name": "Ayam Oyster Sauce 210ml",
    "image_url": "https://cdn1.woolworths.media/content/wowproductimages/large/087179.jpg",
    "source_id": "Woolworths - 87179",
    "barcode": "9311627610901",
    "shop": "Woolworths",
    "weight": "100ML",
    "prices": [
      {
        "state": "NSW",
        "price": "400",
        "price_per_unit": "190",
        "price_unit": "ML"
      },
      {
        "state": "VIC",
        "price": "400",
        "price_per_unit": "190",
        "price_unit": "ML"
      },
      {
        "state": "QLD",
        "price": "400",
        "price_per_unit": "190",
        "price_unit": "ML"
      },
      {
        "state": "WA",
        "price": "400",
        "price_per_unit": "190",
        "price_unit": "ML"
      },
      {
        "state": "SA",
        "price": "400",
        "price_per_unit": "190",
        "price_unit": "ML"
      },
      {
        "state": "TAS",
        "price": "400",
        "price_per_unit": "190",
        "price_unit": "ML"
      },
      {
        "state": "ACT",
        "price": "400",
        "price_per_unit": "190",
        "price_unit": "ML"
      },
      {
        "state": "NT",
        "price": "400",
        "price_per_unit": "190",
        "price_unit": "ML"
      }
    ]
  },
  {
    "source_url": "https://www.woolworths.com.au/shop/productdetails/90436/ayam-oyster-sauce",
    "name": "Ayam Oyster Sauce 420ml",
    "image_url": "https://cdn1.woolworths.media/content/wowproductimages/large/090436.jpg",
    "source_id": "Woolworths - 90436",
    "barcode": "9556041200202",
    "shop": "Woolworths",
    "weight": "100ML",
    "prices": [
      {
        "state": "NSW",
        "price": "500",
        "price_per_unit": "119",
        "price_unit": "ML"
      },
      {
        "state": "VIC",
        "price": "500",
        "price_per_unit": "119",
        "price_unit": "ML"
      },
      {
        "state": "QLD",
        "price": "500",
        "price_per_unit": "119",
        "price_unit": "ML"
      },
      {
        "state": "WA",
        "price": "500",
        "price_per_unit": "119",
        "price_unit": "ML"
      },
      {
        "state": "SA",
        "price": "500",
        "price_per_unit": "119",
        "price_unit": "ML"
      },
      {
        "state": "TAS",
        "price": "500",
        "price_per_unit": "119",
        "price_unit": "ML"
      },
      {
        "state": "ACT",
        "price": "500",
        "price_per_unit": "119",
        "price_unit": "ML"
      },
      {
        "state": "NT",
        "price": "500",
        "price_per_unit": "119",
        "price_unit": "ML"
      }
    ]
  },
  {
    "source_url": "https://www.woolworths.com.au/shop/productdetails/702496/ayam-panang-curry-paste-panang-curry",
    "name": "Ayam Panang Curry Paste Panang Curry 195g",
    "image_url": "https://cdn1.woolworths.media/content/wowproductimages/large/702496.jpg",
    "source_id": "Woolworths - 702496",
    "barcode": "9556041613415",
    "shop": "Woolworths",
    "weight": "100G",
    "prices": [
      {
        "state": "NSW",
        "price": "400",
        "price_per_unit": "205",
        "price_unit": "G"
      },
      {
        "state": "VIC",
        "price": "400",
        "price_per_unit": "205",
        "price_unit": "G"
      },
      {
        "state": "QLD",
        "price": "400",
        "price_per_unit": "205",
        "price_unit": "G"
      },
      {
        "state": "WA",
        "price": "400",
        "price_per_unit": "205",
        "price_unit": "G"
      },
      {
        "state": "SA",
        "price": "400",
        "price_per_unit": "205",
        "price_unit": "G"
      },
      {
        "state": "TAS",
        "price": "400",
        "price_per_unit": "205",
        "price_unit": "G"
      },
      {
        "state": "ACT",
        "price": "400",
        "price_per_unit": "205",
        "price_unit": "G"
      },
      {
        "state": "NT",
        "price": "400",
        "price_per_unit": "205",
        "price_unit": "G"
      }
    ]
  },
  {
    "source_url": "https://www.woolworths.com.au/shop/productdetails/789329/ayam-paste-thai-chilli-jam",
    "name": "Ayam Paste Thai Chilli Jam 185g",
    "image_url": "https://cdn1.woolworths.media/content/wowproductimages/large/789329.jpg",
    "source_id": "Woolworths - 789329",
    "barcode": "9556041612067",
    "shop": "Woolworths",
    "weight": "100G",
    "prices": [
      {
        "state": "NSW",
        "price": "450",
        "price_per_unit": "243",
        "price_unit": "G"
      },
      {
        "state": "VIC",
        "price": "450",
        "price_per_unit": "243",
        "price_unit": "G"
      },
      {
        "state": "QLD",
        "price": "450",
        "price_per_unit": "243",
        "price_unit": "G"
      },
      {
        "state": "WA",
        "price": "450",
        "price_per_unit": "243",
        "price_unit": "G"
      },
      {
        "state": "SA",
        "price": "450",
        "price_per_unit": "243",
        "price_unit": "G"
      },
      {
        "state": "TAS",
        "price": "450",
        "price_per_unit": "243",
        "price_unit": "G"
      },
      {
        "state": "ACT",
        "price": "450",
        "price_per_unit": "243",
        "price_unit": "G"
      },
      {
        "state": "NT",
        "price": "450",
        "price_per_unit": "243",
        "price_unit": "G"
      }
    ]
  },
  {
    "source_url": "https://www.woolworths.com.au/shop/productdetails/243740/ayam-paste-thai-green-curry",
    "name": "Ayam Paste Thai Green Curry 195g",
    "image_url": "https://cdn1.woolworths.media/content/wowproductimages/large/243740.jpg",
    "source_id": "Woolworths - 243740",
    "barcode": "9556041608480",
    "shop": "Woolworths",
    "weight": "100G",
    "prices": [
      {
        "state": "NSW",
        "price": "400",
        "price_per_unit": "205",
        "price_unit": "G"
      },
      {
        "state": "VIC",
        "price": "400",
        "price_per_unit": "205",
        "price_unit": "G"
      },
      {
        "state": "QLD",
        "price": "400",
        "price_per_unit": "205",
        "price_unit": "G"
      },
      {
        "state": "WA",
        "price": "400",
        "price_per_unit": "205",
        "price_unit": "G"
      },
      {
        "state": "SA",
        "price": "400",
        "price_per_unit": "205",
        "price_unit": "G"
      },
      {
        "state": "TAS",
        "price": "400",
        "price_per_unit": "205",
        "price_unit": "G"
      },
      {
        "state": "ACT",
        "price": "400",
        "price_per_unit": "205",
        "price_unit": "G"
      },
      {
        "state": "NT",
        "price": "400",
        "price_per_unit": "205",
        "price_unit": "G"
      }
    ]
  },
  {
    "source_url": "https://www.woolworths.com.au/shop/productdetails/354384/ayam-paste-thai-massaman-curry",
    "name": "Ayam Paste Thai Massaman Curry 195g",
    "image_url": "https://cdn1.woolworths.media/content/wowproductimages/large/354384.jpg",
    "source_id": "Woolworths - 354384",
    "barcode": "9556041612685",
    "shop": "Woolworths",
    "weight": "100G",
    "prices": [
      {
        "state": "NSW",
        "price": "400",
        "price_per_unit": "205",
        "price_unit": "G"
      },
      {
        "state": "VIC",
        "price": "400",
        "price_per_unit": "205",
        "price_unit": "G"
      },
      {
        "state": "QLD",
        "price": "400",
        "price_per_unit": "205",
        "price_unit": "G"
      },
      {
        "state": "WA",
        "price": "400",
        "price_per_unit": "205",
        "price_unit": "G"
      },
      {
        "state": "SA",
        "price": "400",
        "price_per_unit": "205",
        "price_unit": "G"
      },
      {
        "state": "TAS",
        "price": "400",
        "price_per_unit": "205",
        "price_unit": "G"
      },
      {
        "state": "ACT",
        "price": "400",
        "price_per_unit": "205",
        "price_unit": "G"
      },
      {
        "state": "NT",
        "price": "400",
        "price_per_unit": "205",
        "price_unit": "G"
      }
    ]
  },
  {
    "source_url": "https://www.woolworths.com.au/shop/productdetails/243694/ayam-paste-thai-red-curry",
    "name": "Ayam Paste Thai Red Curry 195g",
    "image_url": "https://cdn1.woolworths.media/content/wowproductimages/large/243694.jpg",
    "source_id": "Woolworths - 243694",
    "barcode": "9556041608473",
    "shop": "Woolworths",
    "weight": "100G",
    "prices": [
      {
        "state": "NSW",
        "price": "400",
        "price_per_unit": "205",
        "price_unit": "G"
      },
      {
        "state": "VIC",
        "price": "400",
        "price_per_unit": "205",
        "price_unit": "G"
      },
      {
        "state": "QLD",
        "price": "400",
        "price_per_unit": "205",
        "price_unit": "G"
      },
      {
        "state": "WA",
        "price": "400",
        "price_per_unit": "205",
        "price_unit": "G"
      },
      {
        "state": "SA",
        "price": "400",
        "price_per_unit": "205",
        "price_unit": "G"
      },
      {
        "state": "TAS",
        "price": "400",
        "price_per_unit": "205",
        "price_unit": "G"
      },
      {
        "state": "ACT",
        "price": "400",
        "price_per_unit": "205",
        "price_unit": "G"
      },
      {
        "state": "NT",
        "price": "400",
        "price_per_unit": "205",
        "price_unit": "G"
      }
    ]
  },
  {
    "source_url": "https://www.woolworths.com.au/shop/productdetails/35816/ayam-plum-sauce",
    "name": "Ayam Plum Sauce 210ml",
    "image_url": "https://cdn1.woolworths.media/content/wowproductimages/large/035816.jpg",
    "source_id": "Woolworths - 35816",
    "barcode": "9311627610895",
    "shop": "Woolworths",
    "weight": "100ML",
    "prices": [
      {
        "state": "NSW",
        "price": "400",
        "price_per_unit": "190",
        "price_unit": "ML"
      },
      {
        "state": "VIC",
        "price": "400",
        "price_per_unit": "190",
        "price_unit": "ML"
      },
      {
        "state": "QLD",
        "price": "400",
        "price_per_unit": "190",
        "price_unit": "ML"
      },
      {
        "state": "WA",
        "price": "400",
        "price_per_unit": "190",
        "price_unit": "ML"
      },
      {
        "state": "SA",
        "price": "400",
        "price_per_unit": "190",
        "price_unit": "ML"
      },
      {
        "state": "TAS",
        "price": "400",
        "price_per_unit": "190",
        "price_unit": "ML"
      },
      {
        "state": "ACT",
        "price": "400",
        "price_per_unit": "190",
        "price_unit": "ML"
      },
      {
        "state": "NT",
        "price": "400",
        "price_per_unit": "190",
        "price_unit": "ML"
      }
    ]
  },
  {
    "source_url": "https://www.woolworths.com.au/shop/productdetails/626894/ayam-pure-sesame-oil",
    "name": "Ayam Pure Sesame Oil 420ml",
    "image_url": "https://cdn1.woolworths.media/content/wowproductimages/large/626894.jpg",
    "source_id": "Woolworths - 626894",
    "barcode": "9556041612418",
    "shop": "Woolworths",
    "weight": "100ML",
    "prices": [
      {
        "state": "NSW",
        "price": "990",
        "price_per_unit": "236",
        "price_unit": "ML"
      },
      {
        "state": "VIC",
        "price": "990",
        "price_per_unit": "236",
        "price_unit": "ML"
      },
      {
        "state": "QLD",
        "price": "990",
        "price_per_unit": "236",
        "price_unit": "ML"
      },
      {
        "state": "WA",
        "price": "990",
        "price_per_unit": "236",
        "price_unit": "ML"
      },
      {
        "state": "SA",
        "price": "990",
        "price_per_unit": "236",
        "price_unit": "ML"
      },
      {
        "state": "TAS",
        "price": "990",
        "price_per_unit": "236",
        "price_unit": "ML"
      },
      {
        "state": "ACT",
        "price": "990",
        "price_per_unit": "236",
        "price_unit": "ML"
      },
      {
        "state": "NT",
        "price": "990",
        "price_per_unit": "236",
        "price_unit": "ML"
      }
    ]
  },
  {
    "source_url": "https://www.woolworths.com.au/shop/productdetails/829370/ayam-sago-dessert",
    "name": "Ayam Sago Dessert 200g",
    "image_url": "https://cdn1.woolworths.media/content/wowproductimages/large/829370.jpg",
    "source_id": "Woolworths - 829370",
    "barcode": "9556041613521",
    "shop": "Woolworths",
    "weight": "100G",
    "prices": [
      {
        "state": "NSW",
        "price": "550",
        "price_per_unit": "275",
        "price_unit": "G"
      },
      {
        "state": "VIC",
        "price": "550",
        "price_per_unit": "275",
        "price_unit": "G"
      },
      {
        "state": "SA",
        "price": "550",
        "price_per_unit": "275",
        "price_unit": "G"
      },
      {
        "state": "TAS",
        "price": "550",
        "price_per_unit": "275",
        "price_unit": "G"
      },
      {
        "state": "ACT",
        "price": "550",
        "price_per_unit": "275",
        "price_unit": "G"
      }
    ]
  },
  {
    "source_url": "https://www.woolworths.com.au/shop/productdetails/123048/ayam-san-choy-bao-sauce",
    "name": "Ayam San Choy Bao Sauce 210ml",
    "image_url": "https://cdn1.woolworths.media/content/wowproductimages/large/123048.jpg",
    "source_id": "Woolworths - 123048",
    "barcode": "9556041612036",
    "shop": "Woolworths",
    "weight": "100ML",
    "prices": [
      {
        "state": "NSW",
        "price": "400",
        "price_per_unit": "190",
        "price_unit": "ML"
      },
      {
        "state": "VIC",
        "price": "400",
        "price_per_unit": "190",
        "price_unit": "ML"
      },
      {
        "state": "SA",
        "price": "400",
        "price_per_unit": "190",
        "price_unit": "ML"
      },
      {
        "state": "TAS",
        "price": "400",
        "price_per_unit": "190",
        "price_unit": "ML"
      },
      {
        "state": "ACT",
        "price": "400",
        "price_per_unit": "190",
        "price_unit": "ML"
      },
      {
        "state": "NT",
        "price": "400",
        "price_per_unit": "190",
        "price_unit": "ML"
      }
    ]
  },
  {
    "source_url": "https://www.woolworths.com.au/shop/productdetails/90316/ayam-satay-sauce",
    "name": "Ayam Satay Sauce 250ml",
    "image_url": "https://cdn1.woolworths.media/content/wowproductimages/large/090316.jpg",
    "source_id": "Woolworths - 90316",
    "barcode": "9311627603842",
    "shop": "Woolworths",
    "weight": "100ML",
    "prices": [
      {
        "state": "NSW",
        "price": "390",
        "price_per_unit": "156",
        "price_unit": "ML"
      },
      {
        "state": "VIC",
        "price": "390",
        "price_per_unit": "156",
        "price_unit": "ML"
      },
      {
        "state": "QLD",
        "price": "390",
        "price_per_unit": "156",
        "price_unit": "ML"
      },
      {
        "state": "WA",
        "price": "390",
        "price_per_unit": "156",
        "price_unit": "ML"
      },
      {
        "state": "SA",
        "price": "390",
        "price_per_unit": "156",
        "price_unit": "ML"
      },
      {
        "state": "TAS",
        "price": "390",
        "price_per_unit": "156",
        "price_unit": "ML"
      },
      {
        "state": "ACT",
        "price": "390",
        "price_per_unit": "156",
        "price_unit": "ML"
      },
      {
        "state": "NT",
        "price": "390",
        "price_per_unit": "156",
        "price_unit": "ML"
      }
    ]
  },
  {
    "source_url": "https://www.woolworths.com.au/shop/productdetails/232514/ayam-stir-fry-paste-thai-basil-chilli-medium",
    "name": "Ayam Stir Fry Paste Thai Basil Chilli Medium 185g",
    "image_url": "https://cdn1.woolworths.media/content/wowproductimages/large/232514.jpg",
    "source_id": "Woolworths - 232514",
    "barcode": "9556041640268",
    "shop": "Woolworths",
    "weight": "100G",
    "prices": [
      {
        "state": "NSW",
        "price": "450",
        "price_per_unit": "243",
        "price_unit": "G"
      },
      {
        "state": "VIC",
        "price": "450",
        "price_per_unit": "243",
        "price_unit": "G"
      },
      {
        "state": "SA",
        "price": "450",
        "price_per_unit": "243",
        "price_unit": "G"
      },
      {
        "state": "TAS",
        "price": "450",
        "price_per_unit": "243",
        "price_unit": "G"
      },
      {
        "state": "ACT",
        "price": "450",
        "price_per_unit": "243",
        "price_unit": "G"
      },
      {
        "state": "NT",
        "price": "450",
        "price_per_unit": "243",
        "price_unit": "G"
      }
    ]
  },
  {
    "source_url": "https://www.woolworths.com.au/shop/productdetails/11062/ayam-teriyaki-sauce",
    "name": "Ayam Teriyaki Sauce 210ml",
    "image_url": "https://cdn1.woolworths.media/content/wowproductimages/large/011062.jpg",
    "source_id": "Woolworths - 11062",
    "barcode": "9556041611152",
    "shop": "Woolworths",
    "weight": "100ML",
    "prices": [
      {
        "state": "NSW",
        "price": "400",
        "price_per_unit": "190",
        "price_unit": "ML"
      },
      {
        "state": "VIC",
        "price": "400",
        "price_per_unit": "190",
        "price_unit": "ML"
      },
      {
        "state": "QLD",
        "price": "400",
        "price_per_unit": "190",
        "price_unit": "ML"
      },
      {
        "state": "WA",
        "price": "400",
        "price_per_unit": "190",
        "price_unit": "ML"
      },
      {
        "state": "SA",
        "price": "400",
        "price_per_unit": "190",
        "price_unit": "ML"
      },
      {
        "state": "TAS",
        "price": "400",
        "price_per_unit": "190",
        "price_unit": "ML"
      },
      {
        "state": "ACT",
        "price": "400",
        "price_per_unit": "190",
        "price_unit": "ML"
      },
      {
        "state": "NT",
        "price": "400",
        "price_per_unit": "190",
        "price_unit": "ML"
      }
    ]
  },
  {
    "source_url": "https://www.woolworths.com.au/shop/productdetails/367166/ayam-thai-sweet-chilli-sauce-light",
    "name": "Ayam Thai Sweet Chilli Sauce Light 285ml",
    "image_url": "https://cdn1.woolworths.media/content/wowproductimages/large/367166.jpg",
    "source_id": "Woolworths - 367166",
    "barcode": "9556041613613",
    "shop": "Woolworths",
    "weight": "100ML",
    "prices": [
      {
        "state": "NSW",
        "price": "300",
        "price_per_unit": "105",
        "price_unit": "ML"
      },
      {
        "state": "VIC",
        "price": "300",
        "price_per_unit": "105",
        "price_unit": "ML"
      },
      {
        "state": "SA",
        "price": "300",
        "price_per_unit": "105",
        "price_unit": "ML"
      },
      {
        "state": "TAS",
        "price": "300",
        "price_per_unit": "105",
        "price_unit": "ML"
      },
      {
        "state": "ACT",
        "price": "300",
        "price_per_unit": "105",
        "price_unit": "ML"
      },
      {
        "state": "NT",
        "price": "300",
        "price_per_unit": "105",
        "price_unit": "ML"
      }
    ]
  },
  {
    "source_url": "https://www.woolworths.com.au/shop/productdetails/717669/ayam-thai-yellow-curry-paste",
    "name": "Ayam Thai Yellow Curry Paste 185g",
    "image_url": "https://cdn1.woolworths.media/content/wowproductimages/large/717669.jpg",
    "source_id": "Woolworths - 717669",
    "barcode": "9556041612487",
    "shop": "Woolworths",
    "weight": "100G",
    "prices": [
      {
        "state": "NSW",
        "price": "400",
        "price_per_unit": "216",
        "price_unit": "G"
      },
      {
        "state": "VIC",
        "price": "400",
        "price_per_unit": "216",
        "price_unit": "G"
      },
      {
        "state": "QLD",
        "price": "400",
        "price_per_unit": "216",
        "price_unit": "G"
      },
      {
        "state": "WA",
        "price": "400",
        "price_per_unit": "216",
        "price_unit": "G"
      },
      {
        "state": "SA",
        "price": "400",
        "price_per_unit": "216",
        "price_unit": "G"
      },
      {
        "state": "TAS",
        "price": "400",
        "price_per_unit": "216",
        "price_unit": "G"
      },
      {
        "state": "ACT",
        "price": "400",
        "price_per_unit": "216",
        "price_unit": "G"
      },
      {
        "state": "NT",
        "price": "400",
        "price_per_unit": "216",
        "price_unit": "G"
      }
    ]
  },
  {
    "source_url": "https://www.woolworths.com.au/shop/productdetails/683100/ayam-vegetarian-oyster-sauce",
    "name": "Ayam Vegetarian Oyster Sauce 210ml",
    "image_url": "https://cdn1.woolworths.media/content/wowproductimages/large/683100.jpg",
    "source_id": "Woolworths - 683100",
    "barcode": "9556041613514",
    "shop": "Woolworths",
    "weight": "100ML",
    "prices": [
      {
        "state": "NSW",
        "price": "400",
        "price_per_unit": "190",
        "price_unit": "ML"
      },
      {
        "state": "VIC",
        "price": "400",
        "price_per_unit": "190",
        "price_unit": "ML"
      },
      {
        "state": "QLD",
        "price": "400",
        "price_per_unit": "190",
        "price_unit": "ML"
      },
      {
        "state": "WA",
        "price": "400",
        "price_per_unit": "190",
        "price_unit": "ML"
      },
      {
        "state": "SA",
        "price": "400",
        "price_per_unit": "190",
        "price_unit": "ML"
      },
      {
        "state": "TAS",
        "price": "400",
        "price_per_unit": "190",
        "price_unit": "ML"
      },
      {
        "state": "ACT",
        "price": "400",
        "price_per_unit": "190",
        "price_unit": "ML"
      },
      {
        "state": "NT",
        "price": "400",
        "price_per_unit": "190",
        "price_unit": "ML"
      }
    ]
  },
  {
    "source_url": "https://www.woolworths.com.au/shop/productdetails/1074032821/benny-s-soy-sauce-500ml-x-3",
    "name": "Benny's Soy Sauce 500ml x 3",
    "image_url": "https://cdn1.woolworths.media/content/wowproductimages/large/1074032821.jpg",
    "source_id": "Woolworths - 1074032821",
    "barcode": null,
    "shop": "Woolworths",
    "weight": "1EA",
    "prices": [
      {
        "state": "NSW",
        "price": "4049",
        "price_per_unit": "1350",
        "price_unit": "EA"
      },
      {
        "state": "VIC",
        "price": "4049",
        "price_per_unit": "1350",
        "price_unit": "EA"
      },
      {
        "state": "QLD",
        "price": "4049",
        "price_per_unit": "1350",
        "price_unit": "EA"
      },
      {
        "state": "WA",
        "price": "4049",
        "price_per_unit": "1350",
        "price_unit": "EA"
      },
      {
        "state": "SA",
        "price": "4049",
        "price_per_unit": "1350",
        "price_unit": "EA"
      },
      {
        "state": "TAS",
        "price": "4049",
        "price_per_unit": "1350",
        "price_unit": "EA"
      },
      {
        "state": "ACT",
        "price": "4049",
        "price_per_unit": "1350",
        "price_unit": "EA"
      },
      {
        "state": "NT",
        "price": "4049",
        "price_per_unit": "1350",
        "price_unit": "EA"
      }
    ]
  },
  {
    "source_url": "https://www.woolworths.com.au/shop/productdetails/164826/bento-squid-snack-sweet-spicy",
    "name": "Bento Squid Snack Sweet & Spicy 120g",
    "image_url": "https://cdn1.woolworths.media/content/wowproductimages/large/164826.jpg",
    "source_id": "Woolworths - 164826",
    "barcode": "8850157405416",
    "shop": "Woolworths",
    "weight": "100G",
    "prices": [
      {
        "state": "NSW",
        "price": "1300",
        "price_per_unit": "1083",
        "price_unit": "G"
      },
      null,
      null,
      null
    ]
  },
  {
    "source_url": "https://www.woolworths.com.au/shop/productdetails/360738/binggrae-strawberry-flavoured-milk-drink",
    "name": "Binggrae Strawberry Flavoured Milk Drink 200ml x 6 Pack",
    "image_url": "https://cdn1.woolworths.media/content/wowproductimages/large/360738.jpg",
    "source_id": "Woolworths - 360738",
    "barcode": "8801104940030",
    "shop": "Woolworths",
    "weight": "1L",
    "prices": [
      {
        "state": "VIC",
        "price": "1000",
        "price_per_unit": "833",
        "price_unit": "L"
      },
      {
        "state": "SA",
        "price": "1000",
        "price_per_unit": "833",
        "price_unit": "L"
      },
      {
        "state": "TAS",
        "price": "1000",
        "price_per_unit": "833",
        "price_unit": "L"
      },
      {
        "state": "NT",
        "price": "1000",
        "price_per_unit": "833",
        "price_unit": "L"
      }
    ]
  },
  {
    "source_url": "https://www.woolworths.com.au/shop/productdetails/1075479062/biona-organic-spelt-noodles-250g",
    "name": "Biona Organic Spelt Noodles 250g",
    "image_url": "https://cdn1.woolworths.media/content/wowproductimages/large/1075479062.jpg",
    "source_id": "Woolworths - 1075479062",
    "barcode": null,
    "shop": "Woolworths",
    "weight": "100G",
    "prices": [
      {
        "state": "NSW",
        "price": "994",
        "price_per_unit": "398",
        "price_unit": "G"
      },
      {
        "state": "VIC",
        "price": "994",
        "price_per_unit": "398",
        "price_unit": "G"
      },
      {
        "state": "QLD",
        "price": "994",
        "price_per_unit": "398",
        "price_unit": "G"
      },
      {
        "state": "WA",
        "price": "994",
        "price_per_unit": "398",
        "price_unit": "G"
      },
      {
        "state": "SA",
        "price": "994",
        "price_per_unit": "398",
        "price_unit": "G"
      },
      {
        "state": "TAS",
        "price": "994",
        "price_per_unit": "398",
        "price_unit": "G"
      },
      {
        "state": "ACT",
        "price": "994",
        "price_per_unit": "398",
        "price_unit": "G"
      },
      {
        "state": "NT",
        "price": "994",
        "price_per_unit": "398",
        "price_unit": "G"
      }
    ]
  },
  {
    "source_url": "https://www.woolworths.com.au/shop/productdetails/124063/bird-nest-nature-drink",
    "name": "Bird Nest Nature Drink 240mL",
    "image_url": "https://cdn1.woolworths.media/content/wowproductimages/large/124063.jpg",
    "source_id": "Woolworths - 124063",
    "barcode": "8934823850189",
    "shop": "Woolworths",
    "weight": "1L",
    "prices": [
      {
        "state": "NSW",
        "price": "215",
        "price_per_unit": "896",
        "price_unit": "L"
      },
      {
        "state": "VIC",
        "price": "215",
        "price_per_unit": "896",
        "price_unit": "L"
      }
    ]
  },
  {
    "source_url": "https://www.woolworths.com.au/shop/productdetails/123363/boy-bawang-chichacorn-garlic",
    "name": "Boy Bawang Chichacorn Garlic 100G",
    "image_url": "https://cdn1.woolworths.media/content/wowproductimages/large/123363.jpg",
    "source_id": "Woolworths - 123363",
    "barcode": "4809011681439",
    "shop": "Woolworths",
    "weight": "100G",
    "prices": [
      {
        "state": "ACT",
        "price": "195",
        "price_per_unit": "195",
        "price_unit": "G"
      },
      {
        "state": "NT",
        "price": "195",
        "price_per_unit": "195",
        "price_unit": "G"
      }
    ]
  },
  {
    "source_url": "https://www.woolworths.com.au/shop/productdetails/289233/boy-bawang-corn-cornick-garlic-90g-boy-bawang-cornick-garlic-flavoured-chips",
    "name": "Boy Bawang Cornick Garlic Flavoured Chips 90g",
    "image_url": "https://cdn1.woolworths.media/content/wowproductimages/large/289233.jpg",
    "source_id": "Woolworths - 289233",
    "barcode": "9352429003775",
    "shop": "Woolworths",
    "weight": "100G",
    "prices": [
      {
        "state": "VIC",
        "price": "130",
        "price_per_unit": "144",
        "price_unit": "G"
      }
    ]
  },
  {
    "source_url": "https://www.woolworths.com.au/shop/productdetails/189197/bubbleme-at-home-bubble-tea-kit-royal-black-tea-flavour",
    "name": "bubbleme At Home Bubble Tea Kit Royal Black Tea Flavour 280g",
    "image_url": "https://cdn1.woolworths.media/content/wowproductimages/large/189197.jpg",
    "source_id": "Woolworths - 189197",
    "barcode": "9333328000171",
    "shop": "Woolworths",
    "weight": "100G",
    "prices": [
      {
        "state": "NSW",
        "price": "1150",
        "price_per_unit": "411",
        "price_unit": "G"
      },
      {
        "state": "VIC",
        "price": "1150",
        "price_per_unit": "411",
        "price_unit": "G"
      },
      {
        "state": "QLD",
        "price": "1150",
        "price_per_unit": "411",
        "price_unit": "G"
      },
      {
        "state": "WA",
        "price": "1150",
        "price_per_unit": "411",
        "price_unit": "G"
      },
      {
        "state": "SA",
        "price": "1150",
        "price_per_unit": "411",
        "price_unit": "G"
      },
      {
        "state": "TAS",
        "price": "1150",
        "price_per_unit": "411",
        "price_unit": "G"
      },
      {
        "state": "ACT",
        "price": "1150",
        "price_per_unit": "411",
        "price_unit": "G"
      },
      null
    ]
  },
  {
    "source_url": "https://www.woolworths.com.au/shop/productdetails/189287/bubbleme-bubble-tea-brown-sugar-flavour",
    "name": "bubbleme Bubble Tea Brown Sugar Flavour 470ml",
    "image_url": "https://cdn1.woolworths.media/content/wowproductimages/large/189287.jpg",
    "source_id": "Woolworths - 189287",
    "barcode": "9333328000201",
    "shop": "Woolworths",
    "weight": "1L",
    "prices": [
      {
        "state": "NSW",
        "price": "500",
        "price_per_unit": "1064",
        "price_unit": "L"
      },
      {
        "state": "VIC",
        "price": "500",
        "price_per_unit": "1064",
        "price_unit": "L"
      },
      {
        "state": "QLD",
        "price": "500",
        "price_per_unit": "1064",
        "price_unit": "L"
      },
      {
        "state": "WA",
        "price": "500",
        "price_per_unit": "1064",
        "price_unit": "L"
      },
      {
        "state": "SA",
        "price": "500",
        "price_per_unit": "1064",
        "price_unit": "L"
      },
      {
        "state": "TAS",
        "price": "500",
        "price_per_unit": "1064",
        "price_unit": "L"
      },
      {
        "state": "ACT",
        "price": "500",
        "price_per_unit": "1064",
        "price_unit": "L"
      },
      {
        "state": "NT",
        "price": "525",
        "price_per_unit": "1117",
        "price_unit": "L"
      }
    ]
  },
  {
    "source_url": "https://www.woolworths.com.au/shop/productdetails/189525/bubbleme-bubble-tea-taro-flavour",
    "name": "bubbleme Bubble Tea Taro Flavour 470ml",
    "image_url": "https://cdn1.woolworths.media/content/wowproductimages/large/189525.jpg",
    "source_id": "Woolworths - 189525",
    "barcode": "9333328000218",
    "shop": "Woolworths",
    "weight": "1L",
    "prices": [
      {
        "state": "NSW",
        "price": "500",
        "price_per_unit": "1064",
        "price_unit": "L"
      },
      {
        "state": "VIC",
        "price": "500",
        "price_per_unit": "1064",
        "price_unit": "L"
      },
      {
        "state": "QLD",
        "price": "500",
        "price_per_unit": "1064",
        "price_unit": "L"
      },
      {
        "state": "WA",
        "price": "500",
        "price_per_unit": "1064",
        "price_unit": "L"
      },
      {
        "state": "SA",
        "price": "500",
        "price_per_unit": "1064",
        "price_unit": "L"
      },
      {
        "state": "TAS",
        "price": "500",
        "price_per_unit": "1064",
        "price_unit": "L"
      },
      {
        "state": "ACT",
        "price": "500",
        "price_per_unit": "1064",
        "price_unit": "L"
      },
      {
        "state": "NT",
        "price": "525",
        "price_per_unit": "1117",
        "price_unit": "L"
      }
    ]
  },
  {
    "source_url": "https://www.woolworths.com.au/shop/productdetails/532946/bubbleme-the-jelly-co-konjac-jelly-crisp-green-apple",
    "name": "bubbleme The Jelly Co. Konjac Jelly Crisp Green Apple 150g",
    "image_url": "https://cdn1.woolworths.media/content/wowproductimages/large/532946.jpg",
    "source_id": "Woolworths - 532946",
    "barcode": "9333328001413",
    "shop": "Woolworths",
    "weight": "100G",
    "prices": [
      {
        "state": "VIC",
        "price": "100",
        "price_per_unit": "67",
        "price_unit": "G"
      },
      {
        "state": "SA",
        "price": "100",
        "price_per_unit": "67",
        "price_unit": "G"
      },
      null,
      {
        "state": "ACT",
        "price": "100",
        "price_per_unit": "67",
        "price_unit": "G"
      },
      {
        "state": "NT",
        "price": "360",
        "price_per_unit": "240",
        "price_unit": "G"
      }
    ]
  },
  {
    "source_url": "https://www.woolworths.com.au/shop/productdetails/334778/buderim-ginger-australian-ready-cut-ginger",
    "name": "Buderim Ginger Australian Ready Cut Ginger 200g",
    "image_url": "https://cdn1.woolworths.media/content/wowproductimages/large/334778.jpg",
    "source_id": "Woolworths - 334778",
    "barcode": "9310371180203",
    "shop": "Woolworths",
    "weight": "100G",
    "prices": [
      {
        "state": "NSW",
        "price": "600",
        "price_per_unit": "300",
        "price_unit": "G"
      },
      {
        "state": "VIC",
        "price": "600",
        "price_per_unit": "300",
        "price_unit": "G"
      },
      {
        "state": "SA",
        "price": "600",
        "price_per_unit": "300",
        "price_unit": "G"
      },
      {
        "state": "TAS",
        "price": "600",
        "price_per_unit": "300",
        "price_unit": "G"
      },
      {
        "state": "ACT",
        "price": "600",
        "price_per_unit": "300",
        "price_unit": "G"
      },
      {
        "state": "NT",
        "price": "630",
        "price_per_unit": "315",
        "price_unit": "G"
      }
    ]
  },
  {
    "source_url": "https://www.woolworths.com.au/shop/productdetails/65863/calbee-potato-chips-hot-spicy",
    "name": "Calbee Potato Chips Hot & Spicy 55g",
    "image_url": "https://cdn1.woolworths.media/content/wowproductimages/large/065863.jpg",
    "source_id": "Woolworths - 65863",
    "barcode": "4901330300111",
    "shop": "Woolworths",
    "weight": "100G",
    "prices": [
      {
        "state": "NSW",
        "price": "350",
        "price_per_unit": "636",
        "price_unit": "G"
      },
      {
        "state": "VIC",
        "price": "350",
        "price_per_unit": "636",
        "price_unit": "G"
      },
      {
        "state": "TAS",
        "price": "350",
        "price_per_unit": "636",
        "price_unit": "G"
      },
      {
        "state": "NT",
        "price": "310",
        "price_per_unit": "564",
        "price_unit": "G"
      }
    ]
  },
  {
    "source_url": "https://www.woolworths.com.au/shop/productdetails/63582/calbee-potato-chips-pizza-flavoured",
    "name": "Calbee Potato Chips Pizza Flavoured 55g",
    "image_url": "https://cdn1.woolworths.media/content/wowproductimages/large/063582.jpg",
    "source_id": "Woolworths - 63582",
    "barcode": "4901330300555",
    "shop": "Woolworths",
    "weight": "100G",
    "prices": [
      {
        "state": "NSW",
        "price": "350",
        "price_per_unit": "636",
        "price_unit": "G"
      },
      {
        "state": "VIC",
        "price": "350",
        "price_per_unit": "636",
        "price_unit": "G"
      },
      {
        "state": "SA",
        "price": "350",
        "price_per_unit": "636",
        "price_unit": "G"
      },
      {
        "state": "TAS",
        "price": "350",
        "price_per_unit": "636",
        "price_unit": "G"
      },
      {
        "state": "ACT",
        "price": "350",
        "price_per_unit": "636",
        "price_unit": "G"
      },
      {
        "state": "NT",
        "price": "310",
        "price_per_unit": "564",
        "price_unit": "G"
      }
    ]
  },
  {
    "source_url": "https://www.woolworths.com.au/shop/productdetails/1075478564/carwari-organic-brown-rice-miso-red-300g",
    "name": "Carwari Organic Brown Rice Miso Red 300g",
    "image_url": "https://cdn1.woolworths.media/content/wowproductimages/large/1075478564.jpg",
    "source_id": "Woolworths - 1075478564",
    "barcode": null,
    "shop": "Woolworths",
    "weight": "100G",
    "prices": [
      {
        "state": "NSW",
        "price": "1376",
        "price_per_unit": "459",
        "price_unit": "G"
      },
      {
        "state": "VIC",
        "price": "1376",
        "price_per_unit": "459",
        "price_unit": "G"
      },
      {
        "state": "QLD",
        "price": "1376",
        "price_per_unit": "459",
        "price_unit": "G"
      },
      {
        "state": "WA",
        "price": "1376",
        "price_per_unit": "459",
        "price_unit": "G"
      },
      {
        "state": "SA",
        "price": "1376",
        "price_per_unit": "459",
        "price_unit": "G"
      },
      {
        "state": "TAS",
        "price": "1376",
        "price_per_unit": "459",
        "price_unit": "G"
      },
      {
        "state": "ACT",
        "price": "1376",
        "price_per_unit": "459",
        "price_unit": "G"
      },
      {
        "state": "NT",
        "price": "1376",
        "price_per_unit": "459",
        "price_unit": "G"
      }
    ]
  },
  {
    "source_url": "https://www.woolworths.com.au/shop/productdetails/1075478689/carwari-organic-miso-paste-red-500g",
    "name": "Carwari Organic Miso Paste Red 500g",
    "image_url": "https://cdn1.woolworths.media/content/wowproductimages/large/1075478689.jpg",
    "source_id": "Woolworths - 1075478689",
    "barcode": null,
    "shop": "Woolworths",
    "weight": "100G",
    "prices": [
      {
        "state": "NSW",
        "price": "1432",
        "price_per_unit": "286",
        "price_unit": "G"
      },
      {
        "state": "VIC",
        "price": "1432",
        "price_per_unit": "286",
        "price_unit": "G"
      },
      {
        "state": "QLD",
        "price": "1432",
        "price_per_unit": "286",
        "price_unit": "G"
      },
      {
        "state": "WA",
        "price": "1432",
        "price_per_unit": "286",
        "price_unit": "G"
      },
      {
        "state": "SA",
        "price": "1432",
        "price_per_unit": "286",
        "price_unit": "G"
      },
      {
        "state": "TAS",
        "price": "1432",
        "price_per_unit": "286",
        "price_unit": "G"
      },
      {
        "state": "ACT",
        "price": "1432",
        "price_per_unit": "286",
        "price_unit": "G"
      },
      {
        "state": "NT",
        "price": "1432",
        "price_per_unit": "286",
        "price_unit": "G"
      }
    ]
  },
  {
    "source_url": "https://www.woolworths.com.au/shop/productdetails/1075481816/carwari-organic-miso-paste-white-500g",
    "name": "Carwari Organic Miso Paste White 500g",
    "image_url": "https://cdn1.woolworths.media/content/wowproductimages/large/1075481816.jpg",
    "source_id": "Woolworths - 1075481816",
    "barcode": null,
    "shop": "Woolworths",
    "weight": "100G",
    "prices": [
      {
        "state": "NSW",
        "price": "1432",
        "price_per_unit": "286",
        "price_unit": "G"
      },
      {
        "state": "VIC",
        "price": "1432",
        "price_per_unit": "286",
        "price_unit": "G"
      },
      {
        "state": "QLD",
        "price": "1432",
        "price_per_unit": "286",
        "price_unit": "G"
      },
      {
        "state": "WA",
        "price": "1432",
        "price_per_unit": "286",
        "price_unit": "G"
      },
      {
        "state": "SA",
        "price": "1432",
        "price_per_unit": "286",
        "price_unit": "G"
      },
      {
        "state": "TAS",
        "price": "1432",
        "price_per_unit": "286",
        "price_unit": "G"
      },
      {
        "state": "ACT",
        "price": "1432",
        "price_per_unit": "286",
        "price_unit": "G"
      },
      {
        "state": "NT",
        "price": "1432",
        "price_per_unit": "286",
        "price_unit": "G"
      }
    ]
  },
  {
    "source_url": "https://www.woolworths.com.au/shop/productdetails/1075478816/carwari-organic-tamari-soy-sauce-250ml",
    "name": "Carwari Organic Tamari Soy Sauce 250ml",
    "image_url": "https://cdn1.woolworths.media/content/wowproductimages/large/1075478816.jpg",
    "source_id": "Woolworths - 1075478816",
    "barcode": null,
    "shop": "Woolworths",
    "weight": "100ML",
    "prices": [
      {
        "state": "NSW",
        "price": "1000",
        "price_per_unit": "400",
        "price_unit": "ML"
      },
      {
        "state": "VIC",
        "price": "1000",
        "price_per_unit": "400",
        "price_unit": "ML"
      },
      {
        "state": "QLD",
        "price": "1000",
        "price_per_unit": "400",
        "price_unit": "ML"
      },
      {
        "state": "WA",
        "price": "1000",
        "price_per_unit": "400",
        "price_unit": "ML"
      },
      {
        "state": "SA",
        "price": "1000",
        "price_per_unit": "400",
        "price_unit": "ML"
      },
      {
        "state": "TAS",
        "price": "1000",
        "price_per_unit": "400",
        "price_unit": "ML"
      },
      {
        "state": "ACT",
        "price": "1000",
        "price_per_unit": "400",
        "price_unit": "ML"
      },
      {
        "state": "NT",
        "price": "1000",
        "price_per_unit": "400",
        "price_unit": "ML"
      }
    ]
  },
  {
    "source_url": "https://www.woolworths.com.au/shop/productdetails/1075827427/cedar-tree-handpicked-morel-mushroom-250g",
    "name": "Cedar Tree Handpicked Morel Mushroom 250g",
    "image_url": "https://cdn1.woolworths.media/content/wowproductimages/large/1075827427.jpg",
    "source_id": "Woolworths - 1075827427",
    "barcode": null,
    "shop": "Woolworths",
    "weight": "1KG",
    "prices": [
      {
        "state": "NSW",
        "price": "12999",
        "price_per_unit": "51996",
        "price_unit": "KG"
      },
      {
        "state": "VIC",
        "price": "12999",
        "price_per_unit": "51996",
        "price_unit": "KG"
      },
      {
        "state": "QLD",
        "price": "12999",
        "price_per_unit": "51996",
        "price_unit": "KG"
      },
      {
        "state": "WA",
        "price": "12999",
        "price_per_unit": "51996",
        "price_unit": "KG"
      },
      {
        "state": "SA",
        "price": "12999",
        "price_per_unit": "51996",
        "price_unit": "KG"
      },
      {
        "state": "TAS",
        "price": "12999",
        "price_per_unit": "51996",
        "price_unit": "KG"
      },
      {
        "state": "ACT",
        "price": "12999",
        "price_per_unit": "51996",
        "price_unit": "KG"
      },
      {
        "state": "NT",
        "price": "12999",
        "price_per_unit": "51996",
        "price_unit": "KG"
      }
    ]
  },
  {
    "source_url": "https://www.woolworths.com.au/shop/productdetails/123034/century-tuna-hot-spicy",
    "name": "Century Tuna Hot & Spicy 180G",
    "image_url": "https://cdn1.woolworths.media/content/wowproductimages/large/123034.jpg",
    "source_id": "Woolworths - 123034",
    "barcode": "748485100098",
    "shop": "Woolworths",
    "weight": "1KG",
    "prices": [
      {
        "state": "NSW",
        "price": "250",
        "price_per_unit": "1389",
        "price_unit": "KG"
      },
      {
        "state": "ACT",
        "price": "210",
        "price_per_unit": "1167",
        "price_unit": "KG"
      },
      {
        "state": "NT",
        "price": "210",
        "price_per_unit": "1167",
        "price_unit": "KG"
      }
    ]
  },
  {
    "source_url": "https://www.woolworths.com.au/shop/productdetails/122212/century-tuna-in-oil",
    "name": "Century Tuna In Oil 180G",
    "image_url": "https://cdn1.woolworths.media/content/wowproductimages/large/122212.jpg",
    "source_id": "Woolworths - 122212",
    "barcode": "748485100081",
    "shop": "Woolworths",
    "weight": "100G",
    "prices": [
      {
        "state": "NSW",
        "price": "250",
        "price_per_unit": "139",
        "price_unit": "G"
      },
      {
        "state": "ACT",
        "price": "250",
        "price_per_unit": "139",
        "price_unit": "G"
      },
      {
        "state": "NT",
        "price": "210",
        "price_per_unit": "117",
        "price_unit": "G"
      }
    ]
  },
  {
    "source_url": "https://www.woolworths.com.au/shop/productdetails/119876/century-tuna-with-calamansi",
    "name": "Century Tuna With Calamansi 180G",
    "image_url": "https://cdn1.woolworths.media/content/wowproductimages/large/119876.jpg",
    "source_id": "Woolworths - 119876",
    "barcode": "748485101460",
    "shop": "Woolworths",
    "weight": "1KG",
    "prices": [
      {
        "state": "NSW",
        "price": "250",
        "price_per_unit": "1389",
        "price_unit": "KG"
      },
      {
        "state": "ACT",
        "price": "210",
        "price_per_unit": "1167",
        "price_unit": "KG"
      },
      {
        "state": "NT",
        "price": "210",
        "price_per_unit": "1167",
        "price_unit": "KG"
      }
    ]
  },
  {
    "source_url": "https://www.woolworths.com.au/shop/productdetails/830271/chacheer-sunflower-seeds-coconut",
    "name": "Chacheer Sunflower Seeds Coconut 228g",
    "image_url": "https://cdn1.woolworths.media/content/wowproductimages/large/830271.jpg",
    "source_id": "Woolworths - 830271",
    "barcode": "6924187844896",
    "shop": "Woolworths",
    "weight": "100G",
    "prices": [
      {
        "state": "NSW",
        "price": "450",
        "price_per_unit": "197",
        "price_unit": "G"
      },
      {
        "state": "VIC",
        "price": "450",
        "price_per_unit": "197",
        "price_unit": "G"
      },
      {
        "state": "QLD",
        "price": "450",
        "price_per_unit": "197",
        "price_unit": "G"
      },
      {
        "state": "WA",
        "price": "450",
        "price_per_unit": "197",
        "price_unit": "G"
      },
      {
        "state": "SA",
        "price": "450",
        "price_per_unit": "197",
        "price_unit": "G"
      },
      {
        "state": "TAS",
        "price": "450",
        "price_per_unit": "197",
        "price_unit": "G"
      },
      {
        "state": "ACT",
        "price": "450",
        "price_per_unit": "197",
        "price_unit": "G"
      },
      {
        "state": "NT",
        "price": "450",
        "price_per_unit": "197",
        "price_unit": "G"
      }
    ]
  },
  {
    "source_url": "https://www.woolworths.com.au/shop/productdetails/830259/chacheer-sunflower-seeds-spiced",
    "name": "Chacheer Sunflower Seeds Spiced 228g",
    "image_url": "https://cdn1.woolworths.media/content/wowproductimages/large/830259.jpg",
    "source_id": "Woolworths - 830259",
    "barcode": "6924187844889",
    "shop": "Woolworths",
    "weight": "100G",
    "prices": [
      {
        "state": "NSW",
        "price": "450",
        "price_per_unit": "197",
        "price_unit": "G"
      },
      {
        "state": "VIC",
        "price": "450",
        "price_per_unit": "197",
        "price_unit": "G"
      },
      {
        "state": "QLD",
        "price": "450",
        "price_per_unit": "197",
        "price_unit": "G"
      },
      {
        "state": "WA",
        "price": "450",
        "price_per_unit": "197",
        "price_unit": "G"
      },
      {
        "state": "SA",
        "price": "450",
        "price_per_unit": "197",
        "price_unit": "G"
      },
      {
        "state": "TAS",
        "price": "450",
        "price_per_unit": "197",
        "price_unit": "G"
      },
      {
        "state": "ACT",
        "price": "450",
        "price_per_unit": "197",
        "price_unit": "G"
      },
      {
        "state": "NT",
        "price": "450",
        "price_per_unit": "197",
        "price_unit": "G"
      }
    ]
  },
  {
    "source_url": "https://www.woolworths.com.au/shop/productdetails/91119/chang-s-crunchy-noodles-noodles",
    "name": "Chang's Crunchy Noodles Noodles 100g",
    "image_url": "https://cdn1.woolworths.media/content/wowproductimages/large/091119.jpg",
    "source_id": "Woolworths - 91119",
    "barcode": "9300777091081",
    "shop": "Woolworths",
    "weight": "100G",
    "prices": [
      {
        "state": "NSW",
        "price": "170",
        "price_per_unit": "170",
        "price_unit": "G"
      },
      {
        "state": "VIC",
        "price": "170",
        "price_per_unit": "170",
        "price_unit": "G"
      },
      {
        "state": "QLD",
        "price": "170",
        "price_per_unit": "170",
        "price_unit": "G"
      },
      {
        "state": "WA",
        "price": "170",
        "price_per_unit": "170",
        "price_unit": "G"
      },
      {
        "state": "SA",
        "price": "170",
        "price_per_unit": "170",
        "price_unit": "G"
      },
      {
        "state": "TAS",
        "price": "170",
        "price_per_unit": "170",
        "price_unit": "G"
      },
      {
        "state": "ACT",
        "price": "170",
        "price_per_unit": "170",
        "price_unit": "G"
      },
      {
        "state": "NT",
        "price": "170",
        "price_per_unit": "170",
        "price_unit": "G"
      }
    ]
  },
  {
    "source_url": "https://www.woolworths.com.au/shop/productdetails/76191/chang-s-fried-noodles",
    "name": "Chang's Fried Noodles 100g",
    "image_url": "https://cdn1.woolworths.media/content/wowproductimages/large/076191.jpg",
    "source_id": "Woolworths - 76191",
    "barcode": "9300777013021",
    "shop": "Woolworths",
    "weight": "100G",
    "prices": [
      {
        "state": "NSW",
        "price": "170",
        "price_per_unit": "170",
        "price_unit": "G"
      },
      {
        "state": "VIC",
        "price": "170",
        "price_per_unit": "170",
        "price_unit": "G"
      },
      {
        "state": "QLD",
        "price": "170",
        "price_per_unit": "170",
        "price_unit": "G"
      },
      {
        "state": "WA",
        "price": "170",
        "price_per_unit": "170",
        "price_unit": "G"
      },
      {
        "state": "SA",
        "price": "170",
        "price_per_unit": "170",
        "price_unit": "G"
      },
      {
        "state": "TAS",
        "price": "170",
        "price_per_unit": "170",
        "price_unit": "G"
      },
      {
        "state": "ACT",
        "price": "170",
        "price_per_unit": "170",
        "price_unit": "G"
      },
      {
        "state": "NT",
        "price": "170",
        "price_per_unit": "170",
        "price_unit": "G"
      }
    ]
  },
  {
    "source_url": "https://www.woolworths.com.au/shop/productdetails/263290/chang-s-gluten-free-noodles",
    "name": "Chang's Gluten Free Noodles 100g",
    "image_url": "https://cdn1.woolworths.media/content/wowproductimages/large/263290.jpg",
    "source_id": "Woolworths - 263290",
    "barcode": "9300777092347",
    "shop": "Woolworths",
    "weight": "100G",
    "prices": [
      {
        "state": "NSW",
        "price": "235",
        "price_per_unit": "235",
        "price_unit": "G"
      },
      {
        "state": "VIC",
        "price": "235",
        "price_per_unit": "235",
        "price_unit": "G"
      },
      {
        "state": "QLD",
        "price": "235",
        "price_per_unit": "235",
        "price_unit": "G"
      },
      {
        "state": "WA",
        "price": "235",
        "price_per_unit": "235",
        "price_unit": "G"
      },
      {
        "state": "SA",
        "price": "235",
        "price_per_unit": "235",
        "price_unit": "G"
      },
      {
        "state": "TAS",
        "price": "235",
        "price_per_unit": "235",
        "price_unit": "G"
      },
      {
        "state": "ACT",
        "price": "235",
        "price_per_unit": "235",
        "price_unit": "G"
      },
      {
        "state": "NT",
        "price": "235",
        "price_per_unit": "235",
        "price_unit": "G"
      }
    ]
  },
  {
    "source_url": "https://www.woolworths.com.au/shop/productdetails/94986/chang-s-noodles-long-life",
    "name": "Chang's Noodles Long Life 250g",
    "image_url": "https://cdn1.woolworths.media/content/wowproductimages/large/094986.jpg",
    "source_id": "Woolworths - 94986",
    "barcode": "9310432080015",
    "shop": "Woolworths",
    "weight": "100G",
    "prices": [
      {
        "state": "NSW",
        "price": "175",
        "price_per_unit": "70",
        "price_unit": "G"
      },
      {
        "state": "VIC",
        "price": "175",
        "price_per_unit": "70",
        "price_unit": "G"
      },
      {
        "state": "QLD",
        "price": "175",
        "price_per_unit": "70",
        "price_unit": "G"
      },
      {
        "state": "WA",
        "price": "175",
        "price_per_unit": "70",
        "price_unit": "G"
      },
      {
        "state": "SA",
        "price": "175",
        "price_per_unit": "70",
        "price_unit": "G"
      },
      {
        "state": "TAS",
        "price": "175",
        "price_per_unit": "70",
        "price_unit": "G"
      },
      {
        "state": "ACT",
        "price": "175",
        "price_per_unit": "70",
        "price_unit": "G"
      },
      {
        "state": "NT",
        "price": "175",
        "price_per_unit": "70",
        "price_unit": "G"
      }
    ]
  },
  {
    "source_url": "https://www.woolworths.com.au/shop/productdetails/87453/chang-s-rice-vermicelli",
    "name": "Chang's Rice Vermicelli 250g",
    "image_url": "https://cdn1.woolworths.media/content/wowproductimages/large/087453.jpg",
    "source_id": "Woolworths - 87453",
    "barcode": "9300777013090",
    "shop": "Woolworths",
    "weight": "100G",
    "prices": [
      {
        "state": "NSW",
        "price": "255",
        "price_per_unit": "102",
        "price_unit": "G"
      },
      {
        "state": "VIC",
        "price": "255",
        "price_per_unit": "102",
        "price_unit": "G"
      },
      {
        "state": "QLD",
        "price": "255",
        "price_per_unit": "102",
        "price_unit": "G"
      },
      {
        "state": "WA",
        "price": "255",
        "price_per_unit": "102",
        "price_unit": "G"
      },
      {
        "state": "SA",
        "price": "255",
        "price_per_unit": "102",
        "price_unit": "G"
      },
      {
        "state": "TAS",
        "price": "150",
        "price_per_unit": "60",
        "price_unit": "G"
      },
      {
        "state": "ACT",
        "price": "150",
        "price_per_unit": "60",
        "price_unit": "G"
      },
      {
        "state": "NT",
        "price": "150",
        "price_per_unit": "60",
        "price_unit": "G"
      }
    ]
  },
  {
    "source_url": "https://www.woolworths.com.au/shop/productdetails/354423/chang-s-salad-dressing-oriental",
    "name": "Chang's Salad Dressing Oriental 280ml",
    "image_url": "https://cdn1.woolworths.media/content/wowproductimages/large/354423.jpg",
    "source_id": "Woolworths - 354423",
    "barcode": "9300777092316",
    "shop": "Woolworths",
    "weight": "100ML",
    "prices": [
      {
        "state": "NSW",
        "price": "265",
        "price_per_unit": "95",
        "price_unit": "ML"
      },
      {
        "state": "VIC",
        "price": "265",
        "price_per_unit": "95",
        "price_unit": "ML"
      },
      {
        "state": "QLD",
        "price": "265",
        "price_per_unit": "95",
        "price_unit": "ML"
      },
      {
        "state": "WA",
        "price": "265",
        "price_per_unit": "95",
        "price_unit": "ML"
      },
      {
        "state": "SA",
        "price": "265",
        "price_per_unit": "95",
        "price_unit": "ML"
      },
      {
        "state": "TAS",
        "price": "265",
        "price_per_unit": "95",
        "price_unit": "ML"
      },
      {
        "state": "ACT",
        "price": "265",
        "price_per_unit": "95",
        "price_unit": "ML"
      },
      {
        "state": "NT",
        "price": "265",
        "price_per_unit": "95",
        "price_unit": "ML"
      }
    ]
  },
  {
    "source_url": "https://www.woolworths.com.au/shop/productdetails/532677/chang-s-super-lo-cal-wide-noodles",
    "name": "Chang's Super Lo-Cal Wide Noodles 390g",
    "image_url": "https://cdn1.woolworths.media/content/wowproductimages/large/532677.jpg",
    "source_id": "Woolworths - 532677",
    "barcode": "9300777093443",
    "shop": "Woolworths",
    "weight": "100G",
    "prices": [
      {
        "state": "NSW",
        "price": "300",
        "price_per_unit": "77",
        "price_unit": "G"
      },
      {
        "state": "VIC",
        "price": "300",
        "price_per_unit": "77",
        "price_unit": "G"
      },
      {
        "state": "QLD",
        "price": "300",
        "price_per_unit": "77",
        "price_unit": "G"
      },
      {
        "state": "WA",
        "price": "300",
        "price_per_unit": "77",
        "price_unit": "G"
      },
      {
        "state": "SA",
        "price": "300",
        "price_per_unit": "77",
        "price_unit": "G"
      },
      {
        "state": "TAS",
        "price": "230",
        "price_per_unit": "59",
        "price_unit": "G"
      },
      {
        "state": "ACT",
        "price": "230",
        "price_per_unit": "59",
        "price_unit": "G"
      },
      {
        "state": "NT",
        "price": "230",
        "price_per_unit": "59",
        "price_unit": "G"
      }
    ]
  },
  {
    "source_url": "https://www.woolworths.com.au/shop/productdetails/528216/chang-s-wide-potato-glass-noodles",
    "name": "Chang's Wide Potato Glass Noodles 300g",
    "image_url": "https://cdn1.woolworths.media/content/wowproductimages/large/528216.jpg",
    "source_id": "Woolworths - 528216",
    "barcode": "9300777093467",
    "shop": "Woolworths",
    "weight": "100G",
    "prices": [
      {
        "state": "NSW",
        "price": "500",
        "price_per_unit": "167",
        "price_unit": "G"
      },
      {
        "state": "VIC",
        "price": "500",
        "price_per_unit": "167",
        "price_unit": "G"
      },
      {
        "state": "QLD",
        "price": "500",
        "price_per_unit": "167",
        "price_unit": "G"
      },
      {
        "state": "WA",
        "price": "500",
        "price_per_unit": "167",
        "price_unit": "G"
      },
      {
        "state": "SA",
        "price": "500",
        "price_per_unit": "167",
        "price_unit": "G"
      },
      {
        "state": "TAS",
        "price": "350",
        "price_per_unit": "117",
        "price_unit": "G"
      },
      {
        "state": "ACT",
        "price": "350",
        "price_per_unit": "117",
        "price_unit": "G"
      },
      {
        "state": "NT",
        "price": "350",
        "price_per_unit": "117",
        "price_unit": "G"
      }
    ]
  },
  {
    "source_url": "https://www.woolworths.com.au/shop/productdetails/703413/chang-s-wok-ready-super-lo-cal-noodles",
    "name": "Chang's Wok Ready Super Lo-Cal Noodles 390g",
    "image_url": "https://cdn1.woolworths.media/content/wowproductimages/large/703413.jpg",
    "source_id": "Woolworths - 703413",
    "barcode": "9300777092873",
    "shop": "Woolworths",
    "weight": "100G",
    "prices": [
      {
        "state": "NSW",
        "price": "300",
        "price_per_unit": "77",
        "price_unit": "G"
      },
      {
        "state": "VIC",
        "price": "300",
        "price_per_unit": "77",
        "price_unit": "G"
      },
      {
        "state": "QLD",
        "price": "300",
        "price_per_unit": "77",
        "price_unit": "G"
      },
      {
        "state": "WA",
        "price": "300",
        "price_per_unit": "77",
        "price_unit": "G"
      },
      {
        "state": "SA",
        "price": "300",
        "price_per_unit": "77",
        "price_unit": "G"
      },
      {
        "state": "TAS",
        "price": "230",
        "price_per_unit": "59",
        "price_unit": "G"
      },
      {
        "state": "ACT",
        "price": "230",
        "price_per_unit": "59",
        "price_unit": "G"
      },
      {
        "state": "NT",
        "price": "230",
        "price_per_unit": "59",
        "price_unit": "G"
      }
    ]
  },
  {
    "source_url": "https://www.woolworths.com.au/shop/productdetails/1075346866/chief-chilli-biltong-90g",
    "name": "Chief Chilli Biltong 90g",
    "image_url": "https://cdn1.woolworths.media/content/wowproductimages/large/1075346866.jpg",
    "source_id": "Woolworths - 1075346866",
    "barcode": null,
    "shop": "Woolworths",
    "weight": "100G",
    "prices": [
      {
        "state": "NSW",
        "price": "1495",
        "price_per_unit": "1661",
        "price_unit": "G"
      },
      {
        "state": "VIC",
        "price": "1495",
        "price_per_unit": "1661",
        "price_unit": "G"
      },
      {
        "state": "QLD",
        "price": "1495",
        "price_per_unit": "1661",
        "price_unit": "G"
      },
      {
        "state": "WA",
        "price": "1495",
        "price_per_unit": "1661",
        "price_unit": "G"
      },
      {
        "state": "SA",
        "price": "1495",
        "price_per_unit": "1661",
        "price_unit": "G"
      },
      {
        "state": "TAS",
        "price": "1495",
        "price_per_unit": "1661",
        "price_unit": "G"
      },
      {
        "state": "ACT",
        "price": "1495",
        "price_per_unit": "1661",
        "price_unit": "G"
      },
      {
        "state": "NT",
        "price": "1495",
        "price_per_unit": "1661",
        "price_unit": "G"
      }
    ]
  },
  {
    "source_url": "https://www.woolworths.com.au/shop/productdetails/1075346867/chief-smokey-bbq-biltong-90g",
    "name": "Chief Smokey BBQ Biltong 90g",
    "image_url": "https://cdn1.woolworths.media/content/wowproductimages/large/1075346867.jpg",
    "source_id": "Woolworths - 1075346867",
    "barcode": null,
    "shop": "Woolworths",
    "weight": "100G",
    "prices": [
      {
        "state": "NSW",
        "price": "1495",
        "price_per_unit": "1661",
        "price_unit": "G"
      },
      {
        "state": "VIC",
        "price": "1495",
        "price_per_unit": "1661",
        "price_unit": "G"
      },
      {
        "state": "QLD",
        "price": "1495",
        "price_per_unit": "1661",
        "price_unit": "G"
      },
      {
        "state": "WA",
        "price": "1495",
        "price_per_unit": "1661",
        "price_unit": "G"
      },
      {
        "state": "SA",
        "price": "1495",
        "price_per_unit": "1661",
        "price_unit": "G"
      },
      {
        "state": "TAS",
        "price": "1495",
        "price_per_unit": "1661",
        "price_unit": "G"
      },
      {
        "state": "ACT",
        "price": "1495",
        "price_per_unit": "1661",
        "price_unit": "G"
      },
      {
        "state": "NT",
        "price": "1495",
        "price_per_unit": "1661",
        "price_unit": "G"
      }
    ]
  },
  {
    "source_url": "https://www.woolworths.com.au/shop/productdetails/1075346478/chief-traditional-biltong-90g",
    "name": "Chief Traditional Biltong 90g",
    "image_url": "https://cdn1.woolworths.media/content/wowproductimages/large/1075346478.jpg",
    "source_id": "Woolworths - 1075346478",
    "barcode": null,
    "shop": "Woolworths",
    "weight": "100G",
    "prices": [
      {
        "state": "NSW",
        "price": "1495",
        "price_per_unit": "1661",
        "price_unit": "G"
      },
      {
        "state": "VIC",
        "price": "1495",
        "price_per_unit": "1661",
        "price_unit": "G"
      },
      {
        "state": "QLD",
        "price": "1495",
        "price_per_unit": "1661",
        "price_unit": "G"
      },
      {
        "state": "WA",
        "price": "1495",
        "price_per_unit": "1661",
        "price_unit": "G"
      },
      {
        "state": "SA",
        "price": "1495",
        "price_per_unit": "1661",
        "price_unit": "G"
      },
      {
        "state": "TAS",
        "price": "1495",
        "price_per_unit": "1661",
        "price_unit": "G"
      },
      {
        "state": "ACT",
        "price": "1495",
        "price_per_unit": "1661",
        "price_unit": "G"
      },
      {
        "state": "NT",
        "price": "1495",
        "price_per_unit": "1661",
        "price_unit": "G"
      }
    ]
  },
  {
    "source_url": "https://www.woolworths.com.au/shop/productdetails/829131/chin-chin-grass-jelly-drink-dark-lychee",
    "name": "Chin Chin Grass Jelly Drink Dark Lychee 315ml",
    "image_url": "https://cdn1.woolworths.media/content/wowproductimages/large/829131.jpg",
    "source_id": "Woolworths - 829131",
    "barcode": "701243056198",
    "shop": "Woolworths",
    "weight": "1L",
    "prices": [
      {
        "state": "NSW",
        "price": "175",
        "price_per_unit": "556",
        "price_unit": "L"
      }
    ]
  },
  {
    "source_url": "https://www.woolworths.com.au/shop/productdetails/829133/chin-chin-grass-jelly-drink-honey-dark-honey",
    "name": "Chin Chin Grass Jelly Drink Honey Dark Honey 315ml",
    "image_url": "https://cdn1.woolworths.media/content/wowproductimages/large/829133.jpg",
    "source_id": "Woolworths - 829133",
    "barcode": "701243011111",
    "shop": "Woolworths",
    "weight": "1L",
    "prices": [
      {
        "state": "NSW",
        "price": "175",
        "price_per_unit": "556",
        "price_unit": "L"
      },
      {
        "state": "VIC",
        "price": "175",
        "price_per_unit": "556",
        "price_unit": "L"
      },
      {
        "state": "QLD",
        "price": "175",
        "price_per_unit": "556",
        "price_unit": "L"
      },
      {
        "state": "WA",
        "price": "175",
        "price_per_unit": "556",
        "price_unit": "L"
      },
      {
        "state": "SA",
        "price": "175",
        "price_per_unit": "556",
        "price_unit": "L"
      },
      {
        "state": "TAS",
        "price": "175",
        "price_per_unit": "556",
        "price_unit": "L"
      },
      {
        "state": "ACT",
        "price": "175",
        "price_per_unit": "556",
        "price_unit": "L"
      },
      {
        "state": "NT",
        "price": "175",
        "price_per_unit": "556",
        "price_unit": "L"
      }
    ]
  },
  {
    "source_url": "https://www.woolworths.com.au/shop/productdetails/208390/chotto-motto-crispy-chilli-oil",
    "name": "Chotto Motto Crispy Chilli Oil 250ml",
    "image_url": "https://cdn1.woolworths.media/content/wowproductimages/large/208390.jpg",
    "source_id": "Woolworths - 208390",
    "barcode": "9369998253791",
    "shop": "Woolworths",
    "weight": "100ML",
    "prices": [
      {
        "state": "SA",
        "price": "1850",
        "price_per_unit": "740",
        "price_unit": "ML"
      },
      {
        "state": "TAS",
        "price": "1850",
        "price_per_unit": "740",
        "price_unit": "ML"
      },
      {
        "state": "ACT",
        "price": "1850",
        "price_per_unit": "740",
        "price_unit": "ML"
      }
    ]
  },
  {
    "source_url": "https://www.woolworths.com.au/shop/productdetails/56008/chotto-motto-japanese-curry-chicken-salt",
    "name": "Chotto Motto Japanese Curry Chicken Salt 45g",
    "image_url": "https://cdn1.woolworths.media/content/wowproductimages/large/056008.jpg",
    "source_id": "Woolworths - 56008",
    "barcode": "9369998427710",
    "shop": "Woolworths",
    "weight": "100G",
    "prices": [
      {
        "state": "NSW",
        "price": "800",
        "price_per_unit": "1778",
        "price_unit": "G"
      },
      {
        "state": "SA",
        "price": "800",
        "price_per_unit": "1778",
        "price_unit": "G"
      },
      {
        "state": "TAS",
        "price": "800",
        "price_per_unit": "1778",
        "price_unit": "G"
      },
      {
        "state": "ACT",
        "price": "800",
        "price_per_unit": "1778",
        "price_unit": "G"
      }
    ]
  },
  {
    "source_url": "https://www.woolworths.com.au/shop/productdetails/1075478898/church-farm-billinudgel-bloody-hot-sauce-200ml",
    "name": "Church Farm Billinudgel Bloody Hot Sauce 200ml",
    "image_url": "https://cdn1.woolworths.media/content/wowproductimages/large/1075478898.jpg",
    "source_id": "Woolworths - 1075478898",
    "barcode": null,
    "shop": "Woolworths",
    "weight": "100ML",
    "prices": [
      {
        "state": "NSW",
        "price": "1625",
        "price_per_unit": "813",
        "price_unit": "ML"
      },
      {
        "state": "VIC",
        "price": "1625",
        "price_per_unit": "813",
        "price_unit": "ML"
      },
      {
        "state": "QLD",
        "price": "1625",
        "price_per_unit": "813",
        "price_unit": "ML"
      },
      {
        "state": "WA",
        "price": "1625",
        "price_per_unit": "813",
        "price_unit": "ML"
      },
      {
        "state": "SA",
        "price": "1625",
        "price_per_unit": "813",
        "price_unit": "ML"
      },
      {
        "state": "TAS",
        "price": "1625",
        "price_per_unit": "813",
        "price_unit": "ML"
      },
      {
        "state": "ACT",
        "price": "1625",
        "price_per_unit": "813",
        "price_unit": "ML"
      },
      {
        "state": "NT",
        "price": "1625",
        "price_per_unit": "813",
        "price_unit": "ML"
      }
    ]
  },
  {
    "source_url": "https://www.woolworths.com.au/shop/productdetails/1075478615/church-farm-billinudgel-brown-sauce-200ml",
    "name": "Church Farm Billinudgel Brown Sauce 200ml",
    "image_url": "https://cdn1.woolworths.media/content/wowproductimages/large/1075478615.jpg",
    "source_id": "Woolworths - 1075478615",
    "barcode": null,
    "shop": "Woolworths",
    "weight": "100ML",
    "prices": [
      {
        "state": "NSW",
        "price": "1625",
        "price_per_unit": "813",
        "price_unit": "ML"
      },
      {
        "state": "VIC",
        "price": "1625",
        "price_per_unit": "813",
        "price_unit": "ML"
      },
      {
        "state": "QLD",
        "price": "1625",
        "price_per_unit": "813",
        "price_unit": "ML"
      },
      {
        "state": "WA",
        "price": "1625",
        "price_per_unit": "813",
        "price_unit": "ML"
      },
      {
        "state": "SA",
        "price": "1625",
        "price_per_unit": "813",
        "price_unit": "ML"
      },
      {
        "state": "TAS",
        "price": "1625",
        "price_per_unit": "813",
        "price_unit": "ML"
      },
      {
        "state": "ACT",
        "price": "1625",
        "price_per_unit": "813",
        "price_unit": "ML"
      },
      {
        "state": "NT",
        "price": "1625",
        "price_per_unit": "813",
        "price_unit": "ML"
      }
    ]
  },
  {
    "source_url": "https://www.woolworths.com.au/shop/productdetails/1075479098/church-farm-billinudgel-green-mojo-sauce-200ml",
    "name": "Church Farm Billinudgel Green Mojo Sauce 200ml",
    "image_url": "https://cdn1.woolworths.media/content/wowproductimages/large/1075479098.jpg",
    "source_id": "Woolworths - 1075479098",
    "barcode": null,
    "shop": "Woolworths",
    "weight": "100ML",
    "prices": [
      {
        "state": "NSW",
        "price": "1625",
        "price_per_unit": "813",
        "price_unit": "ML"
      },
      {
        "state": "VIC",
        "price": "1625",
        "price_per_unit": "813",
        "price_unit": "ML"
      },
      {
        "state": "QLD",
        "price": "1625",
        "price_per_unit": "813",
        "price_unit": "ML"
      },
      {
        "state": "WA",
        "price": "1625",
        "price_per_unit": "813",
        "price_unit": "ML"
      },
      {
        "state": "SA",
        "price": "1625",
        "price_per_unit": "813",
        "price_unit": "ML"
      },
      {
        "state": "TAS",
        "price": "1625",
        "price_per_unit": "813",
        "price_unit": "ML"
      },
      {
        "state": "ACT",
        "price": "1625",
        "price_per_unit": "813",
        "price_unit": "ML"
      },
      {
        "state": "NT",
        "price": "1625",
        "price_per_unit": "813",
        "price_unit": "ML"
      }
    ]
  },
  {
    "source_url": "https://www.woolworths.com.au/shop/productdetails/1075478806/church-farm-sauce-gift-box-4-sauces",
    "name": "Church Farm Sauce Gift Box - 4 sauces",
    "image_url": "https://cdn1.woolworths.media/content/wowproductimages/large/1075478806.jpg",
    "source_id": "Woolworths - 1075478806",
    "barcode": null,
    "shop": "Woolworths",
    "weight": "1EA",
    "prices": [
      {
        "state": "NSW",
        "price": "5500",
        "price_per_unit": "1375",
        "price_unit": "EA"
      },
      {
        "state": "VIC",
        "price": "5500",
        "price_per_unit": "1375",
        "price_unit": "EA"
      },
      {
        "state": "QLD",
        "price": "5500",
        "price_per_unit": "1375",
        "price_unit": "EA"
      },
      {
        "state": "WA",
        "price": "5500",
        "price_per_unit": "1375",
        "price_unit": "EA"
      },
      {
        "state": "SA",
        "price": "5500",
        "price_per_unit": "1375",
        "price_unit": "EA"
      },
      {
        "state": "TAS",
        "price": "5500",
        "price_per_unit": "1375",
        "price_unit": "EA"
      },
      {
        "state": "ACT",
        "price": "5500",
        "price_per_unit": "1375",
        "price_unit": "EA"
      },
      {
        "state": "NT",
        "price": "5500",
        "price_per_unit": "1375",
        "price_unit": "EA"
      }
    ]
  },
  {
    "source_url": "https://www.woolworths.com.au/shop/productdetails/1075480208/comvita-kids-soothing-manuka-pops-3-flavours-15-pack",
    "name": "Comvita Kids Soothing Manuka Pops 3 Flavours 15 Pack",
    "image_url": "https://cdn1.woolworths.media/content/wowproductimages/large/1075480208.jpg",
    "source_id": "Woolworths - 1075480208",
    "barcode": null,
    "shop": "Woolworths",
    "weight": "1EA",
    "prices": [
      {
        "state": "NSW",
        "price": "1995",
        "price_per_unit": "133",
        "price_unit": "EA"
      },
      {
        "state": "VIC",
        "price": "1995",
        "price_per_unit": "133",
        "price_unit": "EA"
      },
      {
        "state": "QLD",
        "price": "1995",
        "price_per_unit": "133",
        "price_unit": "EA"
      },
      {
        "state": "WA",
        "price": "1995",
        "price_per_unit": "133",
        "price_unit": "EA"
      },
      {
        "state": "SA",
        "price": "1995",
        "price_per_unit": "133",
        "price_unit": "EA"
      },
      {
        "state": "TAS",
        "price": "1995",
        "price_per_unit": "133",
        "price_unit": "EA"
      },
      {
        "state": "ACT",
        "price": "1995",
        "price_per_unit": "133",
        "price_unit": "EA"
      },
      {
        "state": "NT",
        "price": "1995",
        "price_per_unit": "133",
        "price_unit": "EA"
      }
    ]
  },
  {
    "source_url": "https://www.woolworths.com.au/shop/productdetails/504357/conimex-sambal-badjak",
    "name": "Conimex Sambal Badjak 200g",
    "image_url": "https://cdn1.woolworths.media/content/wowproductimages/large/504357.jpg",
    "source_id": "Woolworths - 504357",
    "barcode": "8720182866394",
    "shop": "Woolworths",
    "weight": "100G",
    "prices": [
      {
        "state": "NSW",
        "price": "615",
        "price_per_unit": "308",
        "price_unit": "G"
      },
      {
        "state": "VIC",
        "price": "615",
        "price_per_unit": "308",
        "price_unit": "G"
      },
      {
        "state": "QLD",
        "price": "615",
        "price_per_unit": "308",
        "price_unit": "G"
      },
      {
        "state": "WA",
        "price": "615",
        "price_per_unit": "308",
        "price_unit": "G"
      },
      {
        "state": "SA",
        "price": "615",
        "price_per_unit": "308",
        "price_unit": "G"
      },
      {
        "state": "TAS",
        "price": "615",
        "price_per_unit": "308",
        "price_unit": "G"
      },
      {
        "state": "ACT",
        "price": "615",
        "price_per_unit": "308",
        "price_unit": "G"
      },
      null
    ]
  },
  {
    "source_url": "https://www.woolworths.com.au/shop/productdetails/201050/conimex-sambal-oelek-paste-hot-chilli",
    "name": "Conimex Sambal Oelek Paste Hot Chilli 190g",
    "image_url": "https://cdn1.woolworths.media/content/wowproductimages/large/201050.jpg",
    "source_id": "Woolworths - 201050",
    "barcode": "8714100000236",
    "shop": "Woolworths",
    "weight": "100G",
    "prices": [
      {
        "state": "NSW",
        "price": "615",
        "price_per_unit": "324",
        "price_unit": "G"
      },
      {
        "state": "VIC",
        "price": "615",
        "price_per_unit": "324",
        "price_unit": "G"
      },
      {
        "state": "QLD",
        "price": "615",
        "price_per_unit": "324",
        "price_unit": "G"
      },
      {
        "state": "WA",
        "price": "615",
        "price_per_unit": "324",
        "price_unit": "G"
      },
      {
        "state": "SA",
        "price": "615",
        "price_per_unit": "324",
        "price_unit": "G"
      },
      {
        "state": "TAS",
        "price": "615",
        "price_per_unit": "324",
        "price_unit": "G"
      },
      {
        "state": "ACT",
        "price": "615",
        "price_per_unit": "324",
        "price_unit": "G"
      },
      {
        "state": "NT",
        "price": "645",
        "price_per_unit": "339",
        "price_unit": "G"
      }
    ]
  },
  {
    "source_url": "https://www.woolworths.com.au/shop/productdetails/661170/datu-puti-vinegar",
    "name": "Datu Puti Vinegar 1l",
    "image_url": "https://cdn1.woolworths.media/content/wowproductimages/large/661170.jpg",
    "source_id": "Woolworths - 661170",
    "barcode": "737964000257",
    "shop": "Woolworths",
    "weight": "100ML",
    "prices": [
      {
        "state": "NSW",
        "price": "320",
        "price_per_unit": "32",
        "price_unit": "ML"
      },
      {
        "state": "ACT",
        "price": "320",
        "price_per_unit": "32",
        "price_unit": "ML"
      },
      {
        "state": "NT",
        "price": "320",
        "price_per_unit": "32",
        "price_unit": "ML"
      }
    ]
  },
  {
    "source_url": "https://www.woolworths.com.au/shop/productdetails/287025/del-monte-filipino-style-spaghetti-sauce",
    "name": "Del Monte Filipino Style Spaghetti Sauce 900g",
    "image_url": "https://cdn1.woolworths.media/content/wowproductimages/large/287025.jpg",
    "source_id": "Woolworths - 287025",
    "barcode": "4800024592293",
    "shop": "Woolworths",
    "weight": "100G",
    "prices": [
      {
        "state": "NSW",
        "price": "600",
        "price_per_unit": "67",
        "price_unit": "G"
      },
      {
        "state": "ACT",
        "price": "510",
        "price_per_unit": "57",
        "price_unit": "G"
      },
      {
        "state": "NT",
        "price": "510",
        "price_per_unit": "57",
        "price_unit": "G"
      }
    ]
  },
  {
    "source_url": "https://www.woolworths.com.au/shop/productdetails/123352/del-monte-pineapple-juice",
    "name": "Del Monte Pineapple Juice 1l",
    "image_url": "https://cdn1.woolworths.media/content/wowproductimages/large/123352.jpg",
    "source_id": "Woolworths - 123352",
    "barcode": "4800024579300",
    "shop": "Woolworths",
    "weight": "1L",
    "prices": [
      {
        "state": "NSW",
        "price": "585",
        "price_per_unit": "585",
        "price_unit": "L"
      },
      {
        "state": "ACT",
        "price": "585",
        "price_per_unit": "585",
        "price_unit": "L"
      },
      {
        "state": "NT",
        "price": "585",
        "price_per_unit": "585",
        "price_unit": "L"
      }
    ]
  },
  {
    "source_url": "https://www.woolworths.com.au/shop/productdetails/287026/del-monte-sweet-style-spaghetti-sauce",
    "name": "Del Monte Sweet Style Spaghetti Sauce 900g",
    "image_url": "https://cdn1.woolworths.media/content/wowproductimages/large/287026.jpg",
    "source_id": "Woolworths - 287026",
    "barcode": "4800024592309",
    "shop": "Woolworths",
    "weight": "100G",
    "prices": [
      {
        "state": "NSW",
        "price": "600",
        "price_per_unit": "67",
        "price_unit": "G"
      },
      {
        "state": "ACT",
        "price": "510",
        "price_per_unit": "57",
        "price_unit": "G"
      },
      {
        "state": "NT",
        "price": "510",
        "price_per_unit": "57",
        "price_unit": "G"
      }
    ]
  },
  {
    "source_url": "https://www.woolworths.com.au/shop/productdetails/1074496740/dj-a-freeze-dried-strawberries-100g",
    "name": "DJ&A Freeze Dried Strawberries 100g",
    "image_url": "https://cdn1.woolworths.media/content/wowproductimages/large/1074496740.jpg",
    "source_id": "Woolworths - 1074496740",
    "barcode": null,
    "shop": "Woolworths",
    "weight": "1EA",
    "prices": [
      null,
      null,
      null
    ]
  },
  {
    "source_url": "https://www.woolworths.com.au/shop/productdetails/103214/double-phoenix-bean-vermicelli-noodles",
    "name": "Double Phoenix Bean Vermicelli Noodles 200g",
    "image_url": "https://cdn1.woolworths.media/content/wowproductimages/large/103214.jpg",
    "source_id": "Woolworths - 103214",
    "barcode": "9310432005056",
    "shop": "Woolworths",
    "weight": "100G",
    "prices": [
      {
        "state": "NSW",
        "price": "150",
        "price_per_unit": "75",
        "price_unit": "G"
      },
      {
        "state": "VIC",
        "price": "150",
        "price_per_unit": "75",
        "price_unit": "G"
      },
      {
        "state": "QLD",
        "price": "150",
        "price_per_unit": "75",
        "price_unit": "G"
      },
      {
        "state": "WA",
        "price": "150",
        "price_per_unit": "75",
        "price_unit": "G"
      },
      {
        "state": "SA",
        "price": "150",
        "price_per_unit": "75",
        "price_unit": "G"
      },
      {
        "state": "TAS",
        "price": "185",
        "price_per_unit": "93",
        "price_unit": "G"
      },
      {
        "state": "ACT",
        "price": "185",
        "price_per_unit": "93",
        "price_unit": "G"
      },
      {
        "state": "NT",
        "price": "195",
        "price_per_unit": "98",
        "price_unit": "G"
      }
    ]
  },
  {
    "source_url": "https://www.woolworths.com.au/shop/productdetails/489680/double-phoenix-premium-bean-vermicelli",
    "name": "Double Phoenix Premium Bean Vermicelli 300g",
    "image_url": "https://cdn1.woolworths.media/content/wowproductimages/large/489680.jpg",
    "source_id": "Woolworths - 489680",
    "barcode": "9310432004479",
    "shop": "Woolworths",
    "weight": "100G",
    "prices": [
      {
        "state": "NSW",
        "price": "430",
        "price_per_unit": "143",
        "price_unit": "G"
      },
      {
        "state": "VIC",
        "price": "430",
        "price_per_unit": "143",
        "price_unit": "G"
      },
      {
        "state": "QLD",
        "price": "430",
        "price_per_unit": "143",
        "price_unit": "G"
      },
      {
        "state": "WA",
        "price": "430",
        "price_per_unit": "143",
        "price_unit": "G"
      },
      {
        "state": "SA",
        "price": "430",
        "price_per_unit": "143",
        "price_unit": "G"
      },
      {
        "state": "TAS",
        "price": "430",
        "price_per_unit": "143",
        "price_unit": "G"
      },
      {
        "state": "ACT",
        "price": "430",
        "price_per_unit": "143",
        "price_unit": "G"
      },
      {
        "state": "NT",
        "price": "430",
        "price_per_unit": "143",
        "price_unit": "G"
      }
    ]
  },
  {
    "source_url": "https://www.woolworths.com.au/shop/productdetails/16892/double-phoenix-vermicelli-green-bean",
    "name": "Double Phoenix Vermicelli Green Bean 100G",
    "image_url": "https://cdn1.woolworths.media/content/wowproductimages/large/016892.jpg",
    "source_id": "Woolworths - 16892",
    "barcode": "9310432160168",
    "shop": "Woolworths",
    "weight": "100G",
    "prices": [
      {
        "state": "NSW",
        "price": "100",
        "price_per_unit": "100",
        "price_unit": "G"
      },
      {
        "state": "VIC",
        "price": "100",
        "price_per_unit": "100",
        "price_unit": "G"
      },
      {
        "state": "QLD",
        "price": "100",
        "price_per_unit": "100",
        "price_unit": "G"
      },
      {
        "state": "WA",
        "price": "100",
        "price_per_unit": "100",
        "price_unit": "G"
      },
      {
        "state": "SA",
        "price": "100",
        "price_per_unit": "100",
        "price_unit": "G"
      },
      {
        "state": "TAS",
        "price": "100",
        "price_per_unit": "100",
        "price_unit": "G"
      },
      {
        "state": "ACT",
        "price": "100",
        "price_per_unit": "100",
        "price_unit": "G"
      },
      {
        "state": "NT",
        "price": "105",
        "price_per_unit": "105",
        "price_unit": "G"
      }
    ]
  },
  {
    "source_url": "https://www.woolworths.com.au/shop/productdetails/124014/dr-thanh-herbal-tea-drink",
    "name": "Dr Thanh Herbal Tea Drink 455ml",
    "image_url": "https://cdn1.woolworths.media/content/wowproductimages/large/124014.jpg",
    "source_id": "Woolworths - 124014",
    "barcode": "8936193070044",
    "shop": "Woolworths",
    "weight": "1L",
    "prices": [
      {
        "state": "NSW",
        "price": "220",
        "price_per_unit": "484",
        "price_unit": "L"
      }
    ]
  },
  {
    "source_url": "https://www.woolworths.com.au/shop/productdetails/44857/dragon-phoenix-ingredients-fried-shallot",
    "name": "Dragon & Phoenix Ingredients Fried Shallot 100G",
    "image_url": "https://cdn1.woolworths.media/content/wowproductimages/large/044857.jpg",
    "source_id": "Woolworths - 44857",
    "barcode": "9310432420118",
    "shop": "Woolworths",
    "weight": "1KG",
    "prices": [
      {
        "state": "NSW",
        "price": "320",
        "price_per_unit": "3200",
        "price_unit": "KG"
      },
      {
        "state": "VIC",
        "price": "320",
        "price_per_unit": "3200",
        "price_unit": "KG"
      },
      {
        "state": "QLD",
        "price": "320",
        "price_per_unit": "3200",
        "price_unit": "KG"
      },
      {
        "state": "WA",
        "price": "320",
        "price_per_unit": "3200",
        "price_unit": "KG"
      },
      {
        "state": "SA",
        "price": "320",
        "price_per_unit": "3200",
        "price_unit": "KG"
      },
      {
        "state": "TAS",
        "price": "320",
        "price_per_unit": "3200",
        "price_unit": "KG"
      },
      {
        "state": "ACT",
        "price": "320",
        "price_per_unit": "3200",
        "price_unit": "KG"
      },
      {
        "state": "NT",
        "price": "335",
        "price_per_unit": "3350",
        "price_unit": "KG"
      }
    ]
  },
  {
    "source_url": "https://www.woolworths.com.au/shop/productdetails/38203/erawan-ingredients-rice-gluten",
    "name": "Erawan Ingredients Rice Gluten 500g",
    "image_url": "https://cdn1.woolworths.media/content/wowproductimages/large/038203.jpg",
    "source_id": "Woolworths - 38203",
    "barcode": "55104001187",
    "shop": "Woolworths",
    "weight": "100G",
    "prices": [
      {
        "state": "NSW",
        "price": "190",
        "price_per_unit": "38",
        "price_unit": "G"
      },
      {
        "state": "VIC",
        "price": "190",
        "price_per_unit": "38",
        "price_unit": "G"
      },
      {
        "state": "QLD",
        "price": "190",
        "price_per_unit": "38",
        "price_unit": "G"
      },
      {
        "state": "WA",
        "price": "190",
        "price_per_unit": "38",
        "price_unit": "G"
      },
      {
        "state": "SA",
        "price": "190",
        "price_per_unit": "38",
        "price_unit": "G"
      },
      {
        "state": "TAS",
        "price": "190",
        "price_per_unit": "38",
        "price_unit": "G"
      },
      {
        "state": "ACT",
        "price": "190",
        "price_per_unit": "38",
        "price_unit": "G"
      },
      {
        "state": "NT",
        "price": "200",
        "price_per_unit": "40",
        "price_unit": "G"
      }
    ]
  },
  {
    "source_url": "https://www.woolworths.com.au/shop/productdetails/313632/erawan-rice-noodles-stick-pad-thai",
    "name": "Erawan Rice Noodles Stick Pad Thai 200g",
    "image_url": "https://cdn1.woolworths.media/content/wowproductimages/large/313632.jpg",
    "source_id": "Woolworths - 313632",
    "barcode": "8852019002436",
    "shop": "Woolworths",
    "weight": "100G",
    "prices": [
      {
        "state": "NSW",
        "price": "180",
        "price_per_unit": "90",
        "price_unit": "G"
      },
      {
        "state": "VIC",
        "price": "180",
        "price_per_unit": "90",
        "price_unit": "G"
      },
      {
        "state": "QLD",
        "price": "180",
        "price_per_unit": "90",
        "price_unit": "G"
      },
      {
        "state": "WA",
        "price": "180",
        "price_per_unit": "90",
        "price_unit": "G"
      },
      {
        "state": "SA",
        "price": "180",
        "price_per_unit": "90",
        "price_unit": "G"
      },
      {
        "state": "TAS",
        "price": "180",
        "price_per_unit": "90",
        "price_unit": "G"
      },
      {
        "state": "ACT",
        "price": "220",
        "price_per_unit": "110",
        "price_unit": "G"
      },
      {
        "state": "NT",
        "price": "230",
        "price_per_unit": "115",
        "price_unit": "G"
      }
    ]
  },
  {
    "source_url": "https://www.woolworths.com.au/shop/productdetails/57252/erawan-rice-stick-large",
    "name": "Erawan Rice Stick Large 375g",
    "image_url": "https://cdn1.woolworths.media/content/wowproductimages/large/057252.jpg",
    "source_id": "Woolworths - 57252",
    "barcode": "55104001156",
    "shop": "Woolworths",
    "weight": "100G",
    "prices": [
      {
        "state": "NSW",
        "price": "300",
        "price_per_unit": "80",
        "price_unit": "G"
      },
      {
        "state": "VIC",
        "price": "300",
        "price_per_unit": "80",
        "price_unit": "G"
      },
      {
        "state": "QLD",
        "price": "300",
        "price_per_unit": "80",
        "price_unit": "G"
      },
      {
        "state": "WA",
        "price": "300",
        "price_per_unit": "80",
        "price_unit": "G"
      },
      {
        "state": "SA",
        "price": "300",
        "price_per_unit": "80",
        "price_unit": "G"
      },
      {
        "state": "TAS",
        "price": "300",
        "price_per_unit": "80",
        "price_unit": "G"
      },
      {
        "state": "ACT",
        "price": "300",
        "price_per_unit": "80",
        "price_unit": "G"
      },
      {
        "state": "NT",
        "price": "315",
        "price_per_unit": "84",
        "price_unit": "G"
      }
    ]
  },
  {
    "source_url": "https://www.woolworths.com.au/shop/productdetails/40313/erawan-rice-stick-medium",
    "name": "Erawan Rice Stick Medium 375g",
    "image_url": "https://cdn1.woolworths.media/content/wowproductimages/large/040313.jpg",
    "source_id": "Woolworths - 40313",
    "barcode": "55104001149",
    "shop": "Woolworths",
    "weight": "100G",
    "prices": [
      {
        "state": "NSW",
        "price": "300",
        "price_per_unit": "80",
        "price_unit": "G"
      },
      {
        "state": "VIC",
        "price": "300",
        "price_per_unit": "80",
        "price_unit": "G"
      },
      {
        "state": "QLD",
        "price": "300",
        "price_per_unit": "80",
        "price_unit": "G"
      },
      {
        "state": "WA",
        "price": "300",
        "price_per_unit": "80",
        "price_unit": "G"
      },
      {
        "state": "SA",
        "price": "300",
        "price_per_unit": "80",
        "price_unit": "G"
      },
      {
        "state": "TAS",
        "price": "300",
        "price_per_unit": "80",
        "price_unit": "G"
      },
      {
        "state": "ACT",
        "price": "300",
        "price_per_unit": "80",
        "price_unit": "G"
      },
      {
        "state": "NT",
        "price": "315",
        "price_per_unit": "84",
        "price_unit": "G"
      }
    ]
  },
  {
    "source_url": "https://www.woolworths.com.au/shop/productdetails/49119/erawan-tapioca-starch",
    "name": "Erawan Tapioca Starch 500g",
    "image_url": "https://cdn1.woolworths.media/content/wowproductimages/large/049119.jpg",
    "source_id": "Woolworths - 49119",
    "barcode": "55104001163",
    "shop": "Woolworths",
    "weight": "100G",
    "prices": [
      {
        "state": "NSW",
        "price": "170",
        "price_per_unit": "34",
        "price_unit": "G"
      },
      {
        "state": "VIC",
        "price": "170",
        "price_per_unit": "34",
        "price_unit": "G"
      },
      {
        "state": "QLD",
        "price": "170",
        "price_per_unit": "34",
        "price_unit": "G"
      },
      {
        "state": "WA",
        "price": "170",
        "price_per_unit": "34",
        "price_unit": "G"
      },
      {
        "state": "SA",
        "price": "170",
        "price_per_unit": "34",
        "price_unit": "G"
      },
      {
        "state": "TAS",
        "price": "170",
        "price_per_unit": "34",
        "price_unit": "G"
      },
      {
        "state": "ACT",
        "price": "170",
        "price_per_unit": "34",
        "price_unit": "G"
      },
      {
        "state": "NT",
        "price": "180",
        "price_per_unit": "36",
        "price_unit": "G"
      }
    ]
  },
  {
    "source_url": "https://www.woolworths.com.au/shop/productdetails/31370/essentials-coconut-cream",
    "name": "Essentials Coconut Cream 400ml",
    "image_url": "https://cdn1.woolworths.media/content/wowproductimages/large/031370.jpg",
    "source_id": "Woolworths - 31370",
    "barcode": "9300633313708",
    "shop": "Woolworths",
    "weight": "100ML",
    "prices": [
      {
        "state": "NSW",
        "price": "110",
        "price_per_unit": "28",
        "price_unit": "ML"
      },
      {
        "state": "VIC",
        "price": "110",
        "price_per_unit": "28",
        "price_unit": "ML"
      },
      {
        "state": "QLD",
        "price": "110",
        "price_per_unit": "28",
        "price_unit": "ML"
      },
      {
        "state": "WA",
        "price": "110",
        "price_per_unit": "28",
        "price_unit": "ML"
      },
      {
        "state": "SA",
        "price": "110",
        "price_per_unit": "28",
        "price_unit": "ML"
      },
      {
        "state": "TAS",
        "price": "110",
        "price_per_unit": "28",
        "price_unit": "ML"
      },
      {
        "state": "ACT",
        "price": "110",
        "price_per_unit": "28",
        "price_unit": "ML"
      },
      {
        "state": "NT",
        "price": "110",
        "price_per_unit": "28",
        "price_unit": "ML"
      }
    ]
  },
  {
    "source_url": "https://www.woolworths.com.au/shop/productdetails/694751/essentials-coconut-milk",
    "name": "Essentials Coconut Milk 400ml",
    "image_url": "https://cdn1.woolworths.media/content/wowproductimages/large/694751.jpg",
    "source_id": "Woolworths - 694751",
    "barcode": "9300633292393",
    "shop": "Woolworths",
    "weight": "100ML",
    "prices": [
      {
        "state": "NSW",
        "price": "110",
        "price_per_unit": "28",
        "price_unit": "ML"
      },
      {
        "state": "VIC",
        "price": "110",
        "price_per_unit": "28",
        "price_unit": "ML"
      },
      {
        "state": "QLD",
        "price": "110",
        "price_per_unit": "28",
        "price_unit": "ML"
      },
      {
        "state": "WA",
        "price": "110",
        "price_per_unit": "28",
        "price_unit": "ML"
      },
      {
        "state": "SA",
        "price": "110",
        "price_per_unit": "28",
        "price_unit": "ML"
      },
      {
        "state": "TAS",
        "price": "110",
        "price_per_unit": "28",
        "price_unit": "ML"
      },
      {
        "state": "ACT",
        "price": "110",
        "price_per_unit": "28",
        "price_unit": "ML"
      },
      {
        "state": "NT",
        "price": "110",
        "price_per_unit": "28",
        "price_unit": "ML"
      }
    ]
  },
  {
    "source_url": "https://www.woolworths.com.au/shop/productdetails/1075478559/every-bit-organic-raw-balsamic-vinegar-of-modena-500ml",
    "name": "Every Bit Organic Raw Balsamic Vinegar Of Modena 500ml",
    "image_url": "https://cdn1.woolworths.media/content/wowproductimages/large/1075478559.jpg",
    "source_id": "Woolworths - 1075478559",
    "barcode": null,
    "shop": "Woolworths",
    "weight": "100ML",
    "prices": [
      {
        "state": "NSW",
        "price": "1195",
        "price_per_unit": "239",
        "price_unit": "ML"
      },
      {
        "state": "VIC",
        "price": "1195",
        "price_per_unit": "239",
        "price_unit": "ML"
      },
      {
        "state": "QLD",
        "price": "1195",
        "price_per_unit": "239",
        "price_unit": "ML"
      },
      {
        "state": "WA",
        "price": "1195",
        "price_per_unit": "239",
        "price_unit": "ML"
      },
      {
        "state": "SA",
        "price": "1195",
        "price_per_unit": "239",
        "price_unit": "ML"
      },
      {
        "state": "TAS",
        "price": "1195",
        "price_per_unit": "239",
        "price_unit": "ML"
      },
      {
        "state": "ACT",
        "price": "1195",
        "price_per_unit": "239",
        "price_unit": "ML"
      },
      {
        "state": "NT",
        "price": "1195",
        "price_per_unit": "239",
        "price_unit": "ML"
      }
    ]
  },
  {
    "source_url": "https://www.woolworths.com.au/shop/productdetails/1075479247/every-bit-organic-raw-pomegranate-vinegar-with-the-mother-500ml",
    "name": "Every Bit Organic Raw Pomegranate Vinegar With The Mother 500ml",
    "image_url": "https://cdn1.woolworths.media/content/wowproductimages/large/1075479247.jpg",
    "source_id": "Woolworths - 1075479247",
    "barcode": null,
    "shop": "Woolworths",
    "weight": "100ML",
    "prices": [
      {
        "state": "NSW",
        "price": "1195",
        "price_per_unit": "239",
        "price_unit": "ML"
      },
      {
        "state": "VIC",
        "price": "1195",
        "price_per_unit": "239",
        "price_unit": "ML"
      },
      {
        "state": "QLD",
        "price": "1195",
        "price_per_unit": "239",
        "price_unit": "ML"
      },
      {
        "state": "WA",
        "price": "1195",
        "price_per_unit": "239",
        "price_unit": "ML"
      },
      {
        "state": "SA",
        "price": "1195",
        "price_per_unit": "239",
        "price_unit": "ML"
      },
      {
        "state": "TAS",
        "price": "1195",
        "price_per_unit": "239",
        "price_unit": "ML"
      },
      {
        "state": "ACT",
        "price": "1195",
        "price_per_unit": "239",
        "price_unit": "ML"
      },
      {
        "state": "NT",
        "price": "1195",
        "price_per_unit": "239",
        "price_unit": "ML"
      }
    ]
  },
  {
    "source_url": "https://www.woolworths.com.au/shop/productdetails/827646/famous-house-banana-milk",
    "name": "Famous House Banana Milk 500ml",
    "image_url": "https://cdn1.woolworths.media/content/wowproductimages/large/827646.jpg",
    "source_id": "Woolworths - 827646",
    "barcode": "4710873700247",
    "shop": "Woolworths",
    "weight": "1L",
    "prices": [
      {
        "state": "NSW",
        "price": "260",
        "price_per_unit": "520",
        "price_unit": "L"
      },
      {
        "state": "VIC",
        "price": "260",
        "price_per_unit": "520",
        "price_unit": "L"
      },
      {
        "state": "QLD",
        "price": "260",
        "price_per_unit": "520",
        "price_unit": "L"
      },
      {
        "state": "WA",
        "price": "260",
        "price_per_unit": "520",
        "price_unit": "L"
      },
      {
        "state": "SA",
        "price": "260",
        "price_per_unit": "520",
        "price_unit": "L"
      },
      {
        "state": "TAS",
        "price": "200",
        "price_per_unit": "400",
        "price_unit": "L"
      },
      {
        "state": "ACT",
        "price": "210",
        "price_per_unit": "420",
        "price_unit": "L"
      },
      {
        "state": "NT",
        "price": "200",
        "price_per_unit": "400",
        "price_unit": "L"
      }
    ]
  },
  {
    "source_url": "https://www.woolworths.com.au/shop/productdetails/827647/famous-house-guava-juice",
    "name": "Famous House Guava Juice 500ml",
    "image_url": "https://cdn1.woolworths.media/content/wowproductimages/large/827647.jpg",
    "source_id": "Woolworths - 827647",
    "barcode": "4710873700124",
    "shop": "Woolworths",
    "weight": "1L",
    "prices": [
      {
        "state": "NSW",
        "price": "260",
        "price_per_unit": "520",
        "price_unit": "L"
      }
    ]
  },
  {
    "source_url": "https://www.woolworths.com.au/shop/productdetails/661829/famous-house-mango-milk",
    "name": "Famous House Mango Milk 500ml",
    "image_url": "https://cdn1.woolworths.media/content/wowproductimages/large/661829.jpg",
    "source_id": "Woolworths - 661829",
    "barcode": "4710873700285",
    "shop": "Woolworths",
    "weight": "1L",
    "prices": [
      {
        "state": "NSW",
        "price": "260",
        "price_per_unit": "520",
        "price_unit": "L"
      },
      {
        "state": "VIC",
        "price": "260",
        "price_per_unit": "520",
        "price_unit": "L"
      },
      {
        "state": "QLD",
        "price": "260",
        "price_per_unit": "520",
        "price_unit": "L"
      },
      {
        "state": "WA",
        "price": "260",
        "price_per_unit": "520",
        "price_unit": "L"
      },
      {
        "state": "SA",
        "price": "260",
        "price_per_unit": "520",
        "price_unit": "L"
      },
      {
        "state": "TAS",
        "price": "200",
        "price_per_unit": "400",
        "price_unit": "L"
      },
      {
        "state": "ACT",
        "price": "210",
        "price_per_unit": "420",
        "price_unit": "L"
      },
      {
        "state": "NT",
        "price": "200",
        "price_per_unit": "400",
        "price_unit": "L"
      }
    ]
  },
  {
    "source_url": "https://www.woolworths.com.au/shop/productdetails/386072/fly-by-jing-sichuan-chili-crisp-hot-sauce",
    "name": "Fly By Jing Sichuan Chili Crisp Hot Sauce 170g",
    "image_url": "https://cdn1.woolworths.media/content/wowproductimages/large/386072.jpg",
    "source_id": "Woolworths - 386072",
    "barcode": "860001697803",
    "shop": "Woolworths",
    "weight": "100G",
    "prices": [
      {
        "state": "NSW",
        "price": "2100",
        "price_per_unit": "1235",
        "price_unit": "G"
      },
      {
        "state": "SA",
        "price": "2100",
        "price_per_unit": "1235",
        "price_unit": "G"
      },
      {
        "state": "TAS",
        "price": "2100",
        "price_per_unit": "1235",
        "price_unit": "G"
      },
      {
        "state": "ACT",
        "price": "2500",
        "price_per_unit": "1471",
        "price_unit": "G"
      }
    ]
  },
  {
    "source_url": "https://www.woolworths.com.au/shop/productdetails/763735/flying-goose-sriracha-mayo",
    "name": "Flying Goose Sriracha Mayo 455mL",
    "image_url": "https://cdn1.woolworths.media/content/wowproductimages/large/763735.jpg",
    "source_id": "Woolworths - 763735",
    "barcode": "8853662056661",
    "shop": "Woolworths",
    "weight": "100ML",
    "prices": [
      {
        "state": "NSW",
        "price": "850",
        "price_per_unit": "187",
        "price_unit": "ML"
      },
      {
        "state": "VIC",
        "price": "850",
        "price_per_unit": "187",
        "price_unit": "ML"
      },
      {
        "state": "QLD",
        "price": "850",
        "price_per_unit": "187",
        "price_unit": "ML"
      },
      {
        "state": "WA",
        "price": "850",
        "price_per_unit": "187",
        "price_unit": "ML"
      },
      {
        "state": "SA",
        "price": "850",
        "price_per_unit": "187",
        "price_unit": "ML"
      },
      {
        "state": "TAS",
        "price": "850",
        "price_per_unit": "187",
        "price_unit": "ML"
      },
      {
        "state": "ACT",
        "price": "850",
        "price_per_unit": "187",
        "price_unit": "ML"
      },
      {
        "state": "NT",
        "price": "850",
        "price_per_unit": "187",
        "price_unit": "ML"
      }
    ]
  },
  {
    "source_url": "https://www.woolworths.com.au/shop/productdetails/252091/flying-goose-sriracha-sauce",
    "name": "Flying Goose Sriracha Sauce 455ml",
    "image_url": "https://cdn1.woolworths.media/content/wowproductimages/large/252091.jpg",
    "source_id": "Woolworths - 252091",
    "barcode": "8853662056012",
    "shop": "Woolworths",
    "weight": "100ML",
    "prices": [
      {
        "state": "NSW",
        "price": "750",
        "price_per_unit": "165",
        "price_unit": "ML"
      },
      {
        "state": "VIC",
        "price": "750",
        "price_per_unit": "165",
        "price_unit": "ML"
      },
      {
        "state": "QLD",
        "price": "750",
        "price_per_unit": "165",
        "price_unit": "ML"
      },
      {
        "state": "WA",
        "price": "750",
        "price_per_unit": "165",
        "price_unit": "ML"
      },
      {
        "state": "SA",
        "price": "750",
        "price_per_unit": "165",
        "price_unit": "ML"
      },
      {
        "state": "TAS",
        "price": "750",
        "price_per_unit": "165",
        "price_unit": "ML"
      },
      {
        "state": "ACT",
        "price": "750",
        "price_per_unit": "165",
        "price_unit": "ML"
      },
      {
        "state": "NT",
        "price": "750",
        "price_per_unit": "165",
        "price_unit": "ML"
      }
    ]
  },
  {
    "source_url": "https://www.woolworths.com.au/shop/productdetails/199103/genki-forest-sparkling-water-grape-delight",
    "name": "Genki Forest Sparkling Water Grape Delight 330ml x6 Pack",
    "image_url": "https://cdn1.woolworths.media/content/wowproductimages/large/199103.jpg",
    "source_id": "Woolworths - 199103",
    "barcode": "6970399925731",
    "shop": "Woolworths",
    "weight": "1L",
    "prices": [
      {
        "state": "NSW",
        "price": "550",
        "price_per_unit": "278",
        "price_unit": "L"
      },
      {
        "state": "VIC",
        "price": "550",
        "price_per_unit": "278",
        "price_unit": "L"
      },
      {
        "state": "QLD",
        "price": "550",
        "price_per_unit": "278",
        "price_unit": "L"
      },
      {
        "state": "WA",
        "price": "550",
        "price_per_unit": "278",
        "price_unit": "L"
      },
      {
        "state": "SA",
        "price": "550",
        "price_per_unit": "278",
        "price_unit": "L"
      },
      {
        "state": "TAS",
        "price": "1100",
        "price_per_unit": "556",
        "price_unit": "L"
      },
      {
        "state": "ACT",
        "price": "1100",
        "price_per_unit": "556",
        "price_unit": "L"
      },
      {
        "state": "NT",
        "price": "1100",
        "price_per_unit": "556",
        "price_unit": "L"
      }
    ]
  },
  {
    "source_url": "https://www.woolworths.com.au/shop/productdetails/198687/genki-forest-sparkling-water-white-peach",
    "name": "Genki Forest Sparkling Water White Peach 330ml x6 Pack",
    "image_url": "https://cdn1.woolworths.media/content/wowproductimages/large/198687.jpg",
    "source_id": "Woolworths - 198687",
    "barcode": "6970399921214",
    "shop": "Woolworths",
    "weight": "1L",
    "prices": [
      {
        "state": "NSW",
        "price": "550",
        "price_per_unit": "278",
        "price_unit": "L"
      },
      {
        "state": "VIC",
        "price": "550",
        "price_per_unit": "278",
        "price_unit": "L"
      },
      {
        "state": "QLD",
        "price": "550",
        "price_per_unit": "278",
        "price_unit": "L"
      },
      {
        "state": "WA",
        "price": "550",
        "price_per_unit": "278",
        "price_unit": "L"
      },
      {
        "state": "SA",
        "price": "550",
        "price_per_unit": "278",
        "price_unit": "L"
      },
      {
        "state": "TAS",
        "price": "1100",
        "price_per_unit": "556",
        "price_unit": "L"
      },
      {
        "state": "ACT",
        "price": "1100",
        "price_per_unit": "556",
        "price_unit": "L"
      },
      {
        "state": "NT",
        "price": "1100",
        "price_per_unit": "556",
        "price_unit": "L"
      }
    ]
  },
  {
    "source_url": "https://www.woolworths.com.au/shop/productdetails/198657/genki-forest-sugar-free-sparkling-water-lychee-fizzy",
    "name": "Genki Forest Sugar Free Sparkling Water Lychee Fizzy 330ml x6 pack",
    "image_url": "https://cdn1.woolworths.media/content/wowproductimages/large/198657.jpg",
    "source_id": "Woolworths - 198657",
    "barcode": "6970399925809",
    "shop": "Woolworths",
    "weight": "1L",
    "prices": [
      {
        "state": "NSW",
        "price": "550",
        "price_per_unit": "278",
        "price_unit": "L"
      },
      {
        "state": "VIC",
        "price": "550",
        "price_per_unit": "278",
        "price_unit": "L"
      },
      {
        "state": "QLD",
        "price": "550",
        "price_per_unit": "278",
        "price_unit": "L"
      },
      {
        "state": "WA",
        "price": "550",
        "price_per_unit": "278",
        "price_unit": "L"
      },
      {
        "state": "SA",
        "price": "550",
        "price_per_unit": "278",
        "price_unit": "L"
      },
      {
        "state": "TAS",
        "price": "1100",
        "price_per_unit": "556",
        "price_unit": "L"
      },
      {
        "state": "ACT",
        "price": "1100",
        "price_per_unit": "556",
        "price_unit": "L"
      },
      {
        "state": "NT",
        "price": "1100",
        "price_per_unit": "556",
        "price_unit": "L"
      }
    ]
  },
  {
    "source_url": "https://www.woolworths.com.au/shop/productdetails/847943/glico-pocky-biscuits-chocolate",
    "name": "Glico Pocky Biscuits Chocolate 47g",
    "image_url": "https://cdn1.woolworths.media/content/wowproductimages/large/847943.jpg",
    "source_id": "Woolworths - 847943",
    "barcode": "8851019110110",
    "shop": "Woolworths",
    "weight": "100G",
    "prices": [
      {
        "state": "NSW",
        "price": "220",
        "price_per_unit": "468",
        "price_unit": "G"
      },
      {
        "state": "VIC",
        "price": "220",
        "price_per_unit": "468",
        "price_unit": "G"
      },
      {
        "state": "QLD",
        "price": "220",
        "price_per_unit": "468",
        "price_unit": "G"
      },
      {
        "state": "WA",
        "price": "220",
        "price_per_unit": "468",
        "price_unit": "G"
      },
      {
        "state": "SA",
        "price": "220",
        "price_per_unit": "468",
        "price_unit": "G"
      },
      {
        "state": "TAS",
        "price": "220",
        "price_per_unit": "468",
        "price_unit": "G"
      },
      {
        "state": "ACT",
        "price": "220",
        "price_per_unit": "468",
        "price_unit": "G"
      },
      {
        "state": "NT",
        "price": "220",
        "price_per_unit": "468",
        "price_unit": "G"
      }
    ]
  },
  {
    "source_url": "https://www.woolworths.com.au/shop/productdetails/129436/glico-pocky-biscuits-cookies-cream",
    "name": "Glico Pocky Biscuits Cookies & Cream 40g",
    "image_url": "https://cdn1.woolworths.media/content/wowproductimages/large/129436.jpg",
    "source_id": "Woolworths - 129436",
    "barcode": "8851019500195",
    "shop": "Woolworths",
    "weight": "100G",
    "prices": [
      {
        "state": "NSW",
        "price": "220",
        "price_per_unit": "550",
        "price_unit": "G"
      },
      {
        "state": "VIC",
        "price": "220",
        "price_per_unit": "550",
        "price_unit": "G"
      },
      {
        "state": "QLD",
        "price": "220",
        "price_per_unit": "550",
        "price_unit": "G"
      },
      {
        "state": "WA",
        "price": "220",
        "price_per_unit": "550",
        "price_unit": "G"
      },
      {
        "state": "SA",
        "price": "220",
        "price_per_unit": "550",
        "price_unit": "G"
      },
      {
        "state": "TAS",
        "price": "220",
        "price_per_unit": "550",
        "price_unit": "G"
      },
      {
        "state": "ACT",
        "price": "220",
        "price_per_unit": "550",
        "price_unit": "G"
      },
      {
        "state": "NT",
        "price": "220",
        "price_per_unit": "550",
        "price_unit": "G"
      }
    ]
  },
  {
    "source_url": "https://www.woolworths.com.au/shop/productdetails/854093/glico-pocky-biscuits-strawberry",
    "name": "Glico Pocky Biscuits Strawberry 45g",
    "image_url": "https://cdn1.woolworths.media/content/wowproductimages/large/854093.jpg",
    "source_id": "Woolworths - 854093",
    "barcode": "8851019110127",
    "shop": "Woolworths",
    "weight": "100G",
    "prices": [
      {
        "state": "NSW",
        "price": "220",
        "price_per_unit": "489",
        "price_unit": "G"
      },
      {
        "state": "VIC",
        "price": "220",
        "price_per_unit": "489",
        "price_unit": "G"
      },
      {
        "state": "QLD",
        "price": "220",
        "price_per_unit": "489",
        "price_unit": "G"
      },
      {
        "state": "WA",
        "price": "220",
        "price_per_unit": "489",
        "price_unit": "G"
      },
      {
        "state": "SA",
        "price": "220",
        "price_per_unit": "489",
        "price_unit": "G"
      },
      {
        "state": "TAS",
        "price": "220",
        "price_per_unit": "489",
        "price_unit": "G"
      },
      {
        "state": "ACT",
        "price": "220",
        "price_per_unit": "489",
        "price_unit": "G"
      },
      {
        "state": "NT",
        "price": "220",
        "price_per_unit": "489",
        "price_unit": "G"
      }
    ]
  },
  {
    "source_url": "https://www.woolworths.com.au/shop/productdetails/210717/hakubaku-japanese-ramen-noodle",
    "name": "Hakubaku Japanese Ramen Noodle 270g",
    "image_url": "https://cdn1.woolworths.media/content/wowproductimages/large/210717.jpg",
    "source_id": "Woolworths - 210717",
    "barcode": "837328000050",
    "shop": "Woolworths",
    "weight": "100G",
    "prices": [
      {
        "state": "NSW",
        "price": "320",
        "price_per_unit": "119",
        "price_unit": "G"
      },
      {
        "state": "VIC",
        "price": "320",
        "price_per_unit": "119",
        "price_unit": "G"
      },
      {
        "state": "QLD",
        "price": "320",
        "price_per_unit": "119",
        "price_unit": "G"
      },
      {
        "state": "WA",
        "price": "320",
        "price_per_unit": "119",
        "price_unit": "G"
      },
      {
        "state": "SA",
        "price": "320",
        "price_per_unit": "119",
        "price_unit": "G"
      },
      {
        "state": "TAS",
        "price": "400",
        "price_per_unit": "148",
        "price_unit": "G"
      },
      {
        "state": "ACT",
        "price": "400",
        "price_per_unit": "148",
        "price_unit": "G"
      },
      {
        "state": "NT",
        "price": "400",
        "price_per_unit": "148",
        "price_unit": "G"
      }
    ]
  },
  {
    "source_url": "https://www.woolworths.com.au/shop/productdetails/210714/hakubaku-organic-japanese-soba-buckwheat-noodles-98-ff",
    "name": "Hakubaku Organic Japanese Soba Buckwheat Noodles 98% Ff 270g",
    "image_url": "https://cdn1.woolworths.media/content/wowproductimages/large/210714.jpg",
    "source_id": "Woolworths - 210714",
    "barcode": "837328000029",
    "shop": "Woolworths",
    "weight": "100G",
    "prices": [
      {
        "state": "NSW",
        "price": "320",
        "price_per_unit": "119",
        "price_unit": "G"
      },
      {
        "state": "VIC",
        "price": "320",
        "price_per_unit": "119",
        "price_unit": "G"
      },
      {
        "state": "QLD",
        "price": "320",
        "price_per_unit": "119",
        "price_unit": "G"
      },
      {
        "state": "WA",
        "price": "320",
        "price_per_unit": "119",
        "price_unit": "G"
      },
      {
        "state": "SA",
        "price": "320",
        "price_per_unit": "119",
        "price_unit": "G"
      },
      {
        "state": "TAS",
        "price": "320",
        "price_per_unit": "119",
        "price_unit": "G"
      },
      null,
      {
        "state": "NT",
        "price": "400",
        "price_per_unit": "148",
        "price_unit": "G"
      }
    ]
  },
  {
    "source_url": "https://www.woolworths.com.au/shop/productdetails/210710/hakubaku-organic-japanese-somen-noodles-98-fat-free",
    "name": "Hakubaku Organic Japanese Somen Noodles 98% Fat Free 270g",
    "image_url": "https://cdn1.woolworths.media/content/wowproductimages/large/210710.jpg",
    "source_id": "Woolworths - 210710",
    "barcode": "837328000012",
    "shop": "Woolworths",
    "weight": "100G",
    "prices": [
      {
        "state": "NSW",
        "price": "320",
        "price_per_unit": "119",
        "price_unit": "G"
      },
      {
        "state": "VIC",
        "price": "320",
        "price_per_unit": "119",
        "price_unit": "G"
      },
      {
        "state": "QLD",
        "price": "320",
        "price_per_unit": "119",
        "price_unit": "G"
      },
      {
        "state": "WA",
        "price": "320",
        "price_per_unit": "119",
        "price_unit": "G"
      },
      {
        "state": "SA",
        "price": "320",
        "price_per_unit": "119",
        "price_unit": "G"
      },
      {
        "state": "TAS",
        "price": "400",
        "price_per_unit": "148",
        "price_unit": "G"
      },
      {
        "state": "ACT",
        "price": "400",
        "price_per_unit": "148",
        "price_unit": "G"
      },
      {
        "state": "NT",
        "price": "400",
        "price_per_unit": "148",
        "price_unit": "G"
      }
    ]
  },
  {
    "source_url": "https://www.woolworths.com.au/shop/productdetails/210709/hakubaku-organic-japanese-udon-noodle",
    "name": "Hakubaku Organic Japanese Udon Noodle 270g",
    "image_url": "https://cdn1.woolworths.media/content/wowproductimages/large/210709.jpg",
    "source_id": "Woolworths - 210709",
    "barcode": "837328000005",
    "shop": "Woolworths",
    "weight": "100G",
    "prices": [
      {
        "state": "NSW",
        "price": "320",
        "price_per_unit": "119",
        "price_unit": "G"
      },
      {
        "state": "VIC",
        "price": "320",
        "price_per_unit": "119",
        "price_unit": "G"
      },
      {
        "state": "QLD",
        "price": "320",
        "price_per_unit": "119",
        "price_unit": "G"
      },
      {
        "state": "WA",
        "price": "320",
        "price_per_unit": "119",
        "price_unit": "G"
      },
      {
        "state": "SA",
        "price": "320",
        "price_per_unit": "119",
        "price_unit": "G"
      },
      null,
      {
        "state": "ACT",
        "price": "400",
        "price_per_unit": "148",
        "price_unit": "G"
      },
      {
        "state": "NT",
        "price": "400",
        "price_per_unit": "148",
        "price_unit": "G"
      }
    ]
  },
  {
    "source_url": "https://www.woolworths.com.au/shop/productdetails/346044/hakubaku-organic-yakisoba",
    "name": "Hakubaku Organic Yakisoba 270g",
    "image_url": "https://cdn1.woolworths.media/content/wowproductimages/large/346044.jpg",
    "source_id": "Woolworths - 346044",
    "barcode": "837328000074",
    "shop": "Woolworths",
    "weight": "100G",
    "prices": [
      {
        "state": "NSW",
        "price": "320",
        "price_per_unit": "119",
        "price_unit": "G"
      },
      {
        "state": "VIC",
        "price": "320",
        "price_per_unit": "119",
        "price_unit": "G"
      },
      {
        "state": "QLD",
        "price": "320",
        "price_per_unit": "119",
        "price_unit": "G"
      },
      {
        "state": "WA",
        "price": "320",
        "price_per_unit": "119",
        "price_unit": "G"
      },
      {
        "state": "SA",
        "price": "320",
        "price_per_unit": "119",
        "price_unit": "G"
      },
      {
        "state": "TAS",
        "price": "320",
        "price_per_unit": "119",
        "price_unit": "G"
      },
      {
        "state": "ACT",
        "price": "400",
        "price_per_unit": "148",
        "price_unit": "G"
      },
      {
        "state": "NT",
        "price": "400",
        "price_per_unit": "148",
        "price_unit": "G"
      }
    ]
  },
  {
    "source_url": "https://www.woolworths.com.au/shop/productdetails/803476/hapi-dry-roasted-edamame",
    "name": "Hapi Dry Roasted Edamame 100g",
    "image_url": "https://cdn1.woolworths.media/content/wowproductimages/large/803476.jpg",
    "source_id": "Woolworths - 803476",
    "barcode": "11152463292",
    "shop": "Woolworths",
    "weight": "1KG",
    "prices": [
      {
        "state": "NSW",
        "price": "227",
        "price_per_unit": "2270",
        "price_unit": "KG"
      },
      {
        "state": "VIC",
        "price": "227",
        "price_per_unit": "2270",
        "price_unit": "KG"
      },
      {
        "state": "QLD",
        "price": "227",
        "price_per_unit": "2270",
        "price_unit": "KG"
      },
      {
        "state": "WA",
        "price": "227",
        "price_per_unit": "2270",
        "price_unit": "KG"
      },
      {
        "state": "SA",
        "price": "227",
        "price_per_unit": "2270",
        "price_unit": "KG"
      },
      {
        "state": "TAS",
        "price": "275",
        "price_per_unit": "2750",
        "price_unit": "KG"
      },
      {
        "state": "ACT",
        "price": "275",
        "price_per_unit": "2750",
        "price_unit": "KG"
      },
      {
        "state": "NT",
        "price": "275",
        "price_per_unit": "2750",
        "price_unit": "KG"
      }
    ]
  },
  {
    "source_url": "https://www.woolworths.com.au/shop/productdetails/57684/hayday-premium-soy-sauce",
    "name": "Hayday Premium Soy Sauce 1.75l",
    "image_url": "https://cdn1.woolworths.media/content/wowproductimages/large/057684.jpg",
    "source_id": "Woolworths - 57684",
    "barcode": "708360300098",
    "shop": "Woolworths",
    "weight": "100ML",
    "prices": []
  },
  {
    "source_url": "https://www.woolworths.com.au/shop/productdetails/167411/hbaf-cookies-cream-almonds",
    "name": "HBAF Cookies & Cream Almonds 120g",
    "image_url": "https://cdn1.woolworths.media/content/wowproductimages/large/167411.jpg",
    "source_id": "Woolworths - 167411",
    "barcode": "9333328000096",
    "shop": "Woolworths",
    "weight": "1KG",
    "prices": [
      {
        "state": "NSW",
        "price": "750",
        "price_per_unit": "6250",
        "price_unit": "KG"
      },
      {
        "state": "VIC",
        "price": "750",
        "price_per_unit": "6250",
        "price_unit": "KG"
      },
      {
        "state": "QLD",
        "price": "750",
        "price_per_unit": "6250",
        "price_unit": "KG"
      },
      {
        "state": "WA",
        "price": "750",
        "price_per_unit": "6250",
        "price_unit": "KG"
      },
      {
        "state": "SA",
        "price": "750",
        "price_per_unit": "6250",
        "price_unit": "KG"
      },
      {
        "state": "TAS",
        "price": "750",
        "price_per_unit": "6250",
        "price_unit": "KG"
      },
      {
        "state": "ACT",
        "price": "750",
        "price_per_unit": "6250",
        "price_unit": "KG"
      },
      {
        "state": "NT",
        "price": "750",
        "price_per_unit": "6250",
        "price_unit": "KG"
      }
    ]
  },
  {
    "source_url": "https://www.woolworths.com.au/shop/productdetails/167594/hbaf-honey-butter-almonds",
    "name": "HBAF Honey Butter Almonds 130g",
    "image_url": "https://cdn1.woolworths.media/content/wowproductimages/large/167594.jpg",
    "source_id": "Woolworths - 167594",
    "barcode": "9333328000072",
    "shop": "Woolworths",
    "weight": "100G",
    "prices": [
      {
        "state": "NSW",
        "price": "750",
        "price_per_unit": "577",
        "price_unit": "G"
      },
      {
        "state": "VIC",
        "price": "750",
        "price_per_unit": "577",
        "price_unit": "G"
      },
      {
        "state": "QLD",
        "price": "750",
        "price_per_unit": "577",
        "price_unit": "G"
      },
      {
        "state": "WA",
        "price": "750",
        "price_per_unit": "577",
        "price_unit": "G"
      },
      {
        "state": "SA",
        "price": "750",
        "price_per_unit": "577",
        "price_unit": "G"
      },
      {
        "state": "TAS",
        "price": "750",
        "price_per_unit": "577",
        "price_unit": "G"
      },
      {
        "state": "ACT",
        "price": "750",
        "price_per_unit": "577",
        "price_unit": "G"
      },
      {
        "state": "NT",
        "price": "750",
        "price_per_unit": "577",
        "price_unit": "G"
      }
    ]
  },
  {
    "source_url": "https://www.woolworths.com.au/shop/productdetails/167812/hbaf-salted-caramel-almonds",
    "name": "HBAF Salted Caramel Almonds 120g",
    "image_url": "https://cdn1.woolworths.media/content/wowproductimages/large/167812.jpg",
    "source_id": "Woolworths - 167812",
    "barcode": "9333328000119",
    "shop": "Woolworths",
    "weight": "1KG",
    "prices": [
      {
        "state": "NSW",
        "price": "750",
        "price_per_unit": "6250",
        "price_unit": "KG"
      },
      {
        "state": "VIC",
        "price": "750",
        "price_per_unit": "6250",
        "price_unit": "KG"
      },
      {
        "state": "QLD",
        "price": "750",
        "price_per_unit": "6250",
        "price_unit": "KG"
      },
      {
        "state": "WA",
        "price": "750",
        "price_per_unit": "6250",
        "price_unit": "KG"
      },
      {
        "state": "SA",
        "price": "750",
        "price_per_unit": "6250",
        "price_unit": "KG"
      },
      {
        "state": "TAS",
        "price": "750",
        "price_per_unit": "6250",
        "price_unit": "KG"
      },
      {
        "state": "NT",
        "price": "750",
        "price_per_unit": "6250",
        "price_unit": "KG"
      }
    ]
  },
  {
    "source_url": "https://www.woolworths.com.au/shop/productdetails/166948/hbaf-wasabi-almonds",
    "name": "HBAF Wasabi Almonds 130g",
    "image_url": "https://cdn1.woolworths.media/content/wowproductimages/large/166948.jpg",
    "source_id": "Woolworths - 166948",
    "barcode": "9333328000102",
    "shop": "Woolworths",
    "weight": "100G",
    "prices": [
      {
        "state": "NSW",
        "price": "750",
        "price_per_unit": "625",
        "price_unit": "G"
      },
      {
        "state": "VIC",
        "price": "750",
        "price_per_unit": "625",
        "price_unit": "G"
      },
      {
        "state": "QLD",
        "price": "750",
        "price_per_unit": "625",
        "price_unit": "G"
      },
      {
        "state": "WA",
        "price": "750",
        "price_per_unit": "625",
        "price_unit": "G"
      },
      {
        "state": "SA",
        "price": "750",
        "price_per_unit": "625",
        "price_unit": "G"
      },
      {
        "state": "TAS",
        "price": "750",
        "price_per_unit": "625",
        "price_unit": "G"
      },
      {
        "state": "NT",
        "price": "750",
        "price_per_unit": "625",
        "price_unit": "G"
      }
    ]
  },
  {
    "source_url": "https://www.woolworths.com.au/shop/productdetails/263256/hikari-japanese-miso-soup-instant-wakame",
    "name": "Hikari Japanese Miso Soup Instant Wakame 216g",
    "image_url": "https://cdn1.woolworths.media/content/wowproductimages/large/263256.jpg",
    "source_id": "Woolworths - 263256",
    "barcode": "4902663006633",
    "shop": "Woolworths",
    "weight": "100G",
    "prices": [
      {
        "state": "NSW",
        "price": "420",
        "price_per_unit": "194",
        "price_unit": "G"
      },
      {
        "state": "VIC",
        "price": "420",
        "price_per_unit": "194",
        "price_unit": "G"
      },
      {
        "state": "QLD",
        "price": "420",
        "price_per_unit": "194",
        "price_unit": "G"
      },
      {
        "state": "WA",
        "price": "420",
        "price_per_unit": "194",
        "price_unit": "G"
      },
      {
        "state": "SA",
        "price": "420",
        "price_per_unit": "194",
        "price_unit": "G"
      },
      {
        "state": "TAS",
        "price": "420",
        "price_per_unit": "194",
        "price_unit": "G"
      },
      {
        "state": "ACT",
        "price": "420",
        "price_per_unit": "194",
        "price_unit": "G"
      },
      {
        "state": "NT",
        "price": "420",
        "price_per_unit": "194",
        "price_unit": "G"
      }
    ]
  },
  {
    "source_url": "https://www.woolworths.com.au/shop/productdetails/313546/hikari-japanese-paste-white-miso",
    "name": "Hikari Japanese Paste White Miso 400g",
    "image_url": "https://cdn1.woolworths.media/content/wowproductimages/large/313546.jpg",
    "source_id": "Woolworths - 313546",
    "barcode": "4902663007524",
    "shop": "Woolworths",
    "weight": "100G",
    "prices": [
      {
        "state": "NSW",
        "price": "430",
        "price_per_unit": "108",
        "price_unit": "G"
      },
      {
        "state": "VIC",
        "price": "430",
        "price_per_unit": "108",
        "price_unit": "G"
      },
      {
        "state": "QLD",
        "price": "430",
        "price_per_unit": "108",
        "price_unit": "G"
      },
      {
        "state": "WA",
        "price": "430",
        "price_per_unit": "108",
        "price_unit": "G"
      },
      {
        "state": "SA",
        "price": "430",
        "price_per_unit": "108",
        "price_unit": "G"
      },
      {
        "state": "TAS",
        "price": "430",
        "price_per_unit": "108",
        "price_unit": "G"
      },
      {
        "state": "ACT",
        "price": "430",
        "price_per_unit": "108",
        "price_unit": "G"
      },
      {
        "state": "NT",
        "price": "430",
        "price_per_unit": "108",
        "price_unit": "G"
      }
    ]
  },
  {
    "source_url": "https://www.woolworths.com.au/shop/productdetails/481169/hikari-red-miso-paste",
    "name": "Hikari Red Miso Paste 400g",
    "image_url": "https://cdn1.woolworths.media/content/wowproductimages/large/481169.jpg",
    "source_id": "Woolworths - 481169",
    "barcode": "4902663008958",
    "shop": "Woolworths",
    "weight": "100G",
    "prices": [
      {
        "state": "NSW",
        "price": "430",
        "price_per_unit": "108",
        "price_unit": "G"
      },
      {
        "state": "VIC",
        "price": "430",
        "price_per_unit": "108",
        "price_unit": "G"
      },
      {
        "state": "QLD",
        "price": "430",
        "price_per_unit": "108",
        "price_unit": "G"
      },
      {
        "state": "WA",
        "price": "430",
        "price_per_unit": "108",
        "price_unit": "G"
      },
      {
        "state": "SA",
        "price": "430",
        "price_per_unit": "108",
        "price_unit": "G"
      },
      {
        "state": "TAS",
        "price": "430",
        "price_per_unit": "108",
        "price_unit": "G"
      },
      {
        "state": "ACT",
        "price": "430",
        "price_per_unit": "108",
        "price_unit": "G"
      },
      {
        "state": "NT",
        "price": "430",
        "price_per_unit": "108",
        "price_unit": "G"
      }
    ]
  },
  {
    "source_url": "https://www.woolworths.com.au/shop/productdetails/6255/hong-gong-chilli-oil",
    "name": "Hong Gong Chilli Oil 150mL",
    "image_url": "https://cdn1.woolworths.media/content/wowproductimages/large/006255.jpg",
    "source_id": "Woolworths - 6255",
    "barcode": "9313551371002",
    "shop": "Woolworths",
    "weight": "100ML",
    "prices": [
      {
        "state": "NSW",
        "price": "320",
        "price_per_unit": "213",
        "price_unit": "ML"
      },
      {
        "state": "VIC",
        "price": "320",
        "price_per_unit": "213",
        "price_unit": "ML"
      },
      {
        "state": "QLD",
        "price": "320",
        "price_per_unit": "213",
        "price_unit": "ML"
      },
      {
        "state": "WA",
        "price": "320",
        "price_per_unit": "213",
        "price_unit": "ML"
      },
      {
        "state": "SA",
        "price": "320",
        "price_per_unit": "213",
        "price_unit": "ML"
      },
      {
        "state": "TAS",
        "price": "320",
        "price_per_unit": "213",
        "price_unit": "ML"
      },
      {
        "state": "ACT",
        "price": "320",
        "price_per_unit": "213",
        "price_unit": "ML"
      },
      {
        "state": "NT",
        "price": "320",
        "price_per_unit": "213",
        "price_unit": "ML"
      }
    ]
  },
  {
    "source_url": "https://www.woolworths.com.au/shop/productdetails/1074699657/hostess-zingers-iced-vanilla-flavoured-cakes-20pc",
    "name": "Hostess Zingers Iced Vanilla Flavoured Cakes 20pc",
    "image_url": "https://cdn1.woolworths.media/content/wowproductimages/large/1074699657.jpg",
    "source_id": "Woolworths - 1074699657",
    "barcode": null,
    "shop": "Woolworths",
    "weight": "1EA",
    "prices": [
      {
        "state": "NSW",
        "price": "3999",
        "price_per_unit": "200",
        "price_unit": "EA"
      },
      {
        "state": "VIC",
        "price": "3999",
        "price_per_unit": "200",
        "price_unit": "EA"
      },
      {
        "state": "QLD",
        "price": "3999",
        "price_per_unit": "200",
        "price_unit": "EA"
      },
      {
        "state": "WA",
        "price": "3999",
        "price_per_unit": "200",
        "price_unit": "EA"
      },
      {
        "state": "SA",
        "price": "3999",
        "price_per_unit": "200",
        "price_unit": "EA"
      },
      {
        "state": "TAS",
        "price": "3999",
        "price_per_unit": "200",
        "price_unit": "EA"
      },
      {
        "state": "ACT",
        "price": "3999",
        "price_per_unit": "200",
        "price_unit": "EA"
      },
      {
        "state": "NT",
        "price": "3999",
        "price_per_unit": "200",
        "price_unit": "EA"
      }
    ]
  },
  {
    "source_url": "https://www.woolworths.com.au/shop/productdetails/803829/hot-kids-ball-cake-honey-flavour",
    "name": "Hot Kids Ball Cake Honey Flavour 210g",
    "image_url": "https://cdn1.woolworths.media/content/wowproductimages/large/803829.jpg",
    "source_id": "Woolworths - 803829",
    "barcode": "6863528038368",
    "shop": "Woolworths",
    "weight": "1KG",
    "prices": [
      {
        "state": "NSW",
        "price": "470",
        "price_per_unit": "2238",
        "price_unit": "KG"
      },
      {
        "state": "VIC",
        "price": "470",
        "price_per_unit": "2238",
        "price_unit": "KG"
      },
      {
        "state": "QLD",
        "price": "470",
        "price_per_unit": "2238",
        "price_unit": "KG"
      },
      {
        "state": "WA",
        "price": "470",
        "price_per_unit": "2238",
        "price_unit": "KG"
      },
      {
        "state": "SA",
        "price": "470",
        "price_per_unit": "2238",
        "price_unit": "KG"
      },
      {
        "state": "TAS",
        "price": "470",
        "price_per_unit": "2238",
        "price_unit": "KG"
      },
      {
        "state": "ACT",
        "price": "470",
        "price_per_unit": "2238",
        "price_unit": "KG"
      },
      {
        "state": "NT",
        "price": "470",
        "price_per_unit": "2238",
        "price_unit": "KG"
      }
    ]
  },
  {
    "source_url": "https://www.woolworths.com.au/shop/productdetails/803901/hot-kids-milk-beverage",
    "name": "Hot Kids Milk Beverage 245ml",
    "image_url": "https://cdn1.woolworths.media/content/wowproductimages/large/803901.jpg",
    "source_id": "Woolworths - 803901",
    "barcode": "6906839701016",
    "shop": "Woolworths",
    "weight": "1L",
    "prices": [
      {
        "state": "NSW",
        "price": "205",
        "price_per_unit": "837",
        "price_unit": "L"
      },
      {
        "state": "VIC",
        "price": "205",
        "price_per_unit": "837",
        "price_unit": "L"
      },
      {
        "state": "QLD",
        "price": "205",
        "price_per_unit": "837",
        "price_unit": "L"
      },
      {
        "state": "WA",
        "price": "205",
        "price_per_unit": "837",
        "price_unit": "L"
      },
      {
        "state": "TAS",
        "price": "205",
        "price_per_unit": "837",
        "price_unit": "L"
      },
      {
        "state": "ACT",
        "price": "205",
        "price_per_unit": "837",
        "price_unit": "L"
      },
      {
        "state": "NT",
        "price": "205",
        "price_per_unit": "837",
        "price_unit": "L"
      }
    ]
  },
  {
    "source_url": "https://www.woolworths.com.au/shop/productdetails/830229/hot-kids-rice-snacks-shelly-senbei",
    "name": "Hot Kids Rice Snacks Shelly Senbei 150g",
    "image_url": "https://cdn1.woolworths.media/content/wowproductimages/large/830229.jpg",
    "source_id": "Woolworths - 830229",
    "barcode": "4710144802380",
    "shop": "Woolworths",
    "weight": "100G",
    "prices": [
      {
        "state": "NSW",
        "price": "450",
        "price_per_unit": "300",
        "price_unit": "G"
      },
      {
        "state": "VIC",
        "price": "450",
        "price_per_unit": "300",
        "price_unit": "G"
      },
      {
        "state": "QLD",
        "price": "450",
        "price_per_unit": "300",
        "price_unit": "G"
      },
      {
        "state": "WA",
        "price": "450",
        "price_per_unit": "300",
        "price_unit": "G"
      },
      {
        "state": "SA",
        "price": "450",
        "price_per_unit": "300",
        "price_unit": "G"
      },
      {
        "state": "TAS",
        "price": "450",
        "price_per_unit": "300",
        "price_unit": "G"
      },
      {
        "state": "ACT",
        "price": "450",
        "price_per_unit": "300",
        "price_unit": "G"
      },
      {
        "state": "NT",
        "price": "450",
        "price_per_unit": "300",
        "price_unit": "G"
      }
    ]
  },
  {
    "source_url": "https://www.woolworths.com.au/shop/productdetails/51960/hotpot-queen-crunchy-garlic-chili-crisp",
    "name": "HotPot Queen Crunchy Garlic Chili Crisp 300g",
    "image_url": "https://cdn1.woolworths.media/content/wowproductimages/large/051960.jpg",
    "source_id": "Woolworths - 51960",
    "barcode": "860009263109",
    "shop": "Woolworths",
    "weight": "100G",
    "prices": [
      {
        "state": "NSW",
        "price": "1500",
        "price_per_unit": "500",
        "price_unit": "G"
      },
      {
        "state": "SA",
        "price": "1500",
        "price_per_unit": "500",
        "price_unit": "G"
      },
      {
        "state": "TAS",
        "price": "1500",
        "price_per_unit": "500",
        "price_unit": "G"
      },
      {
        "state": "ACT",
        "price": "1700",
        "price_per_unit": "567",
        "price_unit": "G"
      }
    ]
  },
  {
    "source_url": "https://www.woolworths.com.au/shop/productdetails/52256/hotpot-queen-tingly-mala-wild-mushroom-chili-sauce",
    "name": "Hotpot Queen Tingly Mala Wild Mushroom Chili Sauce 300g",
    "image_url": "https://cdn1.woolworths.media/content/wowproductimages/large/052256.jpg",
    "source_id": "Woolworths - 52256",
    "barcode": "860009263116",
    "shop": "Woolworths",
    "weight": "100G",
    "prices": [
      {
        "state": "NSW",
        "price": "1500",
        "price_per_unit": "500",
        "price_unit": "G"
      },
      {
        "state": "SA",
        "price": "1500",
        "price_per_unit": "500",
        "price_unit": "G"
      },
      {
        "state": "TAS",
        "price": "1500",
        "price_per_unit": "500",
        "price_unit": "G"
      },
      {
        "state": "ACT",
        "price": "1500",
        "price_per_unit": "500",
        "price_unit": "G"
      }
    ]
  },
  {
    "source_url": "https://www.woolworths.com.au/shop/productdetails/814477/indomie-chitato-mi-goreng-chips",
    "name": "Indomie Chitato Mi Goreng Chips 55g",
    "image_url": "https://cdn1.woolworths.media/content/wowproductimages/large/814477.jpg",
    "source_id": "Woolworths - 814477",
    "barcode": "89686599077",
    "shop": "Woolworths",
    "weight": "100G",
    "prices": [
      {
        "state": "VIC",
        "price": "225",
        "price_per_unit": "409",
        "price_unit": "G"
      },
      {
        "state": "QLD",
        "price": "225",
        "price_per_unit": "409",
        "price_unit": "G"
      },
      {
        "state": "WA",
        "price": "225",
        "price_per_unit": "409",
        "price_unit": "G"
      },
      {
        "state": "SA",
        "price": "225",
        "price_per_unit": "409",
        "price_unit": "G"
      },
      {
        "state": "TAS",
        "price": "225",
        "price_per_unit": "409",
        "price_unit": "G"
      },
      {
        "state": "ACT",
        "price": "225",
        "price_per_unit": "409",
        "price_unit": "G"
      },
      {
        "state": "NT",
        "price": "225",
        "price_per_unit": "409",
        "price_unit": "G"
      }
    ]
  },
  {
    "source_url": "https://www.woolworths.com.au/shop/productdetails/1074721307/indomie-mi-goreng-original-special-3x-5pk-425g",
    "name": "Indomie Mi Goreng - Original Special 3x 5PK 425g",
    "image_url": "https://cdn1.woolworths.media/content/wowproductimages/large/1074721307.jpg",
    "source_id": "Woolworths - 1074721307",
    "barcode": null,
    "shop": "Woolworths",
    "weight": "1EA",
    "prices": [
      {
        "state": "NSW",
        "price": "3200",
        "price_per_unit": "213",
        "price_unit": "EA"
      },
      {
        "state": "VIC",
        "price": "3200",
        "price_per_unit": "213",
        "price_unit": "EA"
      },
      {
        "state": "QLD",
        "price": "3200",
        "price_per_unit": "213",
        "price_unit": "EA"
      },
      {
        "state": "WA",
        "price": "3200",
        "price_per_unit": "213",
        "price_unit": "EA"
      },
      {
        "state": "SA",
        "price": "3200",
        "price_per_unit": "213",
        "price_unit": "EA"
      },
      {
        "state": "TAS",
        "price": "3200",
        "price_per_unit": "213",
        "price_unit": "EA"
      },
      {
        "state": "ACT",
        "price": "3200",
        "price_per_unit": "213",
        "price_unit": "EA"
      },
      {
        "state": "NT",
        "price": "3200",
        "price_per_unit": "213",
        "price_unit": "EA"
      }
    ]
  },
  {
    "source_url": "https://www.woolworths.com.au/shop/productdetails/1074721308/indomie-mi-goreng-original-special-8x-5pk-425g",
    "name": "Indomie Mi Goreng - Original Special 8x 5PK 425g",
    "image_url": "https://cdn1.woolworths.media/content/wowproductimages/large/1074721308.jpg",
    "source_id": "Woolworths - 1074721308",
    "barcode": null,
    "shop": "Woolworths",
    "weight": "1EA",
    "prices": [
      {
        "state": "NSW",
        "price": "5130",
        "price_per_unit": "128",
        "price_unit": "EA"
      },
      {
        "state": "VIC",
        "price": "5130",
        "price_per_unit": "128",
        "price_unit": "EA"
      },
      {
        "state": "QLD",
        "price": "5130",
        "price_per_unit": "128",
        "price_unit": "EA"
      },
      {
        "state": "WA",
        "price": "5130",
        "price_per_unit": "128",
        "price_unit": "EA"
      },
      {
        "state": "SA",
        "price": "5130",
        "price_per_unit": "128",
        "price_unit": "EA"
      },
      {
        "state": "TAS",
        "price": "5130",
        "price_per_unit": "128",
        "price_unit": "EA"
      },
      {
        "state": "ACT",
        "price": "5130",
        "price_per_unit": "128",
        "price_unit": "EA"
      },
      {
        "state": "NT",
        "price": "5130",
        "price_per_unit": "128",
        "price_unit": "EA"
      }
    ]
  },
  {
    "source_url": "https://www.woolworths.com.au/shop/productdetails/110285/indomie-mi-goreng-fried-noodles",
    "name": "Indomie Mi Goreng Fried Noodles 85g",
    "image_url": "https://cdn1.woolworths.media/content/wowproductimages/large/110285.jpg",
    "source_id": "Woolworths - 110285",
    "barcode": "89686170726",
    "shop": "Woolworths",
    "weight": "100G",
    "prices": [
      {
        "state": "NSW",
        "price": "100",
        "price_per_unit": "118",
        "price_unit": "G"
      },
      {
        "state": "VIC",
        "price": "100",
        "price_per_unit": "118",
        "price_unit": "G"
      },
      {
        "state": "QLD",
        "price": "100",
        "price_per_unit": "118",
        "price_unit": "G"
      },
      {
        "state": "WA",
        "price": "100",
        "price_per_unit": "118",
        "price_unit": "G"
      },
      {
        "state": "SA",
        "price": "100",
        "price_per_unit": "118",
        "price_unit": "G"
      },
      {
        "state": "TAS",
        "price": "100",
        "price_per_unit": "118",
        "price_unit": "G"
      },
      {
        "state": "ACT",
        "price": "100",
        "price_per_unit": "118",
        "price_unit": "G"
      },
      {
        "state": "NT",
        "price": "100",
        "price_per_unit": "118",
        "price_unit": "G"
      }
    ]
  },
  {
    "source_url": "https://www.woolworths.com.au/shop/productdetails/40389/indomie-noodles-special-chicken",
    "name": "Indomie Noodles Special Chicken 75g",
    "image_url": "https://cdn1.woolworths.media/content/wowproductimages/large/040389.jpg",
    "source_id": "Woolworths - 40389",
    "barcode": "9310432090021",
    "shop": "Woolworths",
    "weight": "100G",
    "prices": [
      {
        "state": "NSW",
        "price": "100",
        "price_per_unit": "133",
        "price_unit": "G"
      },
      {
        "state": "VIC",
        "price": "100",
        "price_per_unit": "133",
        "price_unit": "G"
      },
      {
        "state": "QLD",
        "price": "100",
        "price_per_unit": "133",
        "price_unit": "G"
      },
      {
        "state": "WA",
        "price": "100",
        "price_per_unit": "133",
        "price_unit": "G"
      },
      {
        "state": "SA",
        "price": "100",
        "price_per_unit": "133",
        "price_unit": "G"
      },
      {
        "state": "TAS",
        "price": "100",
        "price_per_unit": "133",
        "price_unit": "G"
      },
      {
        "state": "ACT",
        "price": "100",
        "price_per_unit": "133",
        "price_unit": "G"
      },
      {
        "state": "NT",
        "price": "100",
        "price_per_unit": "133",
        "price_unit": "G"
      }
    ]
  },
  {
    "source_url": "https://www.woolworths.com.au/shop/productdetails/875796/ito-en-oi-ocha-green-tea-unsweetened",
    "name": "Ito En Oi Ocha Green Tea Unsweetened 500ml",
    "image_url": "https://cdn1.woolworths.media/content/wowproductimages/large/875796.jpg",
    "source_id": "Woolworths - 875796",
    "barcode": "9346009000308",
    "shop": "Woolworths",
    "weight": "1L",
    "prices": [
      {
        "state": "NSW",
        "price": "295",
        "price_per_unit": "590",
        "price_unit": "L"
      },
      {
        "state": "VIC",
        "price": "295",
        "price_per_unit": "590",
        "price_unit": "L"
      },
      {
        "state": "QLD",
        "price": "295",
        "price_per_unit": "590",
        "price_unit": "L"
      },
      {
        "state": "WA",
        "price": "295",
        "price_per_unit": "590",
        "price_unit": "L"
      },
      {
        "state": "SA",
        "price": "295",
        "price_per_unit": "590",
        "price_unit": "L"
      },
      {
        "state": "TAS",
        "price": "295",
        "price_per_unit": "590",
        "price_unit": "L"
      },
      {
        "state": "ACT",
        "price": "295",
        "price_per_unit": "590",
        "price_unit": "L"
      },
      {
        "state": "NT",
        "price": "295",
        "price_per_unit": "590",
        "price_unit": "L"
      }
    ]
  },
  {
    "source_url": "https://www.woolworths.com.au/shop/productdetails/661142/jack-n-jill-chippy-barbecue-corn-chips",
    "name": "Jack N' Jill Chippy Barbecue Corn Chips 200G",
    "image_url": "https://cdn1.woolworths.media/content/wowproductimages/large/661142.jpg",
    "source_id": "Woolworths - 661142",
    "barcode": "4800016101069",
    "shop": "Woolworths",
    "weight": "100G",
    "prices": [
      {
        "state": "NSW",
        "price": "360",
        "price_per_unit": "180",
        "price_unit": "G"
      },
      {
        "state": "ACT",
        "price": "360",
        "price_per_unit": "180",
        "price_unit": "G"
      }
    ]
  },
  {
    "source_url": "https://www.woolworths.com.au/shop/productdetails/803664/jack-n-jill-coffee-3-in-1",
    "name": "Jack N' Jill Coffee 3 In 1 300G",
    "image_url": "https://cdn1.woolworths.media/content/wowproductimages/large/803664.jpg",
    "source_id": "Woolworths - 803664",
    "barcode": "4800016021374",
    "shop": "Woolworths",
    "weight": "100G",
    "prices": [
      null
    ]
  },
  {
    "source_url": "https://www.woolworths.com.au/shop/productdetails/661129/jack-n-jill-piattos-cheese-flavoured-potato-crisps",
    "name": "Jack N' Jill Piattos Cheese Flavoured Potato Crisps 212G",
    "image_url": "https://cdn1.woolworths.media/content/wowproductimages/large/661129.jpg",
    "source_id": "Woolworths - 661129",
    "barcode": "4800016113239",
    "shop": "Woolworths",
    "weight": "100G",
    "prices": [
      {
        "state": "NSW",
        "price": "390",
        "price_per_unit": "186",
        "price_unit": "G"
      },
      {
        "state": "ACT",
        "price": "390",
        "price_per_unit": "186",
        "price_unit": "G"
      }
    ]
  },
  {
    "source_url": "https://www.woolworths.com.au/shop/productdetails/280859/jack-n-jill-v-cut-potato-chips-spicy-barbecue-flavour",
    "name": "Jack N' Jill V Cut Potato Chips Spicy Barbecue Flavour 155g",
    "image_url": "https://cdn1.woolworths.media/content/wowproductimages/large/280859.jpg",
    "source_id": "Woolworths - 280859",
    "barcode": "4800016106132",
    "shop": "Woolworths",
    "weight": "100G",
    "prices": [
      {
        "state": "NSW",
        "price": "415",
        "price_per_unit": "268",
        "price_unit": "G"
      },
      {
        "state": "ACT",
        "price": "415",
        "price_per_unit": "268",
        "price_unit": "G"
      }
    ]
  },
  {
    "source_url": "https://www.woolworths.com.au/shop/productdetails/250310/jeeny-s-ingredients-puree-tamarind",
    "name": "Jeeny's Ingredients Puree Tamarind 220g",
    "image_url": "https://cdn1.woolworths.media/content/wowproductimages/large/250310.jpg",
    "source_id": "Woolworths - 250310",
    "barcode": "9556092280505",
    "shop": "Woolworths",
    "weight": "100G",
    "prices": [
      {
        "state": "NSW",
        "price": "570",
        "price_per_unit": "259",
        "price_unit": "G"
      },
      {
        "state": "VIC",
        "price": "570",
        "price_per_unit": "259",
        "price_unit": "G"
      },
      {
        "state": "QLD",
        "price": "570",
        "price_per_unit": "259",
        "price_unit": "G"
      },
      {
        "state": "WA",
        "price": "570",
        "price_per_unit": "259",
        "price_unit": "G"
      },
      {
        "state": "SA",
        "price": "570",
        "price_per_unit": "259",
        "price_unit": "G"
      },
      {
        "state": "TAS",
        "price": "570",
        "price_per_unit": "259",
        "price_unit": "G"
      },
      {
        "state": "ACT",
        "price": "570",
        "price_per_unit": "259",
        "price_unit": "G"
      },
      {
        "state": "NT",
        "price": "570",
        "price_per_unit": "259",
        "price_unit": "G"
      }
    ]
  },
  {
    "source_url": "https://www.woolworths.com.au/shop/productdetails/712673/jeeny-s-paste-shrimp",
    "name": "Jeeny's Paste Shrimp 80g",
    "image_url": "https://cdn1.woolworths.media/content/wowproductimages/large/712673.jpg",
    "source_id": "Woolworths - 712673",
    "barcode": "9556092102791",
    "shop": "Woolworths",
    "weight": "100G",
    "prices": [
      {
        "state": "NSW",
        "price": "330",
        "price_per_unit": "413",
        "price_unit": "G"
      },
      {
        "state": "VIC",
        "price": "330",
        "price_per_unit": "413",
        "price_unit": "G"
      },
      {
        "state": "QLD",
        "price": "330",
        "price_per_unit": "413",
        "price_unit": "G"
      },
      {
        "state": "WA",
        "price": "330",
        "price_per_unit": "413",
        "price_unit": "G"
      },
      {
        "state": "SA",
        "price": "330",
        "price_per_unit": "413",
        "price_unit": "G"
      },
      {
        "state": "TAS",
        "price": "330",
        "price_per_unit": "413",
        "price_unit": "G"
      },
      {
        "state": "ACT",
        "price": "330",
        "price_per_unit": "413",
        "price_unit": "G"
      },
      {
        "state": "NT",
        "price": "330",
        "price_per_unit": "413",
        "price_unit": "G"
      }
    ]
  },
  {
    "source_url": "https://www.woolworths.com.au/shop/productdetails/132955/jelly-joy-mango-jelly-drink",
    "name": "Jelly Joy Mango Jelly Drink 150g",
    "image_url": "https://cdn1.woolworths.media/content/wowproductimages/large/132955.jpg",
    "source_id": "Woolworths - 132955",
    "barcode": "8888215600503",
    "shop": "Woolworths",
    "weight": "1KG",
    "prices": [
      {
        "state": "NSW",
        "price": "150",
        "price_per_unit": "1000",
        "price_unit": "KG"
      },
      {
        "state": "SA",
        "price": "150",
        "price_per_unit": "1000",
        "price_unit": "KG"
      }
    ]
  },
  {
    "source_url": "https://www.woolworths.com.au/shop/productdetails/133133/jelly-joy-orange-jelly-drink",
    "name": "Jelly Joy Orange Jelly Drink 150g",
    "image_url": "https://cdn1.woolworths.media/content/wowproductimages/large/133133.jpg",
    "source_id": "Woolworths - 133133",
    "barcode": "8888215600510",
    "shop": "Woolworths",
    "weight": "1KG",
    "prices": [
      {
        "state": "NSW",
        "price": "150",
        "price_per_unit": "1000",
        "price_unit": "KG"
      },
      {
        "state": "SA",
        "price": "150",
        "price_per_unit": "1000",
        "price_unit": "KG"
      }
    ]
  },
  {
    "source_url": "https://www.woolworths.com.au/shop/productdetails/132940/jelly-joy-peach-jelly-drink",
    "name": "Jelly Joy Peach Jelly Drink 150g",
    "image_url": "https://cdn1.woolworths.media/content/wowproductimages/large/132940.jpg",
    "source_id": "Woolworths - 132940",
    "barcode": "8888215600527",
    "shop": "Woolworths",
    "weight": "1KG",
    "prices": [
      {
        "state": "SA",
        "price": "150",
        "price_per_unit": "1000",
        "price_unit": "KG"
      }
    ]
  },
  {
    "source_url": "https://www.woolworths.com.au/shop/productdetails/750060/jelly-joy-slurpy-lychee-jelly-drink",
    "name": "Jelly Joy Slurpy Lychee Jelly Drink 150g",
    "image_url": "https://cdn1.woolworths.media/content/wowproductimages/large/750060.jpg",
    "source_id": "Woolworths - 750060",
    "barcode": "8888215600541",
    "shop": "Woolworths",
    "weight": "100G",
    "prices": [
      {
        "state": "NSW",
        "price": "150",
        "price_per_unit": "100",
        "price_unit": "G"
      }
    ]
  },
  {
    "source_url": "https://www.woolworths.com.au/shop/productdetails/1074297558/jomeis-fine-foods-box-of-5-plant-based-hoodles-beef",
    "name": "Jomeis Fine Foods Box of 5 Plant-Based Hoodles - Beef",
    "image_url": "https://cdn1.woolworths.media/content/wowproductimages/large/1074297558.jpg",
    "source_id": "Woolworths - 1074297558",
    "barcode": null,
    "shop": "Woolworths",
    "weight": "1EA",
    "prices": [
      {
        "state": "NSW",
        "price": "1500",
        "price_per_unit": "300",
        "price_unit": "EA"
      },
      {
        "state": "VIC",
        "price": "1500",
        "price_per_unit": "300",
        "price_unit": "EA"
      },
      {
        "state": "QLD",
        "price": "1500",
        "price_per_unit": "300",
        "price_unit": "EA"
      },
      {
        "state": "WA",
        "price": "1500",
        "price_per_unit": "300",
        "price_unit": "EA"
      },
      {
        "state": "SA",
        "price": "1500",
        "price_per_unit": "300",
        "price_unit": "EA"
      },
      {
        "state": "TAS",
        "price": "1500",
        "price_per_unit": "300",
        "price_unit": "EA"
      },
      {
        "state": "NT",
        "price": "1500",
        "price_per_unit": "300",
        "price_unit": "EA"
      }
    ]
  },
  {
    "source_url": "https://www.woolworths.com.au/shop/productdetails/1074297559/jomeis-fine-foods-box-of-5-plant-based-hoodles-chicken",
    "name": "Jomeis Fine Foods Box of 5 Plant-Based Hoodles - Chicken",
    "image_url": "https://cdn1.woolworths.media/content/wowproductimages/large/1074297559.jpg",
    "source_id": "Woolworths - 1074297559",
    "barcode": null,
    "shop": "Woolworths",
    "weight": "1EA",
    "prices": [
      {
        "state": "NSW",
        "price": "1500",
        "price_per_unit": "300",
        "price_unit": "EA"
      },
      {
        "state": "VIC",
        "price": "1500",
        "price_per_unit": "300",
        "price_unit": "EA"
      },
      {
        "state": "QLD",
        "price": "1500",
        "price_per_unit": "300",
        "price_unit": "EA"
      },
      {
        "state": "WA",
        "price": "1500",
        "price_per_unit": "300",
        "price_unit": "EA"
      },
      {
        "state": "SA",
        "price": "1500",
        "price_per_unit": "300",
        "price_unit": "EA"
      },
      {
        "state": "TAS",
        "price": "1500",
        "price_per_unit": "300",
        "price_unit": "EA"
      },
      {
        "state": "NT",
        "price": "1500",
        "price_per_unit": "300",
        "price_unit": "EA"
      }
    ]
  },
  {
    "source_url": "https://www.woolworths.com.au/shop/productdetails/1074297554/jomeis-fine-foods-box-of-5-plant-based-hoodles-vegetable",
    "name": "Jomeis Fine Foods Box of 5 Plant-Based Hoodles - Vegetable",
    "image_url": "https://cdn1.woolworths.media/content/wowproductimages/large/1074297554.jpg",
    "source_id": "Woolworths - 1074297554",
    "barcode": null,
    "shop": "Woolworths",
    "weight": "1EA",
    "prices": [
      {
        "state": "NSW",
        "price": "1500",
        "price_per_unit": "300",
        "price_unit": "EA"
      },
      {
        "state": "VIC",
        "price": "1500",
        "price_per_unit": "300",
        "price_unit": "EA"
      },
      {
        "state": "QLD",
        "price": "1500",
        "price_per_unit": "300",
        "price_unit": "EA"
      },
      {
        "state": "WA",
        "price": "1500",
        "price_per_unit": "300",
        "price_unit": "EA"
      },
      {
        "state": "SA",
        "price": "1500",
        "price_per_unit": "300",
        "price_unit": "EA"
      },
      {
        "state": "TAS",
        "price": "1500",
        "price_per_unit": "300",
        "price_unit": "EA"
      },
      {
        "state": "NT",
        "price": "1500",
        "price_per_unit": "300",
        "price_unit": "EA"
      }
    ]
  },
  {
    "source_url": "https://www.woolworths.com.au/shop/productdetails/122266/kamayan-sauteed-shrimp-paste-spicy",
    "name": "Kamayan Sauteed Shrimp Paste Spicy 250G",
    "image_url": "https://cdn1.woolworths.media/content/wowproductimages/large/122266.jpg",
    "source_id": "Woolworths - 122266",
    "barcode": "4806506181405",
    "shop": "Woolworths",
    "weight": "100G",
    "prices": [
      {
        "state": "NSW",
        "price": "490",
        "price_per_unit": "196",
        "price_unit": "G"
      }
    ]
  },
  {
    "source_url": "https://www.woolworths.com.au/shop/productdetails/171932/kara-coconut-cream",
    "name": "Kara Coconut Cream 400mL",
    "image_url": "https://cdn1.woolworths.media/content/wowproductimages/large/171932.jpg",
    "source_id": "Woolworths - 171932",
    "barcode": "8997212610207",
    "shop": "Woolworths",
    "weight": "100ML",
    "prices": [
      {
        "state": "NSW",
        "price": "300",
        "price_per_unit": "75",
        "price_unit": "ML"
      },
      {
        "state": "VIC",
        "price": "300",
        "price_per_unit": "75",
        "price_unit": "ML"
      },
      {
        "state": "QLD",
        "price": "300",
        "price_per_unit": "75",
        "price_unit": "ML"
      },
      {
        "state": "WA",
        "price": "300",
        "price_per_unit": "75",
        "price_unit": "ML"
      },
      {
        "state": "SA",
        "price": "300",
        "price_per_unit": "75",
        "price_unit": "ML"
      },
      {
        "state": "TAS",
        "price": "300",
        "price_per_unit": "75",
        "price_unit": "ML"
      },
      {
        "state": "NT",
        "price": "300",
        "price_per_unit": "75",
        "price_unit": "ML"
      }
    ]
  },
  {
    "source_url": "https://www.woolworths.com.au/shop/productdetails/829594/kara-coconut-milk",
    "name": "Kara Coconut Milk 400mL",
    "image_url": "https://cdn1.woolworths.media/content/wowproductimages/large/829594.jpg",
    "source_id": "Woolworths - 829594",
    "barcode": "8997212610191",
    "shop": "Woolworths",
    "weight": "100ML",
    "prices": [
      {
        "state": "NSW",
        "price": "300",
        "price_per_unit": "75",
        "price_unit": "ML"
      },
      {
        "state": "VIC",
        "price": "300",
        "price_per_unit": "75",
        "price_unit": "ML"
      },
      {
        "state": "QLD",
        "price": "300",
        "price_per_unit": "75",
        "price_unit": "ML"
      },
      {
        "state": "WA",
        "price": "300",
        "price_per_unit": "75",
        "price_unit": "ML"
      },
      {
        "state": "SA",
        "price": "300",
        "price_per_unit": "75",
        "price_unit": "ML"
      },
      {
        "state": "TAS",
        "price": "300",
        "price_per_unit": "75",
        "price_unit": "ML"
      },
      {
        "state": "NT",
        "price": "300",
        "price_per_unit": "75",
        "price_unit": "ML"
      }
    ]
  },
  {
    "source_url": "https://www.woolworths.com.au/shop/productdetails/1074032813/kara-uht-coconut-milk-8-x-400ml",
    "name": "Kara UHT Coconut Milk 8 x 400ml",
    "image_url": "https://cdn1.woolworths.media/content/wowproductimages/large/1074032813.jpg",
    "source_id": "Woolworths - 1074032813",
    "barcode": null,
    "shop": "Woolworths",
    "weight": "1EA",
    "prices": [
      {
        "state": "NSW",
        "price": "4200",
        "price_per_unit": "525",
        "price_unit": "EA"
      },
      {
        "state": "VIC",
        "price": "4200",
        "price_per_unit": "525",
        "price_unit": "EA"
      },
      {
        "state": "QLD",
        "price": "4200",
        "price_per_unit": "525",
        "price_unit": "EA"
      },
      {
        "state": "WA",
        "price": "4200",
        "price_per_unit": "525",
        "price_unit": "EA"
      },
      {
        "state": "SA",
        "price": "4200",
        "price_per_unit": "525",
        "price_unit": "EA"
      },
      {
        "state": "TAS",
        "price": "4200",
        "price_per_unit": "525",
        "price_unit": "EA"
      },
      {
        "state": "NT",
        "price": "4200",
        "price_per_unit": "525",
        "price_unit": "EA"
      }
    ]
  },
  {
    "source_url": "https://www.woolworths.com.au/shop/productdetails/790373/kewpie-japanese-dresing-sesame-soy",
    "name": "Kewpie Japanese Dresing Sesame Soy 210g",
    "image_url": "https://cdn1.woolworths.media/content/wowproductimages/large/790373.jpg",
    "source_id": "Woolworths - 790373",
    "barcode": "8852022032598",
    "shop": "Woolworths",
    "weight": "100ML",
    "prices": [
      {
        "state": "NSW",
        "price": "520",
        "price_per_unit": "248",
        "price_unit": "ML"
      },
      {
        "state": "VIC",
        "price": "520",
        "price_per_unit": "248",
        "price_unit": "ML"
      },
      {
        "state": "QLD",
        "price": "520",
        "price_per_unit": "248",
        "price_unit": "ML"
      },
      {
        "state": "WA",
        "price": "520",
        "price_per_unit": "248",
        "price_unit": "ML"
      },
      {
        "state": "SA",
        "price": "520",
        "price_per_unit": "248",
        "price_unit": "ML"
      },
      {
        "state": "TAS",
        "price": "520",
        "price_per_unit": "248",
        "price_unit": "ML"
      },
      {
        "state": "ACT",
        "price": "520",
        "price_per_unit": "248",
        "price_unit": "ML"
      },
      {
        "state": "ACT",
        "price": "520",
        "price_per_unit": "248",
        "price_unit": "ML"
      },
      {
        "state": "NT",
        "price": "520",
        "price_per_unit": "248",
        "price_unit": "ML"
      }
    ]
  },
  {
    "source_url": "https://www.woolworths.com.au/shop/productdetails/250311/kewpie-japanese-mayonnaise",
    "name": "Kewpie Japanese Mayonnaise 300g",
    "image_url": "https://cdn1.woolworths.media/content/wowproductimages/large/250311.jpg",
    "source_id": "Woolworths - 250311",
    "barcode": "8852511011349",
    "shop": "Woolworths",
    "weight": "100G",
    "prices": [
      {
        "state": "NSW",
        "price": "550",
        "price_per_unit": "183",
        "price_unit": "G"
      },
      {
        "state": "VIC",
        "price": "550",
        "price_per_unit": "183",
        "price_unit": "G"
      },
      {
        "state": "QLD",
        "price": "550",
        "price_per_unit": "183",
        "price_unit": "G"
      },
      {
        "state": "WA",
        "price": "550",
        "price_per_unit": "183",
        "price_unit": "G"
      },
      {
        "state": "SA",
        "price": "550",
        "price_per_unit": "183",
        "price_unit": "G"
      },
      {
        "state": "TAS",
        "price": "550",
        "price_per_unit": "183",
        "price_unit": "G"
      },
      {
        "state": "ACT",
        "price": "550",
        "price_per_unit": "183",
        "price_unit": "G"
      },
      {
        "state": "ACT",
        "price": "550",
        "price_per_unit": "183",
        "price_unit": "G"
      },
      {
        "state": "NT",
        "price": "550",
        "price_per_unit": "183",
        "price_unit": "G"
      }
    ]
  },
  {
    "source_url": "https://www.woolworths.com.au/shop/productdetails/364435/kewpie-japanese-mayonnaise",
    "name": "Kewpie Japanese Mayonnaise 500g",
    "image_url": "https://cdn1.woolworths.media/content/wowproductimages/large/364435.jpg",
    "source_id": "Woolworths - 364435",
    "barcode": "8852511011448",
    "shop": "Woolworths",
    "weight": "100G",
    "prices": [
      {
        "state": "NSW",
        "price": "800",
        "price_per_unit": "160",
        "price_unit": "G"
      },
      {
        "state": "VIC",
        "price": "800",
        "price_per_unit": "160",
        "price_unit": "G"
      },
      {
        "state": "QLD",
        "price": "800",
        "price_per_unit": "160",
        "price_unit": "G"
      },
      {
        "state": "WA",
        "price": "800",
        "price_per_unit": "160",
        "price_unit": "G"
      },
      {
        "state": "SA",
        "price": "800",
        "price_per_unit": "160",
        "price_unit": "G"
      },
      {
        "state": "TAS",
        "price": "800",
        "price_per_unit": "160",
        "price_unit": "G"
      },
      {
        "state": "ACT",
        "price": "800",
        "price_per_unit": "160",
        "price_unit": "G"
      },
      {
        "state": "ACT",
        "price": "800",
        "price_per_unit": "160",
        "price_unit": "G"
      },
      {
        "state": "NT",
        "price": "800",
        "price_per_unit": "160",
        "price_unit": "G"
      }
    ]
  },
  {
    "source_url": "https://www.woolworths.com.au/shop/productdetails/236716/kewpie-mayonnaise-50-reduced-fat",
    "name": "Kewpie Mayonnaise 50% Reduced Fat 300g",
    "image_url": "https://cdn1.woolworths.media/content/wowproductimages/large/236716.jpg",
    "source_id": "Woolworths - 236716",
    "barcode": "8852022092004",
    "shop": "Woolworths",
    "weight": "100G",
    "prices": [
      {
        "state": "NSW",
        "price": "550",
        "price_per_unit": "183",
        "price_unit": "G"
      },
      {
        "state": "VIC",
        "price": "550",
        "price_per_unit": "183",
        "price_unit": "G"
      },
      {
        "state": "QLD",
        "price": "550",
        "price_per_unit": "183",
        "price_unit": "G"
      },
      {
        "state": "WA",
        "price": "550",
        "price_per_unit": "183",
        "price_unit": "G"
      },
      {
        "state": "SA",
        "price": "550",
        "price_per_unit": "183",
        "price_unit": "G"
      },
      {
        "state": "TAS",
        "price": "550",
        "price_per_unit": "183",
        "price_unit": "G"
      },
      {
        "state": "ACT",
        "price": "550",
        "price_per_unit": "183",
        "price_unit": "G"
      },
      {
        "state": "ACT",
        "price": "550",
        "price_per_unit": "183",
        "price_unit": "G"
      },
      {
        "state": "NT",
        "price": "550",
        "price_per_unit": "183",
        "price_unit": "G"
      }
    ]
  },
  {
    "source_url": "https://www.woolworths.com.au/shop/productdetails/790377/kewpie-mayonnaise-wasabi-flavour",
    "name": "Kewpie Mayonnaise Wasabi Flavour 300g",
    "image_url": "https://cdn1.woolworths.media/content/wowproductimages/large/790377.jpg",
    "source_id": "Woolworths - 790377",
    "barcode": "8852022091588",
    "shop": "Woolworths",
    "weight": "100G",
    "prices": [
      {
        "state": "NSW",
        "price": "550",
        "price_per_unit": "183",
        "price_unit": "G"
      },
      {
        "state": "VIC",
        "price": "550",
        "price_per_unit": "183",
        "price_unit": "G"
      },
      {
        "state": "QLD",
        "price": "550",
        "price_per_unit": "183",
        "price_unit": "G"
      },
      {
        "state": "WA",
        "price": "550",
        "price_per_unit": "183",
        "price_unit": "G"
      },
      {
        "state": "SA",
        "price": "550",
        "price_per_unit": "183",
        "price_unit": "G"
      },
      {
        "state": "TAS",
        "price": "550",
        "price_per_unit": "183",
        "price_unit": "G"
      },
      {
        "state": "ACT",
        "price": "550",
        "price_per_unit": "183",
        "price_unit": "G"
      },
      {
        "state": "ACT",
        "price": "550",
        "price_per_unit": "183",
        "price_unit": "G"
      },
      {
        "state": "NT",
        "price": "550",
        "price_per_unit": "183",
        "price_unit": "G"
      }
    ]
  },
  {
    "source_url": "https://www.woolworths.com.au/shop/productdetails/347493/kewpie-roasted-sesame-dressing-spicy",
    "name": "Kewpie Roasted Sesame Dressing Spicy 210ml",
    "image_url": "https://cdn1.woolworths.media/content/wowproductimages/large/347493.jpg",
    "source_id": "Woolworths - 347493",
    "barcode": "8852022033304",
    "shop": "Woolworths",
    "weight": "100ML",
    "prices": [
      {
        "state": "NSW",
        "price": "520",
        "price_per_unit": "248",
        "price_unit": "ML"
      },
      {
        "state": "VIC",
        "price": "520",
        "price_per_unit": "248",
        "price_unit": "ML"
      },
      {
        "state": "QLD",
        "price": "520",
        "price_per_unit": "248",
        "price_unit": "ML"
      },
      {
        "state": "WA",
        "price": "520",
        "price_per_unit": "248",
        "price_unit": "ML"
      },
      {
        "state": "SA",
        "price": "520",
        "price_per_unit": "248",
        "price_unit": "ML"
      },
      {
        "state": "TAS",
        "price": "520",
        "price_per_unit": "248",
        "price_unit": "ML"
      },
      {
        "state": "ACT",
        "price": "520",
        "price_per_unit": "248",
        "price_unit": "ML"
      },
      {
        "state": "ACT",
        "price": "520",
        "price_per_unit": "248",
        "price_unit": "ML"
      },
      {
        "state": "NT",
        "price": "520",
        "price_per_unit": "248",
        "price_unit": "ML"
      }
    ]
  },
  {
    "source_url": "https://www.woolworths.com.au/shop/productdetails/790349/kewpie-salad-dressing-roasted-sesame",
    "name": "Kewpie Salad Dressing Roasted Sesame 210ml",
    "image_url": "https://cdn1.woolworths.media/content/wowproductimages/large/790349.jpg",
    "source_id": "Woolworths - 790349",
    "barcode": "8852022032604",
    "shop": "Woolworths",
    "weight": "100ML",
    "prices": [
      {
        "state": "NSW",
        "price": "520",
        "price_per_unit": "248",
        "price_unit": "ML"
      },
      {
        "state": "VIC",
        "price": "520",
        "price_per_unit": "248",
        "price_unit": "ML"
      },
      {
        "state": "QLD",
        "price": "520",
        "price_per_unit": "248",
        "price_unit": "ML"
      },
      {
        "state": "WA",
        "price": "520",
        "price_per_unit": "248",
        "price_unit": "ML"
      },
      {
        "state": "SA",
        "price": "520",
        "price_per_unit": "248",
        "price_unit": "ML"
      },
      {
        "state": "TAS",
        "price": "520",
        "price_per_unit": "248",
        "price_unit": "ML"
      },
      {
        "state": "ACT",
        "price": "520",
        "price_per_unit": "248",
        "price_unit": "ML"
      },
      {
        "state": "ACT",
        "price": "520",
        "price_per_unit": "248",
        "price_unit": "ML"
      },
      {
        "state": "NT",
        "price": "520",
        "price_per_unit": "248",
        "price_unit": "ML"
      }
    ]
  },
  {
    "source_url": "https://www.woolworths.com.au/shop/productdetails/18475/kewpie-sriracha-mayonnaise",
    "name": "Kewpie Sriracha Mayonnaise 300g",
    "image_url": "https://cdn1.woolworths.media/content/wowproductimages/large/018475.jpg",
    "source_id": "Woolworths - 18475",
    "barcode": "8852022091830",
    "shop": "Woolworths",
    "weight": "100G",
    "prices": [
      {
        "state": "NSW",
        "price": "550",
        "price_per_unit": "183",
        "price_unit": "G"
      },
      {
        "state": "VIC",
        "price": "550",
        "price_per_unit": "183",
        "price_unit": "G"
      },
      {
        "state": "QLD",
        "price": "550",
        "price_per_unit": "183",
        "price_unit": "G"
      },
      {
        "state": "WA",
        "price": "550",
        "price_per_unit": "183",
        "price_unit": "G"
      },
      {
        "state": "SA",
        "price": "550",
        "price_per_unit": "183",
        "price_unit": "G"
      },
      {
        "state": "TAS",
        "price": "550",
        "price_per_unit": "183",
        "price_unit": "G"
      },
      {
        "state": "ACT",
        "price": "550",
        "price_per_unit": "183",
        "price_unit": "G"
      },
      {
        "state": "ACT",
        "price": "550",
        "price_per_unit": "183",
        "price_unit": "G"
      },
      {
        "state": "NT",
        "price": "550",
        "price_per_unit": "183",
        "price_unit": "G"
      }
    ]
  },
  {
    "source_url": "https://www.woolworths.com.au/shop/productdetails/803910/khao-shong-wasabi-coated-green-peas",
    "name": "Khao Shong Wasabi Coated Green Peas 280g",
    "image_url": "https://cdn1.woolworths.media/content/wowproductimages/large/803910.jpg",
    "source_id": "Woolworths - 803910",
    "barcode": "8850043324647",
    "shop": "Woolworths",
    "weight": "1KG",
    "prices": [
      {
        "state": "NSW",
        "price": "750",
        "price_per_unit": "2679",
        "price_unit": "KG"
      },
      {
        "state": "VIC",
        "price": "750",
        "price_per_unit": "2679",
        "price_unit": "KG"
      },
      {
        "state": "QLD",
        "price": "750",
        "price_per_unit": "2679",
        "price_unit": "KG"
      },
      {
        "state": "WA",
        "price": "750",
        "price_per_unit": "2679",
        "price_unit": "KG"
      },
      {
        "state": "SA",
        "price": "750",
        "price_per_unit": "2679",
        "price_unit": "KG"
      },
      {
        "state": "TAS",
        "price": "750",
        "price_per_unit": "2679",
        "price_unit": "KG"
      },
      {
        "state": "ACT",
        "price": "750",
        "price_per_unit": "2679",
        "price_unit": "KG"
      },
      {
        "state": "ACT",
        "price": "750",
        "price_per_unit": "2679",
        "price_unit": "KG"
      },
      {
        "state": "NT",
        "price": "750",
        "price_per_unit": "2679",
        "price_unit": "KG"
      }
    ]
  },
  {
    "source_url": "https://www.woolworths.com.au/shop/productdetails/398870/kido-dai-fuku-mochi-banana",
    "name": "Kido Dai-Fuku Mochi Banana 150g",
    "image_url": "https://cdn1.woolworths.media/content/wowproductimages/large/398870.jpg",
    "source_id": "Woolworths - 398870",
    "barcode": "9329521002760",
    "shop": "Woolworths",
    "weight": "100G",
    "prices": [
      {
        "state": "NSW",
        "price": "550",
        "price_per_unit": "367",
        "price_unit": "G"
      },
      {
        "state": "VIC",
        "price": "550",
        "price_per_unit": "367",
        "price_unit": "G"
      },
      {
        "state": "QLD",
        "price": "550",
        "price_per_unit": "367",
        "price_unit": "G"
      },
      {
        "state": "WA",
        "price": "550",
        "price_per_unit": "367",
        "price_unit": "G"
      },
      {
        "state": "SA",
        "price": "550",
        "price_per_unit": "367",
        "price_unit": "G"
      },
      {
        "state": "TAS",
        "price": "550",
        "price_per_unit": "367",
        "price_unit": "G"
      },
      {
        "state": "ACT",
        "price": "550",
        "price_per_unit": "367",
        "price_unit": "G"
      },
      {
        "state": "ACT",
        "price": "550",
        "price_per_unit": "367",
        "price_unit": "G"
      },
      {
        "state": "NT",
        "price": "550",
        "price_per_unit": "367",
        "price_unit": "G"
      }
    ]
  },
  {
    "source_url": "https://www.woolworths.com.au/shop/productdetails/319315/kido-daifuku-mochi-strawberry",
    "name": "Kido Daifuku Mochi Strawberry 150g",
    "image_url": "https://cdn1.woolworths.media/content/wowproductimages/large/319315.jpg",
    "source_id": "Woolworths - 319315",
    "barcode": "9329521002791",
    "shop": "Woolworths",
    "weight": "100G",
    "prices": [
      {
        "state": "NSW",
        "price": "550",
        "price_per_unit": "367",
        "price_unit": "G"
      },
      {
        "state": "VIC",
        "price": "550",
        "price_per_unit": "367",
        "price_unit": "G"
      },
      {
        "state": "QLD",
        "price": "550",
        "price_per_unit": "367",
        "price_unit": "G"
      },
      {
        "state": "WA",
        "price": "550",
        "price_per_unit": "367",
        "price_unit": "G"
      },
      {
        "state": "SA",
        "price": "550",
        "price_per_unit": "367",
        "price_unit": "G"
      },
      {
        "state": "TAS",
        "price": "550",
        "price_per_unit": "367",
        "price_unit": "G"
      },
      {
        "state": "ACT",
        "price": "550",
        "price_per_unit": "367",
        "price_unit": "G"
      },
      {
        "state": "ACT",
        "price": "550",
        "price_per_unit": "367",
        "price_unit": "G"
      },
      {
        "state": "NT",
        "price": "550",
        "price_per_unit": "367",
        "price_unit": "G"
      }
    ]
  },
  {
    "source_url": "https://www.woolworths.com.au/shop/productdetails/333794/kikkoman-dashi-tsuyu-japanese-soup-base-sauce",
    "name": "Kikkoman Dashi Tsuyu Japanese Soup Base Sauce 150ml",
    "image_url": "https://cdn1.woolworths.media/content/wowproductimages/large/333794.jpg",
    "source_id": "Woolworths - 333794",
    "barcode": "4901515009846",
    "shop": "Woolworths",
    "weight": "100ML",
    "prices": [
      {
        "state": "NSW",
        "price": "280",
        "price_per_unit": "187",
        "price_unit": "ML"
      },
      {
        "state": "VIC",
        "price": "280",
        "price_per_unit": "187",
        "price_unit": "ML"
      },
      {
        "state": "QLD",
        "price": "280",
        "price_per_unit": "187",
        "price_unit": "ML"
      },
      {
        "state": "WA",
        "price": "280",
        "price_per_unit": "187",
        "price_unit": "ML"
      },
      {
        "state": "SA",
        "price": "280",
        "price_per_unit": "187",
        "price_unit": "ML"
      },
      {
        "state": "TAS",
        "price": "280",
        "price_per_unit": "187",
        "price_unit": "ML"
      },
      {
        "state": "ACT",
        "price": "280",
        "price_per_unit": "187",
        "price_unit": "ML"
      },
      {
        "state": "ACT",
        "price": "280",
        "price_per_unit": "187",
        "price_unit": "ML"
      },
      {
        "state": "NT",
        "price": "280",
        "price_per_unit": "187",
        "price_unit": "ML"
      }
    ]
  },
  {
    "source_url": "https://www.woolworths.com.au/shop/productdetails/180307/kikkoman-gluten-free-tonkatsu-sauce",
    "name": "Kikkoman Gluten Free Tonkatsu Sauce 235g",
    "image_url": "https://cdn1.woolworths.media/content/wowproductimages/large/180307.jpg",
    "source_id": "Woolworths - 180307",
    "barcode": "4901515006678",
    "shop": "Woolworths",
    "weight": "100G",
    "prices": [
      {
        "state": "NSW",
        "price": "280",
        "price_per_unit": "119",
        "price_unit": "G"
      },
      {
        "state": "VIC",
        "price": "280",
        "price_per_unit": "119",
        "price_unit": "G"
      },
      {
        "state": "QLD",
        "price": "280",
        "price_per_unit": "119",
        "price_unit": "G"
      },
      {
        "state": "WA",
        "price": "280",
        "price_per_unit": "119",
        "price_unit": "G"
      },
      {
        "state": "TAS",
        "price": "280",
        "price_per_unit": "119",
        "price_unit": "G"
      },
      {
        "state": "ACT",
        "price": "280",
        "price_per_unit": "119",
        "price_unit": "G"
      },
      {
        "state": "ACT",
        "price": "280",
        "price_per_unit": "119",
        "price_unit": "G"
      },
      {
        "state": "NT",
        "price": "280",
        "price_per_unit": "119",
        "price_unit": "G"
      }
    ]
  },
  {
    "source_url": "https://www.woolworths.com.au/shop/productdetails/333415/kikkoman-gyoza-dumpling-dipping-sauce",
    "name": "Kikkoman Gyoza Dumpling Dipping Sauce 150ml",
    "image_url": "https://cdn1.woolworths.media/content/wowproductimages/large/333415.jpg",
    "source_id": "Woolworths - 333415",
    "barcode": "4901515009839",
    "shop": "Woolworths",
    "weight": "100ML",
    "prices": [
      {
        "state": "NSW",
        "price": "280",
        "price_per_unit": "187",
        "price_unit": "ML"
      },
      {
        "state": "VIC",
        "price": "280",
        "price_per_unit": "187",
        "price_unit": "ML"
      },
      {
        "state": "QLD",
        "price": "280",
        "price_per_unit": "187",
        "price_unit": "ML"
      },
      {
        "state": "WA",
        "price": "280",
        "price_per_unit": "187",
        "price_unit": "ML"
      },
      {
        "state": "SA",
        "price": "280",
        "price_per_unit": "187",
        "price_unit": "ML"
      },
      {
        "state": "TAS",
        "price": "280",
        "price_per_unit": "187",
        "price_unit": "ML"
      },
      {
        "state": "ACT",
        "price": "280",
        "price_per_unit": "187",
        "price_unit": "ML"
      },
      {
        "state": "ACT",
        "price": "280",
        "price_per_unit": "187",
        "price_unit": "ML"
      },
      {
        "state": "NT",
        "price": "280",
        "price_per_unit": "187",
        "price_unit": "ML"
      }
    ]
  },
  {
    "source_url": "https://www.woolworths.com.au/shop/productdetails/1074032799/kikkoman-soy-sauce-2l-x-2",
    "name": "Kikkoman Soy Sauce 2L x 2",
    "image_url": "https://cdn1.woolworths.media/content/wowproductimages/large/1074032799.jpg",
    "source_id": "Woolworths - 1074032799",
    "barcode": null,
    "shop": "Woolworths",
    "weight": "1EA",
    "prices": [
      {
        "state": "NSW",
        "price": "5179",
        "price_per_unit": "2590",
        "price_unit": "EA"
      },
      {
        "state": "VIC",
        "price": "5179",
        "price_per_unit": "2590",
        "price_unit": "EA"
      },
      {
        "state": "QLD",
        "price": "5179",
        "price_per_unit": "2590",
        "price_unit": "EA"
      },
      {
        "state": "WA",
        "price": "5179",
        "price_per_unit": "2590",
        "price_unit": "EA"
      },
      {
        "state": "SA",
        "price": "5179",
        "price_per_unit": "2590",
        "price_unit": "EA"
      },
      {
        "state": "TAS",
        "price": "5179",
        "price_per_unit": "2590",
        "price_unit": "EA"
      },
      {
        "state": "ACT",
        "price": "5179",
        "price_per_unit": "2590",
        "price_unit": "EA"
      },
      {
        "state": "ACT",
        "price": "5179",
        "price_per_unit": "2590",
        "price_unit": "EA"
      },
      {
        "state": "NT",
        "price": "5179",
        "price_per_unit": "2590",
        "price_unit": "EA"
      }
    ]
  },
  {
    "source_url": "https://www.woolworths.com.au/shop/productdetails/334522/kikkoman-sushi-sashimi-soy-sauce",
    "name": "Kikkoman Sushi Sashimi Soy Sauce 150ml",
    "image_url": "https://cdn1.woolworths.media/content/wowproductimages/large/334522.jpg",
    "source_id": "Woolworths - 334522",
    "barcode": "4901515009853",
    "shop": "Woolworths",
    "weight": "100ML",
    "prices": [
      {
        "state": "NSW",
        "price": "280",
        "price_per_unit": "187",
        "price_unit": "ML"
      },
      {
        "state": "VIC",
        "price": "280",
        "price_per_unit": "187",
        "price_unit": "ML"
      },
      {
        "state": "QLD",
        "price": "280",
        "price_per_unit": "187",
        "price_unit": "ML"
      },
      {
        "state": "WA",
        "price": "280",
        "price_per_unit": "187",
        "price_unit": "ML"
      },
      {
        "state": "SA",
        "price": "280",
        "price_per_unit": "187",
        "price_unit": "ML"
      },
      {
        "state": "TAS",
        "price": "280",
        "price_per_unit": "187",
        "price_unit": "ML"
      },
      {
        "state": "ACT",
        "price": "280",
        "price_per_unit": "187",
        "price_unit": "ML"
      },
      {
        "state": "ACT",
        "price": "280",
        "price_per_unit": "187",
        "price_unit": "ML"
      },
      {
        "state": "NT",
        "price": "400",
        "price_per_unit": "267",
        "price_unit": "ML"
      }
    ]
  },
  {
    "source_url": "https://www.woolworths.com.au/shop/productdetails/234030/kikkoman-sweet-chilli-dipping-sauce-gluten-free",
    "name": "Kikkoman Sweet Chilli Dipping Sauce Gluten Free 250g",
    "image_url": "https://cdn1.woolworths.media/content/wowproductimages/large/234030.jpg",
    "source_id": "Woolworths - 234030",
    "barcode": "4901515006647",
    "shop": "Woolworths",
    "weight": "100G",
    "prices": [
      {
        "state": "NSW",
        "price": "280",
        "price_per_unit": "112",
        "price_unit": "G"
      },
      {
        "state": "VIC",
        "price": "280",
        "price_per_unit": "112",
        "price_unit": "G"
      },
      {
        "state": "QLD",
        "price": "280",
        "price_per_unit": "112",
        "price_unit": "G"
      },
      {
        "state": "WA",
        "price": "280",
        "price_per_unit": "112",
        "price_unit": "G"
      },
      {
        "state": "SA",
        "price": "280",
        "price_per_unit": "112",
        "price_unit": "G"
      },
      {
        "state": "TAS",
        "price": "280",
        "price_per_unit": "112",
        "price_unit": "G"
      },
      {
        "state": "ACT",
        "price": "280",
        "price_per_unit": "112",
        "price_unit": "G"
      },
      {
        "state": "ACT",
        "price": "280",
        "price_per_unit": "112",
        "price_unit": "G"
      },
      {
        "state": "NT",
        "price": "280",
        "price_per_unit": "112",
        "price_unit": "G"
      }
    ]
  },
  {
    "source_url": "https://www.woolworths.com.au/shop/productdetails/318603/kikkoman-tamari-soy-sauce",
    "name": "Kikkoman Tamari Soy Sauce 250ml",
    "image_url": "https://cdn1.woolworths.media/content/wowproductimages/large/318603.jpg",
    "source_id": "Woolworths - 318603",
    "barcode": "41390008009",
    "shop": "Woolworths",
    "weight": "100ML",
    "prices": [
      {
        "state": "NSW",
        "price": "590",
        "price_per_unit": "236",
        "price_unit": "ML"
      },
      {
        "state": "VIC",
        "price": "590",
        "price_per_unit": "236",
        "price_unit": "ML"
      },
      {
        "state": "QLD",
        "price": "590",
        "price_per_unit": "236",
        "price_unit": "ML"
      },
      {
        "state": "WA",
        "price": "590",
        "price_per_unit": "236",
        "price_unit": "ML"
      },
      {
        "state": "SA",
        "price": "590",
        "price_per_unit": "236",
        "price_unit": "ML"
      },
      {
        "state": "TAS",
        "price": "590",
        "price_per_unit": "236",
        "price_unit": "ML"
      },
      {
        "state": "ACT",
        "price": "590",
        "price_per_unit": "236",
        "price_unit": "ML"
      },
      {
        "state": "ACT",
        "price": "630",
        "price_per_unit": "252",
        "price_unit": "ML"
      },
      {
        "state": "NT",
        "price": "590",
        "price_per_unit": "236",
        "price_unit": "ML"
      }
    ]
  },
  {
    "source_url": "https://www.woolworths.com.au/shop/productdetails/234226/kikkoman-thick-teriyaki-sauce-gluten-free",
    "name": "Kikkoman Thick Teriyaki Sauce Gluten Free 240g",
    "image_url": "https://cdn1.woolworths.media/content/wowproductimages/large/234226.jpg",
    "source_id": "Woolworths - 234226",
    "barcode": "4901515007637",
    "shop": "Woolworths",
    "weight": "100G",
    "prices": [
      {
        "state": "NSW",
        "price": "280",
        "price_per_unit": "117",
        "price_unit": "G"
      },
      {
        "state": "VIC",
        "price": "280",
        "price_per_unit": "117",
        "price_unit": "G"
      },
      {
        "state": "QLD",
        "price": "280",
        "price_per_unit": "117",
        "price_unit": "G"
      },
      {
        "state": "WA",
        "price": "280",
        "price_per_unit": "117",
        "price_unit": "G"
      },
      {
        "state": "SA",
        "price": "280",
        "price_per_unit": "117",
        "price_unit": "G"
      },
      {
        "state": "TAS",
        "price": "280",
        "price_per_unit": "117",
        "price_unit": "G"
      },
      {
        "state": "ACT",
        "price": "280",
        "price_per_unit": "117",
        "price_unit": "G"
      },
      {
        "state": "ACT",
        "price": "280",
        "price_per_unit": "117",
        "price_unit": "G"
      },
      {
        "state": "NT",
        "price": "280",
        "price_per_unit": "117",
        "price_unit": "G"
      }
    ]
  },
  {
    "source_url": "https://www.woolworths.com.au/shop/productdetails/673015/kimura-ramune-lemonade",
    "name": "Kimura Ramune Lemonade 200ml",
    "image_url": "https://cdn1.woolworths.media/content/wowproductimages/large/673015.jpg",
    "source_id": "Woolworths - 673015",
    "barcode": "9317523346418",
    "shop": "Woolworths",
    "weight": "1L",
    "prices": [
      {
        "state": "NSW",
        "price": "300",
        "price_per_unit": "1500",
        "price_unit": "L"
      },
      {
        "state": "VIC",
        "price": "300",
        "price_per_unit": "1500",
        "price_unit": "L"
      },
      {
        "state": "QLD",
        "price": "300",
        "price_per_unit": "1500",
        "price_unit": "L"
      },
      {
        "state": "WA",
        "price": "300",
        "price_per_unit": "1500",
        "price_unit": "L"
      },
      {
        "state": "TAS",
        "price": "300",
        "price_per_unit": "1500",
        "price_unit": "L"
      },
      {
        "state": "ACT",
        "price": "300",
        "price_per_unit": "1500",
        "price_unit": "L"
      },
      {
        "state": "ACT",
        "price": "300",
        "price_per_unit": "1500",
        "price_unit": "L"
      },
      {
        "state": "NT",
        "price": "300",
        "price_per_unit": "1500",
        "price_unit": "L"
      }
    ]
  },
  {
    "source_url": "https://www.woolworths.com.au/shop/productdetails/485271/knorr-chicken-broth-powder",
    "name": "Knorr Chicken Broth Powder 1kg",
    "image_url": "https://cdn1.woolworths.media/content/wowproductimages/large/485271.jpg",
    "source_id": "Woolworths - 485271",
    "barcode": "8886467046315",
    "shop": "Woolworths",
    "weight": "1KG",
    "prices": [
      {
        "state": "NSW",
        "price": "925",
        "price_per_unit": "925",
        "price_unit": "KG"
      },
      {
        "state": "VIC",
        "price": "925",
        "price_per_unit": "925",
        "price_unit": "KG"
      },
      {
        "state": "QLD",
        "price": "925",
        "price_per_unit": "925",
        "price_unit": "KG"
      },
      {
        "state": "WA",
        "price": "925",
        "price_per_unit": "925",
        "price_unit": "KG"
      },
      {
        "state": "SA",
        "price": "925",
        "price_per_unit": "925",
        "price_unit": "KG"
      },
      {
        "state": "TAS",
        "price": "1850",
        "price_per_unit": "1850",
        "price_unit": "KG"
      },
      {
        "state": "ACT",
        "price": "1850",
        "price_per_unit": "1850",
        "price_unit": "KG"
      },
      {
        "state": "ACT",
        "price": "1850",
        "price_per_unit": "1850",
        "price_unit": "KG"
      },
      {
        "state": "NT",
        "price": "1850",
        "price_per_unit": "1850",
        "price_unit": "KG"
      }
    ]
  },
  {
    "source_url": "https://www.woolworths.com.au/shop/productdetails/359103/knorr-chicken-powder",
    "name": "Knorr Chicken Powder 227g",
    "image_url": "https://cdn1.woolworths.media/content/wowproductimages/large/359103.jpg",
    "source_id": "Woolworths - 359103",
    "barcode": "8886467046339",
    "shop": "Woolworths",
    "weight": "100G",
    "prices": [
      {
        "state": "NSW",
        "price": "800",
        "price_per_unit": "352",
        "price_unit": "G"
      },
      {
        "state": "VIC",
        "price": "800",
        "price_per_unit": "352",
        "price_unit": "G"
      },
      {
        "state": "QLD",
        "price": "800",
        "price_per_unit": "352",
        "price_unit": "G"
      },
      {
        "state": "WA",
        "price": "800",
        "price_per_unit": "352",
        "price_unit": "G"
      },
      {
        "state": "SA",
        "price": "800",
        "price_per_unit": "352",
        "price_unit": "G"
      },
      {
        "state": "TAS",
        "price": "560",
        "price_per_unit": "247",
        "price_unit": "G"
      },
      {
        "state": "ACT",
        "price": "560",
        "price_per_unit": "247",
        "price_unit": "G"
      },
      {
        "state": "ACT",
        "price": "560",
        "price_per_unit": "247",
        "price_unit": "G"
      },
      {
        "state": "NT",
        "price": "560",
        "price_per_unit": "247",
        "price_unit": "G"
      }
    ]
  },
  {
    "source_url": "https://www.woolworths.com.au/shop/productdetails/486803/knorr-chilli-liquid-seasoning",
    "name": "Knorr Chilli Liquid Seasoning 250mL",
    "image_url": "https://cdn1.woolworths.media/content/wowproductimages/large/486803.jpg",
    "source_id": "Woolworths - 486803",
    "barcode": "68400004004",
    "shop": "Woolworths",
    "weight": "100ML",
    "prices": [
      {
        "state": "NSW",
        "price": "280",
        "price_per_unit": "112",
        "price_unit": "ML"
      },
      {
        "state": "VIC",
        "price": "280",
        "price_per_unit": "112",
        "price_unit": "ML"
      },
      {
        "state": "QLD",
        "price": "280",
        "price_per_unit": "112",
        "price_unit": "ML"
      },
      {
        "state": "WA",
        "price": "280",
        "price_per_unit": "112",
        "price_unit": "ML"
      },
      {
        "state": "SA",
        "price": "280",
        "price_per_unit": "112",
        "price_unit": "ML"
      },
      {
        "state": "TAS",
        "price": "350",
        "price_per_unit": "140",
        "price_unit": "ML"
      },
      {
        "state": "ACT",
        "price": "350",
        "price_per_unit": "140",
        "price_unit": "ML"
      },
      {
        "state": "ACT",
        "price": "350",
        "price_per_unit": "140",
        "price_unit": "ML"
      },
      {
        "state": "NT",
        "price": "350",
        "price_per_unit": "140",
        "price_unit": "ML"
      }
    ]
  },
  {
    "source_url": "https://www.woolworths.com.au/shop/productdetails/519375/knorr-liquid-seasoning",
    "name": "Knorr Liquid Seasoning 835ml",
    "image_url": "https://cdn1.woolworths.media/content/wowproductimages/large/519375.jpg",
    "source_id": "Woolworths - 519375",
    "barcode": "4892218063313",
    "shop": "Woolworths",
    "weight": "100ML",
    "prices": [
      {
        "state": "NSW",
        "price": "1300",
        "price_per_unit": "156",
        "price_unit": "ML"
      },
      {
        "state": "VIC",
        "price": "1300",
        "price_per_unit": "156",
        "price_unit": "ML"
      },
      {
        "state": "QLD",
        "price": "1300",
        "price_per_unit": "156",
        "price_unit": "ML"
      },
      {
        "state": "WA",
        "price": "1300",
        "price_per_unit": "156",
        "price_unit": "ML"
      },
      {
        "state": "SA",
        "price": "1300",
        "price_per_unit": "156",
        "price_unit": "ML"
      },
      {
        "state": "TAS",
        "price": "1300",
        "price_per_unit": "156",
        "price_unit": "ML"
      },
      {
        "state": "ACT",
        "price": "1300",
        "price_per_unit": "156",
        "price_unit": "ML"
      },
      {
        "state": "NT",
        "price": "1300",
        "price_per_unit": "156",
        "price_unit": "ML"
      }
    ]
  },
  {
    "source_url": "https://www.woolworths.com.au/shop/productdetails/486647/knorr-liquid-seasoning-original",
    "name": "Knorr Liquid Seasoning Original 250mL",
    "image_url": "https://cdn1.woolworths.media/content/wowproductimages/large/486647.jpg",
    "source_id": "Woolworths - 486647",
    "barcode": "68400521266",
    "shop": "Woolworths",
    "weight": "100ML",
    "prices": [
      {
        "state": "NSW",
        "price": "280",
        "price_per_unit": "112",
        "price_unit": "ML"
      },
      {
        "state": "VIC",
        "price": "280",
        "price_per_unit": "112",
        "price_unit": "ML"
      },
      {
        "state": "QLD",
        "price": "280",
        "price_per_unit": "112",
        "price_unit": "ML"
      },
      {
        "state": "WA",
        "price": "280",
        "price_per_unit": "112",
        "price_unit": "ML"
      },
      {
        "state": "SA",
        "price": "280",
        "price_per_unit": "112",
        "price_unit": "ML"
      },
      {
        "state": "TAS",
        "price": "350",
        "price_per_unit": "140",
        "price_unit": "ML"
      },
      {
        "state": "ACT",
        "price": "350",
        "price_per_unit": "140",
        "price_unit": "ML"
      },
      {
        "state": "ACT",
        "price": "350",
        "price_per_unit": "140",
        "price_unit": "ML"
      },
      {
        "state": "NT",
        "price": "350",
        "price_per_unit": "140",
        "price_unit": "ML"
      }
    ]
  },
  {
    "source_url": "https://www.woolworths.com.au/shop/productdetails/364822/koh-kae-snacks-peanuts-coconut-coated",
    "name": "Koh Kae Snacks Peanuts Coconut Coated 265g",
    "image_url": "https://cdn1.woolworths.media/content/wowproductimages/large/364822.jpg",
    "source_id": "Woolworths - 364822",
    "barcode": "8852023664248",
    "shop": "Woolworths",
    "weight": "1KG",
    "prices": [
      {
        "state": "NSW",
        "price": "500",
        "price_per_unit": "1887",
        "price_unit": "KG"
      },
      {
        "state": "VIC",
        "price": "500",
        "price_per_unit": "1887",
        "price_unit": "KG"
      },
      {
        "state": "QLD",
        "price": "500",
        "price_per_unit": "1887",
        "price_unit": "KG"
      },
      {
        "state": "WA",
        "price": "500",
        "price_per_unit": "1887",
        "price_unit": "KG"
      },
      {
        "state": "SA",
        "price": "500",
        "price_per_unit": "1887",
        "price_unit": "KG"
      },
      {
        "state": "TAS",
        "price": "500",
        "price_per_unit": "1887",
        "price_unit": "KG"
      },
      {
        "state": "ACT",
        "price": "500",
        "price_per_unit": "1887",
        "price_unit": "KG"
      },
      {
        "state": "ACT",
        "price": "500",
        "price_per_unit": "1887",
        "price_unit": "KG"
      },
      {
        "state": "NT",
        "price": "500",
        "price_per_unit": "1887",
        "price_unit": "KG"
      }
    ]
  },
  {
    "source_url": "https://www.woolworths.com.au/shop/productdetails/9105/kong-foo-sing-snacks-fortune-cookies",
    "name": "Kong Foo Sing Snacks Fortune Cookies 100g",
    "image_url": "https://cdn1.woolworths.media/content/wowproductimages/large/009105.jpg",
    "source_id": "Woolworths - 9105",
    "barcode": "9311994001159",
    "shop": "Woolworths",
    "weight": "100G",
    "prices": [
      {
        "state": "NSW",
        "price": "520",
        "price_per_unit": "520",
        "price_unit": "G"
      },
      {
        "state": "VIC",
        "price": "520",
        "price_per_unit": "520",
        "price_unit": "G"
      },
      {
        "state": "QLD",
        "price": "520",
        "price_per_unit": "520",
        "price_unit": "G"
      },
      {
        "state": "WA",
        "price": "520",
        "price_per_unit": "520",
        "price_unit": "G"
      },
      {
        "state": "SA",
        "price": "520",
        "price_per_unit": "520",
        "price_unit": "G"
      },
      {
        "state": "TAS",
        "price": "520",
        "price_per_unit": "520",
        "price_unit": "G"
      },
      {
        "state": "ACT",
        "price": "520",
        "price_per_unit": "520",
        "price_unit": "G"
      },
      {
        "state": "ACT",
        "price": "520",
        "price_per_unit": "520",
        "price_unit": "G"
      },
      {
        "state": "NT",
        "price": "520",
        "price_per_unit": "520",
        "price_unit": "G"
      }
    ]
  },
  {
    "source_url": "https://www.woolworths.com.au/shop/productdetails/803707/lady-s-choice-sandwich-spread",
    "name": "Lady's Choice Sandwich Spread 470ml",
    "image_url": "https://cdn1.woolworths.media/content/wowproductimages/large/803707.jpg",
    "source_id": "Woolworths - 803707",
    "barcode": "4808680020952",
    "shop": "Woolworths",
    "weight": "100ML",
    "prices": [
      null
    ]
  },
  {
    "source_url": "https://www.woolworths.com.au/shop/productdetails/803708/lady-s-choice-tuna-spread",
    "name": "Lady's Choice Tuna Spread 470ml",
    "image_url": "https://cdn1.woolworths.media/content/wowproductimages/large/803708.jpg",
    "source_id": "Woolworths - 803708",
    "barcode": "4808680022307",
    "shop": "Woolworths",
    "weight": "100ML",
    "prices": [
      null
    ]
  },
  {
    "source_url": "https://www.woolworths.com.au/shop/productdetails/857199/laoganma-crispy-chilli-oil-sauce",
    "name": "Laoganma Crispy Chilli Oil 210g",
    "image_url": "https://cdn1.woolworths.media/content/wowproductimages/large/857199.jpg",
    "source_id": "Woolworths - 857199",
    "barcode": "6921804700269",
    "shop": "Woolworths",
    "weight": "100G",
    "prices": [
      {
        "state": "NSW",
        "price": "440",
        "price_per_unit": "210",
        "price_unit": "G"
      },
      {
        "state": "VIC",
        "price": "440",
        "price_per_unit": "210",
        "price_unit": "G"
      },
      {
        "state": "QLD",
        "price": "440",
        "price_per_unit": "210",
        "price_unit": "G"
      },
      {
        "state": "WA",
        "price": "440",
        "price_per_unit": "210",
        "price_unit": "G"
      },
      {
        "state": "SA",
        "price": "440",
        "price_per_unit": "210",
        "price_unit": "G"
      },
      {
        "state": "TAS",
        "price": "440",
        "price_per_unit": "210",
        "price_unit": "G"
      },
      {
        "state": "ACT",
        "price": "440",
        "price_per_unit": "210",
        "price_unit": "G"
      },
      {
        "state": "NT",
        "price": "440",
        "price_per_unit": "210",
        "price_unit": "G"
      }
    ]
  },
  {
    "source_url": "https://www.woolworths.com.au/shop/productdetails/15226/lee-kum-kee-cantonese-chicken-ready-sauce",
    "name": "Lee Kum Kee Cantonese Chicken Ready Sauce 120g",
    "image_url": "https://cdn1.woolworths.media/content/wowproductimages/large/015226.jpg",
    "source_id": "Woolworths - 15226",
    "barcode": "78895122893",
    "shop": "Woolworths",
    "weight": "100G",
    "prices": [
      {
        "state": "NSW",
        "price": "270",
        "price_per_unit": "225",
        "price_unit": "G"
      },
      {
        "state": "VIC",
        "price": "270",
        "price_per_unit": "225",
        "price_unit": "G"
      },
      {
        "state": "QLD",
        "price": "270",
        "price_per_unit": "225",
        "price_unit": "G"
      },
      {
        "state": "WA",
        "price": "270",
        "price_per_unit": "225",
        "price_unit": "G"
      },
      {
        "state": "SA",
        "price": "270",
        "price_per_unit": "225",
        "price_unit": "G"
      },
      {
        "state": "TAS",
        "price": "270",
        "price_per_unit": "225",
        "price_unit": "G"
      },
      {
        "state": "ACT",
        "price": "270",
        "price_per_unit": "225",
        "price_unit": "G"
      },
      {
        "state": "NT",
        "price": "270",
        "price_per_unit": "225",
        "price_unit": "G"
      }
    ]
  },
  {
    "source_url": "https://www.woolworths.com.au/shop/productdetails/862908/lee-kum-kee-gluten-free-soy-sauce-soy-sauce",
    "name": "Lee Kum Kee Gluten Free Soy Sauce Soy Sauce 250ml",
    "image_url": "https://cdn1.woolworths.media/content/wowproductimages/large/862908.jpg",
    "source_id": "Woolworths - 862908",
    "barcode": "78895144673",
    "shop": "Woolworths",
    "weight": "100ML",
    "prices": [
      {
        "state": "NSW",
        "price": "365",
        "price_per_unit": "146",
        "price_unit": "ML"
      },
      {
        "state": "VIC",
        "price": "365",
        "price_per_unit": "146",
        "price_unit": "ML"
      },
      {
        "state": "QLD",
        "price": "365",
        "price_per_unit": "146",
        "price_unit": "ML"
      },
      {
        "state": "WA",
        "price": "365",
        "price_per_unit": "146",
        "price_unit": "ML"
      },
      {
        "state": "SA",
        "price": "365",
        "price_per_unit": "146",
        "price_unit": "ML"
      },
      {
        "state": "TAS",
        "price": "430",
        "price_per_unit": "172",
        "price_unit": "ML"
      },
      {
        "state": "ACT",
        "price": "430",
        "price_per_unit": "172",
        "price_unit": "ML"
      },
      {
        "state": "NT",
        "price": "430",
        "price_per_unit": "172",
        "price_unit": "ML"
      }
    ]
  },
  {
    "source_url": "https://www.woolworths.com.au/shop/productdetails/74999/lee-kum-kee-gold-label-soy-sauce",
    "name": "Lee Kum Kee Gold Label Soy Sauce 1.75l",
    "image_url": "https://cdn1.woolworths.media/content/wowproductimages/large/074999.jpg",
    "source_id": "Woolworths - 74999",
    "barcode": "78895152852",
    "shop": "Woolworths",
    "weight": "100ML",
    "prices": [
      {
        "state": "VIC",
        "price": "1300",
        "price_per_unit": "74",
        "price_unit": "ML"
      },
      {
        "state": "QLD",
        "price": "1300",
        "price_per_unit": "74",
        "price_unit": "ML"
      },
      {
        "state": "WA",
        "price": "1300",
        "price_per_unit": "74",
        "price_unit": "ML"
      },
      null,
      null,
      {
        "state": "NT",
        "price": "1300",
        "price_per_unit": "74",
        "price_unit": "ML"
      }
    ]
  },
  {
    "source_url": "https://www.woolworths.com.au/shop/productdetails/346578/lee-kum-kee-gold-label-soy-sauce",
    "name": "Lee Kum Kee Gold Label Soy Sauce 500ml",
    "image_url": "https://cdn1.woolworths.media/content/wowproductimages/large/346578.jpg",
    "source_id": "Woolworths - 346578",
    "barcode": "78895165111",
    "shop": "Woolworths",
    "weight": "100ML",
    "prices": [
      {
        "state": "NSW",
        "price": "340",
        "price_per_unit": "68",
        "price_unit": "ML"
      },
      {
        "state": "VIC",
        "price": "340",
        "price_per_unit": "68",
        "price_unit": "ML"
      },
      {
        "state": "QLD",
        "price": "340",
        "price_per_unit": "68",
        "price_unit": "ML"
      },
      {
        "state": "WA",
        "price": "340",
        "price_per_unit": "68",
        "price_unit": "ML"
      },
      {
        "state": "SA",
        "price": "340",
        "price_per_unit": "68",
        "price_unit": "ML"
      },
      {
        "state": "TAS",
        "price": "400",
        "price_per_unit": "80",
        "price_unit": "ML"
      },
      {
        "state": "ACT",
        "price": "400",
        "price_per_unit": "80",
        "price_unit": "ML"
      },
      {
        "state": "NT",
        "price": "400",
        "price_per_unit": "80",
        "price_unit": "ML"
      }
    ]
  },
  {
    "source_url": "https://www.woolworths.com.au/shop/productdetails/238084/lee-kum-kee-honey-soy-stir-fry-sauce",
    "name": "Lee Kum Kee Honey Soy Stir Fry Sauce 268g",
    "image_url": "https://cdn1.woolworths.media/content/wowproductimages/large/238084.jpg",
    "source_id": "Woolworths - 238084",
    "barcode": "78895161489",
    "shop": "Woolworths",
    "weight": "100G",
    "prices": [
      {
        "state": "NSW",
        "price": "440",
        "price_per_unit": "164",
        "price_unit": "G"
      },
      {
        "state": "VIC",
        "price": "440",
        "price_per_unit": "164",
        "price_unit": "G"
      },
      {
        "state": "QLD",
        "price": "440",
        "price_per_unit": "164",
        "price_unit": "G"
      },
      {
        "state": "WA",
        "price": "440",
        "price_per_unit": "164",
        "price_unit": "G"
      },
      {
        "state": "SA",
        "price": "440",
        "price_per_unit": "164",
        "price_unit": "G"
      },
      {
        "state": "TAS",
        "price": "440",
        "price_per_unit": "164",
        "price_unit": "G"
      },
      {
        "state": "ACT",
        "price": "440",
        "price_per_unit": "164",
        "price_unit": "G"
      },
      {
        "state": "NT",
        "price": "440",
        "price_per_unit": "164",
        "price_unit": "G"
      }
    ]
  },
  {
    "source_url": "https://www.woolworths.com.au/shop/productdetails/238029/lee-kum-kee-oyster-stir-fry-sauce",
    "name": "Lee Kum Kee Oyster Stir Fry Sauce 255g",
    "image_url": "https://cdn1.woolworths.media/content/wowproductimages/large/238029.jpg",
    "source_id": "Woolworths - 238029",
    "barcode": "78895156058",
    "shop": "Woolworths",
    "weight": "100G",
    "prices": [
      {
        "state": "NSW",
        "price": "440",
        "price_per_unit": "173",
        "price_unit": "G"
      },
      {
        "state": "VIC",
        "price": "440",
        "price_per_unit": "173",
        "price_unit": "G"
      },
      {
        "state": "QLD",
        "price": "440",
        "price_per_unit": "173",
        "price_unit": "G"
      },
      {
        "state": "WA",
        "price": "440",
        "price_per_unit": "173",
        "price_unit": "G"
      },
      {
        "state": "SA",
        "price": "440",
        "price_per_unit": "173",
        "price_unit": "G"
      },
      {
        "state": "TAS",
        "price": "440",
        "price_per_unit": "173",
        "price_unit": "G"
      },
      {
        "state": "ACT",
        "price": "440",
        "price_per_unit": "173",
        "price_unit": "G"
      },
      {
        "state": "NT",
        "price": "440",
        "price_per_unit": "173",
        "price_unit": "G"
      }
    ]
  },
  {
    "source_url": "https://www.woolworths.com.au/shop/productdetails/65404/lee-kum-kee-panda-brand-sauce-oyster",
    "name": "Lee Kum Kee Panda Brand Sauce Oyster 255g",
    "image_url": "https://cdn1.woolworths.media/content/wowproductimages/large/065404.jpg",
    "source_id": "Woolworths - 65404",
    "barcode": "78895300017",
    "shop": "Woolworths",
    "weight": "100G",
    "prices": [
      {
        "state": "NSW",
        "price": "365",
        "price_per_unit": "143",
        "price_unit": "G"
      },
      {
        "state": "VIC",
        "price": "365",
        "price_per_unit": "143",
        "price_unit": "G"
      },
      {
        "state": "QLD",
        "price": "365",
        "price_per_unit": "143",
        "price_unit": "G"
      },
      {
        "state": "WA",
        "price": "365",
        "price_per_unit": "143",
        "price_unit": "G"
      },
      {
        "state": "SA",
        "price": "365",
        "price_per_unit": "143",
        "price_unit": "G"
      },
      {
        "state": "TAS",
        "price": "365",
        "price_per_unit": "143",
        "price_unit": "G"
      },
      {
        "state": "ACT",
        "price": "365",
        "price_per_unit": "143",
        "price_unit": "G"
      },
      {
        "state": "NT",
        "price": "365",
        "price_per_unit": "143",
        "price_unit": "G"
      }
    ]
  },
  {
    "source_url": "https://www.woolworths.com.au/shop/productdetails/324755/lee-kum-kee-paste-coconut-curry-vegetables",
    "name": "Lee Kum Kee Paste Coconut Curry Vegetables 110g",
    "image_url": "https://cdn1.woolworths.media/content/wowproductimages/large/324755.jpg",
    "source_id": "Woolworths - 324755",
    "barcode": "78895125054",
    "shop": "Woolworths",
    "weight": "100G",
    "prices": [
      {
        "state": "NSW",
        "price": "270",
        "price_per_unit": "245",
        "price_unit": "G"
      },
      {
        "state": "VIC",
        "price": "270",
        "price_per_unit": "245",
        "price_unit": "G"
      },
      {
        "state": "QLD",
        "price": "270",
        "price_per_unit": "245",
        "price_unit": "G"
      },
      {
        "state": "WA",
        "price": "270",
        "price_per_unit": "245",
        "price_unit": "G"
      },
      {
        "state": "SA",
        "price": "270",
        "price_per_unit": "245",
        "price_unit": "G"
      },
      {
        "state": "TAS",
        "price": "270",
        "price_per_unit": "245",
        "price_unit": "G"
      },
      {
        "state": "ACT",
        "price": "270",
        "price_per_unit": "245",
        "price_unit": "G"
      },
      {
        "state": "NT",
        "price": "270",
        "price_per_unit": "245",
        "price_unit": "G"
      }
    ]
  },
  {
    "source_url": "https://www.woolworths.com.au/shop/productdetails/502090/lee-kum-kee-premium-dark-soy-sauce",
    "name": "Lee Kum Kee Premium Dark Soy Sauce 250g",
    "image_url": "https://cdn1.woolworths.media/content/wowproductimages/large/502090.jpg",
    "source_id": "Woolworths - 502090",
    "barcode": "78895129625",
    "shop": "Woolworths",
    "weight": "100ML",
    "prices": [
      {
        "state": "NSW",
        "price": "395",
        "price_per_unit": "158",
        "price_unit": "ML"
      },
      {
        "state": "VIC",
        "price": "395",
        "price_per_unit": "158",
        "price_unit": "ML"
      },
      {
        "state": "QLD",
        "price": "395",
        "price_per_unit": "158",
        "price_unit": "ML"
      },
      {
        "state": "WA",
        "price": "395",
        "price_per_unit": "158",
        "price_unit": "ML"
      },
      {
        "state": "SA",
        "price": "395",
        "price_per_unit": "158",
        "price_unit": "ML"
      },
      {
        "state": "TAS",
        "price": "395",
        "price_per_unit": "158",
        "price_unit": "ML"
      },
      {
        "state": "ACT",
        "price": "395",
        "price_per_unit": "158",
        "price_unit": "ML"
      },
      {
        "state": "NT",
        "price": "395",
        "price_per_unit": "158",
        "price_unit": "ML"
      }
    ]
  },
  {
    "source_url": "https://www.woolworths.com.au/shop/productdetails/341297/lee-kum-kee-premium-oyster-sauce",
    "name": "Lee Kum Kee Premium Oyster Sauce 255g",
    "image_url": "https://cdn1.woolworths.media/content/wowproductimages/large/341297.jpg",
    "source_id": "Woolworths - 341297",
    "barcode": "78895100013",
    "shop": "Woolworths",
    "weight": "100G",
    "prices": [
      {
        "state": "NSW",
        "price": "600",
        "price_per_unit": "235",
        "price_unit": "G"
      },
      {
        "state": "VIC",
        "price": "600",
        "price_per_unit": "235",
        "price_unit": "G"
      },
      {
        "state": "QLD",
        "price": "600",
        "price_per_unit": "235",
        "price_unit": "G"
      },
      {
        "state": "WA",
        "price": "600",
        "price_per_unit": "235",
        "price_unit": "G"
      },
      {
        "state": "SA",
        "price": "600",
        "price_per_unit": "235",
        "price_unit": "G"
      },
      {
        "state": "TAS",
        "price": "600",
        "price_per_unit": "235",
        "price_unit": "G"
      },
      {
        "state": "ACT",
        "price": "600",
        "price_per_unit": "235",
        "price_unit": "G"
      },
      {
        "state": "NT",
        "price": "600",
        "price_per_unit": "235",
        "price_unit": "G"
      }
    ]
  },
  {
    "source_url": "https://www.woolworths.com.au/shop/productdetails/38109/lee-kum-kee-sauce-char-siu",
    "name": "Lee Kum Kee Sauce Char Siu 240g",
    "image_url": "https://cdn1.woolworths.media/content/wowproductimages/large/038109.jpg",
    "source_id": "Woolworths - 38109",
    "barcode": "78895740042",
    "shop": "Woolworths",
    "weight": "100G",
    "prices": [
      {
        "state": "NSW",
        "price": "550",
        "price_per_unit": "229",
        "price_unit": "G"
      },
      {
        "state": "VIC",
        "price": "550",
        "price_per_unit": "229",
        "price_unit": "G"
      },
      {
        "state": "QLD",
        "price": "550",
        "price_per_unit": "229",
        "price_unit": "G"
      },
      {
        "state": "WA",
        "price": "550",
        "price_per_unit": "229",
        "price_unit": "G"
      },
      {
        "state": "SA",
        "price": "550",
        "price_per_unit": "229",
        "price_unit": "G"
      },
      {
        "state": "TAS",
        "price": "550",
        "price_per_unit": "229",
        "price_unit": "G"
      },
      {
        "state": "ACT",
        "price": "550",
        "price_per_unit": "229",
        "price_unit": "G"
      },
      {
        "state": "NT",
        "price": "550",
        "price_per_unit": "229",
        "price_unit": "G"
      }
    ]
  },
  {
    "source_url": "https://www.woolworths.com.au/shop/productdetails/702293/lee-kum-kee-sauce-chicken-and-honey-soy",
    "name": "Lee Kum Kee Sauce Chicken And Honey Soy 120g",
    "image_url": "https://cdn1.woolworths.media/content/wowproductimages/large/702293.jpg",
    "source_id": "Woolworths - 702293",
    "barcode": "78895140620",
    "shop": "Woolworths",
    "weight": "100G",
    "prices": [
      {
        "state": "NSW",
        "price": "270",
        "price_per_unit": "225",
        "price_unit": "G"
      },
      {
        "state": "VIC",
        "price": "270",
        "price_per_unit": "225",
        "price_unit": "G"
      },
      {
        "state": "QLD",
        "price": "270",
        "price_per_unit": "225",
        "price_unit": "G"
      },
      {
        "state": "WA",
        "price": "270",
        "price_per_unit": "225",
        "price_unit": "G"
      },
      {
        "state": "SA",
        "price": "270",
        "price_per_unit": "225",
        "price_unit": "G"
      },
      {
        "state": "TAS",
        "price": "270",
        "price_per_unit": "225",
        "price_unit": "G"
      },
      {
        "state": "ACT",
        "price": "270",
        "price_per_unit": "225",
        "price_unit": "G"
      },
      {
        "state": "NT",
        "price": "270",
        "price_per_unit": "225",
        "price_unit": "G"
      }
    ]
  },
  {
    "source_url": "https://www.woolworths.com.au/shop/productdetails/39336/lee-kum-kee-sauce-hoi-sin",
    "name": "Lee Kum Kee Sauce Hoi Sin 240g",
    "image_url": "https://cdn1.woolworths.media/content/wowproductimages/large/039336.jpg",
    "source_id": "Woolworths - 39336",
    "barcode": "78895700015",
    "shop": "Woolworths",
    "weight": "100G",
    "prices": [
      {
        "state": "NSW",
        "price": "450",
        "price_per_unit": "188",
        "price_unit": "G"
      },
      {
        "state": "VIC",
        "price": "450",
        "price_per_unit": "188",
        "price_unit": "G"
      },
      {
        "state": "QLD",
        "price": "450",
        "price_per_unit": "188",
        "price_unit": "G"
      },
      {
        "state": "WA",
        "price": "450",
        "price_per_unit": "188",
        "price_unit": "G"
      },
      {
        "state": "SA",
        "price": "450",
        "price_per_unit": "188",
        "price_unit": "G"
      },
      {
        "state": "TAS",
        "price": "450",
        "price_per_unit": "188",
        "price_unit": "G"
      },
      {
        "state": "ACT",
        "price": "450",
        "price_per_unit": "188",
        "price_unit": "G"
      },
      {
        "state": "NT",
        "price": "450",
        "price_per_unit": "188",
        "price_unit": "G"
      }
    ]
  },
  {
    "source_url": "https://www.woolworths.com.au/shop/productdetails/180527/lee-kum-kee-sauce-mongolian-lamb-ready",
    "name": "Lee Kum Kee Sauce Mongolian Lamb Ready 120g",
    "image_url": "https://cdn1.woolworths.media/content/wowproductimages/large/180527.jpg",
    "source_id": "Woolworths - 180527",
    "barcode": "78895123487",
    "shop": "Woolworths",
    "weight": "100G",
    "prices": [
      {
        "state": "NSW",
        "price": "270",
        "price_per_unit": "225",
        "price_unit": "G"
      },
      {
        "state": "VIC",
        "price": "270",
        "price_per_unit": "225",
        "price_unit": "G"
      },
      {
        "state": "QLD",
        "price": "270",
        "price_per_unit": "225",
        "price_unit": "G"
      },
      {
        "state": "WA",
        "price": "270",
        "price_per_unit": "225",
        "price_unit": "G"
      },
      {
        "state": "SA",
        "price": "270",
        "price_per_unit": "225",
        "price_unit": "G"
      },
      {
        "state": "TAS",
        "price": "270",
        "price_per_unit": "225",
        "price_unit": "G"
      },
      {
        "state": "ACT",
        "price": "270",
        "price_per_unit": "225",
        "price_unit": "G"
      },
      {
        "state": "NT",
        "price": "270",
        "price_per_unit": "225",
        "price_unit": "G"
      }
    ]
  },
  {
    "source_url": "https://www.woolworths.com.au/shop/productdetails/329803/lee-kum-kee-sauce-san-choy-bao",
    "name": "Lee Kum Kee Sauce San Choy Bao 100g",
    "image_url": "https://cdn1.woolworths.media/content/wowproductimages/large/329803.jpg",
    "source_id": "Woolworths - 329803",
    "barcode": "78895137125",
    "shop": "Woolworths",
    "weight": "100G",
    "prices": [
      {
        "state": "NSW",
        "price": "270",
        "price_per_unit": "270",
        "price_unit": "G"
      },
      {
        "state": "VIC",
        "price": "270",
        "price_per_unit": "270",
        "price_unit": "G"
      },
      {
        "state": "QLD",
        "price": "270",
        "price_per_unit": "270",
        "price_unit": "G"
      },
      {
        "state": "WA",
        "price": "270",
        "price_per_unit": "270",
        "price_unit": "G"
      },
      {
        "state": "SA",
        "price": "270",
        "price_per_unit": "270",
        "price_unit": "G"
      },
      {
        "state": "TAS",
        "price": "270",
        "price_per_unit": "270",
        "price_unit": "G"
      },
      {
        "state": "ACT",
        "price": "270",
        "price_per_unit": "270",
        "price_unit": "G"
      },
      {
        "state": "NT",
        "price": "270",
        "price_per_unit": "270",
        "price_unit": "G"
      }
    ]
  },
  {
    "source_url": "https://www.woolworths.com.au/shop/productdetails/258585/lee-kum-kee-sauce-soy-salt-reduced",
    "name": "Lee Kum Kee Sauce Soy Salt Reduced 150ml",
    "image_url": "https://cdn1.woolworths.media/content/wowproductimages/large/258585.jpg",
    "source_id": "Woolworths - 258585",
    "barcode": "78895134186",
    "shop": "Woolworths",
    "weight": "100ML",
    "prices": [
      {
        "state": "NSW",
        "price": "350",
        "price_per_unit": "233",
        "price_unit": "ML"
      },
      {
        "state": "VIC",
        "price": "350",
        "price_per_unit": "233",
        "price_unit": "ML"
      },
      {
        "state": "QLD",
        "price": "350",
        "price_per_unit": "233",
        "price_unit": "ML"
      },
      {
        "state": "WA",
        "price": "350",
        "price_per_unit": "233",
        "price_unit": "ML"
      },
      {
        "state": "SA",
        "price": "350",
        "price_per_unit": "233",
        "price_unit": "ML"
      },
      {
        "state": "TAS",
        "price": "350",
        "price_per_unit": "233",
        "price_unit": "ML"
      },
      {
        "state": "ACT",
        "price": "350",
        "price_per_unit": "233",
        "price_unit": "ML"
      },
      {
        "state": "NT",
        "price": "350",
        "price_per_unit": "233",
        "price_unit": "ML"
      }
    ]
  },
  {
    "source_url": "https://www.woolworths.com.au/shop/productdetails/762239/lee-kum-kee-sauce-stir-fry-hoisin",
    "name": "Lee Kum Kee Sauce Stir Fry Hoisin 260g",
    "image_url": "https://cdn1.woolworths.media/content/wowproductimages/large/762239.jpg",
    "source_id": "Woolworths - 762239",
    "barcode": "78895143034",
    "shop": "Woolworths",
    "weight": "100G",
    "prices": [
      {
        "state": "NSW",
        "price": "440",
        "price_per_unit": "169",
        "price_unit": "G"
      },
      {
        "state": "VIC",
        "price": "440",
        "price_per_unit": "169",
        "price_unit": "G"
      },
      {
        "state": "QLD",
        "price": "440",
        "price_per_unit": "169",
        "price_unit": "G"
      },
      {
        "state": "WA",
        "price": "440",
        "price_per_unit": "169",
        "price_unit": "G"
      },
      {
        "state": "SA",
        "price": "440",
        "price_per_unit": "169",
        "price_unit": "G"
      },
      {
        "state": "TAS",
        "price": "440",
        "price_per_unit": "169",
        "price_unit": "G"
      },
      {
        "state": "ACT",
        "price": "440",
        "price_per_unit": "169",
        "price_unit": "G"
      },
      {
        "state": "NT",
        "price": "440",
        "price_per_unit": "169",
        "price_unit": "G"
      }
    ]
  },
  {
    "source_url": "https://www.woolworths.com.au/shop/productdetails/263288/lee-kum-kee-sauce-teriyaki-beef",
    "name": "Lee Kum Kee Sauce Teriyaki Beef 100g",
    "image_url": "https://cdn1.woolworths.media/content/wowproductimages/large/263288.jpg",
    "source_id": "Woolworths - 263288",
    "barcode": "78895135411",
    "shop": "Woolworths",
    "weight": "100G",
    "prices": [
      {
        "state": "NSW",
        "price": "270",
        "price_per_unit": "270",
        "price_unit": "G"
      },
      {
        "state": "VIC",
        "price": "270",
        "price_per_unit": "270",
        "price_unit": "G"
      },
      {
        "state": "QLD",
        "price": "270",
        "price_per_unit": "270",
        "price_unit": "G"
      },
      {
        "state": "WA",
        "price": "270",
        "price_per_unit": "270",
        "price_unit": "G"
      },
      {
        "state": "SA",
        "price": "270",
        "price_per_unit": "270",
        "price_unit": "G"
      },
      {
        "state": "TAS",
        "price": "270",
        "price_per_unit": "270",
        "price_unit": "G"
      },
      {
        "state": "ACT",
        "price": "270",
        "price_per_unit": "270",
        "price_unit": "G"
      },
      {
        "state": "NT",
        "price": "270",
        "price_per_unit": "270",
        "price_unit": "G"
      }
    ]
  },
  {
    "source_url": "https://www.woolworths.com.au/shop/productdetails/152363/lee-kum-kee-soy-sauce",
    "name": "Lee Kum Kee Soy Sauce 150ml",
    "image_url": "https://cdn1.woolworths.media/content/wowproductimages/large/152363.jpg",
    "source_id": "Woolworths - 152363",
    "barcode": "78895122824",
    "shop": "Woolworths",
    "weight": "100ML",
    "prices": [
      {
        "state": "NSW",
        "price": "350",
        "price_per_unit": "233",
        "price_unit": "ML"
      },
      {
        "state": "VIC",
        "price": "350",
        "price_per_unit": "233",
        "price_unit": "ML"
      },
      {
        "state": "QLD",
        "price": "350",
        "price_per_unit": "233",
        "price_unit": "ML"
      },
      {
        "state": "WA",
        "price": "350",
        "price_per_unit": "233",
        "price_unit": "ML"
      },
      {
        "state": "SA",
        "price": "350",
        "price_per_unit": "233",
        "price_unit": "ML"
      },
      {
        "state": "TAS",
        "price": "350",
        "price_per_unit": "233",
        "price_unit": "ML"
      },
      {
        "state": "ACT",
        "price": "350",
        "price_per_unit": "233",
        "price_unit": "ML"
      },
      {
        "state": "NT",
        "price": "350",
        "price_per_unit": "233",
        "price_unit": "ML"
      }
    ]
  },
  {
    "source_url": "https://www.woolworths.com.au/shop/productdetails/661140/leslie-s-clover-chips",
    "name": "Leslie's Clover Chips 145g",
    "image_url": "https://cdn1.woolworths.media/content/wowproductimages/large/661140.jpg",
    "source_id": "Woolworths - 661140",
    "barcode": "4800216110045",
    "shop": "Woolworths",
    "weight": "100G",
    "prices": [
      {
        "state": "NSW",
        "price": "380",
        "price_per_unit": "262",
        "price_unit": "G"
      },
      {
        "state": "ACT",
        "price": "380",
        "price_per_unit": "262",
        "price_unit": "G"
      }
    ]
  },
  {
    "source_url": "https://www.woolworths.com.au/shop/productdetails/791072/lingham-s-sauce-chilli",
    "name": "Lingham's Sauce Chilli 280g",
    "image_url": "https://cdn1.woolworths.media/content/wowproductimages/large/791072.jpg",
    "source_id": "Woolworths - 791072",
    "barcode": "9556018280015",
    "shop": "Woolworths",
    "weight": "100ML",
    "prices": [
      {
        "state": "NSW",
        "price": "390",
        "price_per_unit": "139",
        "price_unit": "ML"
      },
      {
        "state": "VIC",
        "price": "390",
        "price_per_unit": "139",
        "price_unit": "ML"
      },
      {
        "state": "QLD",
        "price": "390",
        "price_per_unit": "139",
        "price_unit": "ML"
      },
      {
        "state": "WA",
        "price": "390",
        "price_per_unit": "139",
        "price_unit": "ML"
      },
      {
        "state": "SA",
        "price": "390",
        "price_per_unit": "139",
        "price_unit": "ML"
      },
      {
        "state": "TAS",
        "price": "390",
        "price_per_unit": "139",
        "price_unit": "ML"
      },
      {
        "state": "ACT",
        "price": "390",
        "price_per_unit": "139",
        "price_unit": "ML"
      },
      {
        "state": "NT",
        "price": "390",
        "price_per_unit": "139",
        "price_unit": "ML"
      }
    ]
  },
  {
    "source_url": "https://www.woolworths.com.au/shop/productdetails/1076332981/longkow-vermicelli-700g",
    "name": "Longkow Vermicelli 700g",
    "image_url": "https://cdn1.woolworths.media/content/wowproductimages/large/1076332981.jpg",
    "source_id": "Woolworths - 1076332981",
    "barcode": null,
    "shop": "Woolworths",
    "weight": "100G",
    "prices": [
      {
        "state": "NSW",
        "price": "2999",
        "price_per_unit": "428",
        "price_unit": "G"
      },
      {
        "state": "VIC",
        "price": "2999",
        "price_per_unit": "428",
        "price_unit": "G"
      },
      {
        "state": "QLD",
        "price": "2999",
        "price_per_unit": "428",
        "price_unit": "G"
      },
      {
        "state": "WA",
        "price": "2999",
        "price_per_unit": "428",
        "price_unit": "G"
      },
      {
        "state": "SA",
        "price": "2999",
        "price_per_unit": "428",
        "price_unit": "G"
      },
      {
        "state": "TAS",
        "price": "2999",
        "price_per_unit": "428",
        "price_unit": "G"
      },
      {
        "state": "ACT",
        "price": "2999",
        "price_per_unit": "428",
        "price_unit": "G"
      },
      {
        "state": "NT",
        "price": "2999",
        "price_per_unit": "428",
        "price_unit": "G"
      }
    ]
  },
  {
    "source_url": "https://www.woolworths.com.au/shop/productdetails/320645/lotte-chilsung-cider",
    "name": "Lotte Chilsung Cider 250ml x 6 Pack",
    "image_url": "https://cdn1.woolworths.media/content/wowproductimages/large/320645.jpg",
    "source_id": "Woolworths - 320645",
    "barcode": "8801056237431",
    "shop": "Woolworths",
    "weight": "1L",
    "prices": [
      {
        "state": "NSW",
        "price": "900",
        "price_per_unit": "600",
        "price_unit": "L"
      },
      {
        "state": "VIC",
        "price": "900",
        "price_per_unit": "600",
        "price_unit": "L"
      },
      {
        "state": "QLD",
        "price": "900",
        "price_per_unit": "600",
        "price_unit": "L"
      },
      {
        "state": "WA",
        "price": "900",
        "price_per_unit": "600",
        "price_unit": "L"
      },
      {
        "state": "SA",
        "price": "900",
        "price_per_unit": "600",
        "price_unit": "L"
      },
      {
        "state": "TAS",
        "price": "900",
        "price_per_unit": "600",
        "price_unit": "L"
      },
      {
        "state": "ACT",
        "price": "900",
        "price_per_unit": "600",
        "price_unit": "L"
      },
      {
        "state": "NT",
        "price": "900",
        "price_per_unit": "600",
        "price_unit": "L"
      }
    ]
  },
  {
    "source_url": "https://www.woolworths.com.au/shop/productdetails/755366/lotte-choco-pie",
    "name": "Lotte Choco Pie 6 Pack",
    "image_url": "https://cdn1.woolworths.media/content/wowproductimages/large/755366.jpg",
    "source_id": "Woolworths - 755366",
    "barcode": "8801062161881",
    "shop": "Woolworths",
    "weight": "100G",
    "prices": [
      {
        "state": "NSW",
        "price": "450",
        "price_per_unit": "268",
        "price_unit": "G"
      },
      {
        "state": "VIC",
        "price": "450",
        "price_per_unit": "268",
        "price_unit": "G"
      },
      {
        "state": "QLD",
        "price": "450",
        "price_per_unit": "268",
        "price_unit": "G"
      },
      {
        "state": "WA",
        "price": "450",
        "price_per_unit": "268",
        "price_unit": "G"
      },
      {
        "state": "SA",
        "price": "450",
        "price_per_unit": "268",
        "price_unit": "G"
      },
      {
        "state": "TAS",
        "price": "450",
        "price_per_unit": "268",
        "price_unit": "G"
      },
      {
        "state": "ACT",
        "price": "450",
        "price_per_unit": "268",
        "price_unit": "G"
      },
      {
        "state": "NT",
        "price": "450",
        "price_per_unit": "268",
        "price_unit": "G"
      }
    ]
  },
  {
    "source_url": "https://www.woolworths.com.au/shop/productdetails/320687/lotte-milkis-cream-soda",
    "name": "Lotte Milkis Cream Soda 250ml x 6 Pack",
    "image_url": "https://cdn1.woolworths.media/content/wowproductimages/large/320687.jpg",
    "source_id": "Woolworths - 320687",
    "barcode": "8801056237455",
    "shop": "Woolworths",
    "weight": "100ML",
    "prices": [
      {
        "state": "NSW",
        "price": "900",
        "price_per_unit": "60",
        "price_unit": "ML"
      },
      {
        "state": "VIC",
        "price": "900",
        "price_per_unit": "60",
        "price_unit": "ML"
      },
      {
        "state": "QLD",
        "price": "900",
        "price_per_unit": "60",
        "price_unit": "ML"
      },
      {
        "state": "WA",
        "price": "900",
        "price_per_unit": "60",
        "price_unit": "ML"
      },
      {
        "state": "SA",
        "price": "900",
        "price_per_unit": "60",
        "price_unit": "ML"
      },
      {
        "state": "TAS",
        "price": "900",
        "price_per_unit": "60",
        "price_unit": "ML"
      },
      {
        "state": "ACT",
        "price": "900",
        "price_per_unit": "60",
        "price_unit": "ML"
      },
      {
        "state": "NT",
        "price": "900",
        "price_per_unit": "60",
        "price_unit": "ML"
      }
    ]
  },
  {
    "source_url": "https://www.woolworths.com.au/shop/productdetails/1075533367/lotus-organic-millet-hulled-500g",
    "name": "Lotus Organic Millet Hulled 500g",
    "image_url": "https://cdn1.woolworths.media/content/wowproductimages/large/1075533367.jpg",
    "source_id": "Woolworths - 1075533367",
    "barcode": null,
    "shop": "Woolworths",
    "weight": "100G",
    "prices": [
      {
        "state": "NSW",
        "price": "1078",
        "price_per_unit": "216",
        "price_unit": "G"
      },
      {
        "state": "VIC",
        "price": "1078",
        "price_per_unit": "216",
        "price_unit": "G"
      },
      {
        "state": "QLD",
        "price": "1078",
        "price_per_unit": "216",
        "price_unit": "G"
      },
      {
        "state": "WA",
        "price": "1078",
        "price_per_unit": "216",
        "price_unit": "G"
      },
      {
        "state": "SA",
        "price": "1078",
        "price_per_unit": "216",
        "price_unit": "G"
      },
      {
        "state": "TAS",
        "price": "1078",
        "price_per_unit": "216",
        "price_unit": "G"
      },
      {
        "state": "ACT",
        "price": "1078",
        "price_per_unit": "216",
        "price_unit": "G"
      },
      {
        "state": "NT",
        "price": "1078",
        "price_per_unit": "216",
        "price_unit": "G"
      }
    ]
  },
  {
    "source_url": "https://www.woolworths.com.au/shop/productdetails/841791/m-y-san-biscuit-sky-flakes",
    "name": "M.Y. San Biscuit Sky Flakes 250g",
    "image_url": "https://cdn1.woolworths.media/content/wowproductimages/large/841791.jpg",
    "source_id": "Woolworths - 841791",
    "barcode": "750515018235",
    "shop": "Woolworths",
    "weight": "100G",
    "prices": [
      {
        "state": "NSW",
        "price": "350",
        "price_per_unit": "175",
        "price_unit": "G"
      },
      {
        "state": "ACT",
        "price": "350",
        "price_per_unit": "175",
        "price_unit": "G"
      }
    ]
  },
  {
    "source_url": "https://www.woolworths.com.au/shop/productdetails/297000/macro-organic-coconut-cream",
    "name": "Macro Organic Coconut Cream 400ml",
    "image_url": "https://cdn1.woolworths.media/content/wowproductimages/large/297000.jpg",
    "source_id": "Woolworths - 297000",
    "barcode": "9300633984403",
    "shop": "Woolworths",
    "weight": "100ML",
    "prices": [
      {
        "state": "NSW",
        "price": "235",
        "price_per_unit": "59",
        "price_unit": "ML"
      },
      {
        "state": "VIC",
        "price": "235",
        "price_per_unit": "59",
        "price_unit": "ML"
      },
      {
        "state": "QLD",
        "price": "235",
        "price_per_unit": "59",
        "price_unit": "ML"
      },
      {
        "state": "WA",
        "price": "235",
        "price_per_unit": "59",
        "price_unit": "ML"
      },
      {
        "state": "SA",
        "price": "235",
        "price_per_unit": "59",
        "price_unit": "ML"
      },
      {
        "state": "TAS",
        "price": "235",
        "price_per_unit": "59",
        "price_unit": "ML"
      },
      {
        "state": "ACT",
        "price": "235",
        "price_per_unit": "59",
        "price_unit": "ML"
      },
      {
        "state": "NT",
        "price": "235",
        "price_per_unit": "59",
        "price_unit": "ML"
      }
    ]
  },
  {
    "source_url": "https://www.woolworths.com.au/shop/productdetails/684034/macro-organic-coconut-milk",
    "name": "Macro Organic Coconut Milk 400ml",
    "image_url": "https://cdn1.woolworths.media/content/wowproductimages/large/684034.jpg",
    "source_id": "Woolworths - 684034",
    "barcode": "9339687043101",
    "shop": "Woolworths",
    "weight": "100ML",
    "prices": [
      {
        "state": "NSW",
        "price": "235",
        "price_per_unit": "59",
        "price_unit": "ML"
      },
      {
        "state": "VIC",
        "price": "235",
        "price_per_unit": "59",
        "price_unit": "ML"
      },
      {
        "state": "QLD",
        "price": "235",
        "price_per_unit": "59",
        "price_unit": "ML"
      },
      {
        "state": "WA",
        "price": "235",
        "price_per_unit": "59",
        "price_unit": "ML"
      },
      {
        "state": "SA",
        "price": "235",
        "price_per_unit": "59",
        "price_unit": "ML"
      },
      {
        "state": "TAS",
        "price": "235",
        "price_per_unit": "59",
        "price_unit": "ML"
      },
      {
        "state": "ACT",
        "price": "235",
        "price_per_unit": "59",
        "price_unit": "ML"
      },
      {
        "state": "NT",
        "price": "235",
        "price_per_unit": "59",
        "price_unit": "ML"
      }
    ]
  },
  {
    "source_url": "https://www.woolworths.com.au/shop/productdetails/684031/macro-organic-light-coconut-cream",
    "name": "Macro Organic Light Coconut Cream 400ml",
    "image_url": "https://cdn1.woolworths.media/content/wowproductimages/large/684031.jpg",
    "source_id": "Woolworths - 684031",
    "barcode": "9339687043088",
    "shop": "Woolworths",
    "weight": "100ML",
    "prices": [
      {
        "state": "NSW",
        "price": "210",
        "price_per_unit": "53",
        "price_unit": "ML"
      },
      {
        "state": "VIC",
        "price": "210",
        "price_per_unit": "53",
        "price_unit": "ML"
      },
      {
        "state": "QLD",
        "price": "210",
        "price_per_unit": "53",
        "price_unit": "ML"
      },
      {
        "state": "WA",
        "price": "210",
        "price_per_unit": "53",
        "price_unit": "ML"
      },
      {
        "state": "SA",
        "price": "210",
        "price_per_unit": "53",
        "price_unit": "ML"
      },
      {
        "state": "TAS",
        "price": "210",
        "price_per_unit": "53",
        "price_unit": "ML"
      },
      {
        "state": "ACT",
        "price": "210",
        "price_per_unit": "53",
        "price_unit": "ML"
      },
      {
        "state": "NT",
        "price": "210",
        "price_per_unit": "53",
        "price_unit": "ML"
      }
    ]
  },
  {
    "source_url": "https://www.woolworths.com.au/shop/productdetails/684033/macro-organic-light-coconut-milk",
    "name": "Macro Organic Light Coconut Milk 400ml",
    "image_url": "https://cdn1.woolworths.media/content/wowproductimages/large/684033.jpg",
    "source_id": "Woolworths - 684033",
    "barcode": "9339687043095",
    "shop": "Woolworths",
    "weight": "100ML",
    "prices": [
      {
        "state": "NSW",
        "price": "210",
        "price_per_unit": "53",
        "price_unit": "ML"
      },
      {
        "state": "VIC",
        "price": "210",
        "price_per_unit": "53",
        "price_unit": "ML"
      },
      {
        "state": "QLD",
        "price": "210",
        "price_per_unit": "53",
        "price_unit": "ML"
      },
      {
        "state": "WA",
        "price": "210",
        "price_per_unit": "53",
        "price_unit": "ML"
      },
      {
        "state": "SA",
        "price": "210",
        "price_per_unit": "53",
        "price_unit": "ML"
      },
      {
        "state": "TAS",
        "price": "210",
        "price_per_unit": "53",
        "price_unit": "ML"
      },
      {
        "state": "ACT",
        "price": "210",
        "price_per_unit": "53",
        "price_unit": "ML"
      },
      {
        "state": "NT",
        "price": "210",
        "price_per_unit": "53",
        "price_unit": "ML"
      }
    ]
  },
  {
    "source_url": "https://www.woolworths.com.au/shop/productdetails/275128/mae-ploy-salad-dressing-thai-style",
    "name": "Mae Ploy Salad Dressing Thai Style 285ml",
    "image_url": "https://cdn1.woolworths.media/content/wowproductimages/large/275128.jpg",
    "source_id": "Woolworths - 275128",
    "barcode": "8850367990443",
    "shop": "Woolworths",
    "weight": "100ML",
    "prices": [
      {
        "state": "NSW",
        "price": "280",
        "price_per_unit": "98",
        "price_unit": "ML"
      },
      {
        "state": "VIC",
        "price": "280",
        "price_per_unit": "98",
        "price_unit": "ML"
      },
      {
        "state": "QLD",
        "price": "280",
        "price_per_unit": "98",
        "price_unit": "ML"
      },
      {
        "state": "WA",
        "price": "280",
        "price_per_unit": "98",
        "price_unit": "ML"
      },
      {
        "state": "SA",
        "price": "280",
        "price_per_unit": "98",
        "price_unit": "ML"
      },
      {
        "state": "TAS",
        "price": "280",
        "price_per_unit": "98",
        "price_unit": "ML"
      },
      {
        "state": "ACT",
        "price": "280",
        "price_per_unit": "98",
        "price_unit": "ML"
      },
      {
        "state": "NT",
        "price": "280",
        "price_per_unit": "98",
        "price_unit": "ML"
      }
    ]
  },
  {
    "source_url": "https://www.woolworths.com.au/shop/productdetails/57326/mae-ploy-sauce-sweet-chilli",
    "name": "Mae Ploy Sauce Sweet Chilli 280ml",
    "image_url": "https://cdn1.woolworths.media/content/wowproductimages/large/057326.jpg",
    "source_id": "Woolworths - 57326",
    "barcode": "44738072311",
    "shop": "Woolworths",
    "weight": "100ML",
    "prices": [
      {
        "state": "NSW",
        "price": "375",
        "price_per_unit": "134",
        "price_unit": "ML"
      },
      {
        "state": "VIC",
        "price": "375",
        "price_per_unit": "134",
        "price_unit": "ML"
      },
      {
        "state": "QLD",
        "price": "375",
        "price_per_unit": "134",
        "price_unit": "ML"
      },
      {
        "state": "WA",
        "price": "375",
        "price_per_unit": "134",
        "price_unit": "ML"
      },
      {
        "state": "SA",
        "price": "375",
        "price_per_unit": "134",
        "price_unit": "ML"
      },
      {
        "state": "TAS",
        "price": "375",
        "price_per_unit": "134",
        "price_unit": "ML"
      },
      {
        "state": "ACT",
        "price": "375",
        "price_per_unit": "134",
        "price_unit": "ML"
      },
      {
        "state": "NT",
        "price": "375",
        "price_per_unit": "134",
        "price_unit": "ML"
      }
    ]
  },
  {
    "source_url": "https://www.woolworths.com.au/shop/productdetails/45323/maesri-paste-green-curry",
    "name": "Maesri Paste Green Curry 114g",
    "image_url": "https://cdn1.woolworths.media/content/wowproductimages/large/045323.jpg",
    "source_id": "Woolworths - 45323",
    "barcode": "8850539000437",
    "shop": "Woolworths",
    "weight": "100G",
    "prices": [
      {
        "state": "NSW",
        "price": "230",
        "price_per_unit": "202",
        "price_unit": "G"
      },
      {
        "state": "VIC",
        "price": "230",
        "price_per_unit": "202",
        "price_unit": "G"
      },
      {
        "state": "QLD",
        "price": "230",
        "price_per_unit": "202",
        "price_unit": "G"
      },
      {
        "state": "WA",
        "price": "230",
        "price_per_unit": "202",
        "price_unit": "G"
      },
      {
        "state": "SA",
        "price": "230",
        "price_per_unit": "202",
        "price_unit": "G"
      },
      {
        "state": "TAS",
        "price": "230",
        "price_per_unit": "202",
        "price_unit": "G"
      },
      {
        "state": "ACT",
        "price": "230",
        "price_per_unit": "202",
        "price_unit": "G"
      },
      {
        "state": "NT",
        "price": "230",
        "price_per_unit": "202",
        "price_unit": "G"
      }
    ]
  },
  {
    "source_url": "https://www.woolworths.com.au/shop/productdetails/59121/maesri-paste-masaman-curry",
    "name": "Maesri Paste Masaman Curry 114g",
    "image_url": "https://cdn1.woolworths.media/content/wowproductimages/large/059121.jpg",
    "source_id": "Woolworths - 59121",
    "barcode": "8850539240444",
    "shop": "Woolworths",
    "weight": "100G",
    "prices": [
      {
        "state": "NSW",
        "price": "230",
        "price_per_unit": "202",
        "price_unit": "G"
      },
      {
        "state": "VIC",
        "price": "230",
        "price_per_unit": "202",
        "price_unit": "G"
      },
      {
        "state": "QLD",
        "price": "230",
        "price_per_unit": "202",
        "price_unit": "G"
      },
      {
        "state": "WA",
        "price": "230",
        "price_per_unit": "202",
        "price_unit": "G"
      },
      {
        "state": "SA",
        "price": "230",
        "price_per_unit": "202",
        "price_unit": "G"
      },
      {
        "state": "TAS",
        "price": "230",
        "price_per_unit": "202",
        "price_unit": "G"
      },
      {
        "state": "ACT",
        "price": "230",
        "price_per_unit": "202",
        "price_unit": "G"
      },
      {
        "state": "NT",
        "price": "230",
        "price_per_unit": "202",
        "price_unit": "G"
      }
    ]
  },
  {
    "source_url": "https://www.woolworths.com.au/shop/productdetails/45458/maesri-paste-red-curry",
    "name": "Maesri Paste Red Curry 114g",
    "image_url": "https://cdn1.woolworths.media/content/wowproductimages/large/045458.jpg",
    "source_id": "Woolworths - 45458",
    "barcode": "9314946000163",
    "shop": "Woolworths",
    "weight": "100G",
    "prices": [
      {
        "state": "NSW",
        "price": "230",
        "price_per_unit": "202",
        "price_unit": "G"
      },
      {
        "state": "VIC",
        "price": "230",
        "price_per_unit": "202",
        "price_unit": "G"
      },
      {
        "state": "QLD",
        "price": "230",
        "price_per_unit": "202",
        "price_unit": "G"
      },
      {
        "state": "WA",
        "price": "230",
        "price_per_unit": "202",
        "price_unit": "G"
      },
      {
        "state": "SA",
        "price": "230",
        "price_per_unit": "202",
        "price_unit": "G"
      },
      {
        "state": "TAS",
        "price": "230",
        "price_per_unit": "202",
        "price_unit": "G"
      },
      {
        "state": "ACT",
        "price": "230",
        "price_per_unit": "202",
        "price_unit": "G"
      },
      {
        "state": "NT",
        "price": "230",
        "price_per_unit": "202",
        "price_unit": "G"
      }
    ]
  },
  {
    "source_url": "https://www.woolworths.com.au/shop/productdetails/661166/maggi-magic-sarap-all-in-one-seasoning-granules",
    "name": "Maggi Magic Sarap All In One Seasoning Granules 96g",
    "image_url": "https://cdn1.woolworths.media/content/wowproductimages/large/661166.jpg",
    "source_id": "Woolworths - 661166",
    "barcode": "4800361328302",
    "shop": "Woolworths",
    "weight": "10G",
    "prices": [
      {
        "state": "NSW",
        "price": "250",
        "price_per_unit": "26",
        "price_unit": "G"
      },
      {
        "state": "ACT",
        "price": "225",
        "price_per_unit": "23",
        "price_unit": "G"
      }
    ]
  },
  {
    "source_url": "https://www.woolworths.com.au/shop/productdetails/482811/mama-instant-noodles-jumbo-pack-pork-flavour",
    "name": "Mama Instant Noodles Jumbo Pack Pork Flavour 90g",
    "image_url": "https://cdn1.woolworths.media/content/wowproductimages/large/482811.jpg",
    "source_id": "Woolworths - 482811",
    "barcode": "8850987131769",
    "shop": "Woolworths",
    "weight": "100G",
    "prices": [
      {
        "state": "NSW",
        "price": "175",
        "price_per_unit": "194",
        "price_unit": "G"
      },
      {
        "state": "VIC",
        "price": "175",
        "price_per_unit": "194",
        "price_unit": "G"
      },
      {
        "state": "QLD",
        "price": "175",
        "price_per_unit": "194",
        "price_unit": "G"
      },
      {
        "state": "WA",
        "price": "175",
        "price_per_unit": "194",
        "price_unit": "G"
      },
      {
        "state": "SA",
        "price": "175",
        "price_per_unit": "194",
        "price_unit": "G"
      },
      {
        "state": "TAS",
        "price": "175",
        "price_per_unit": "194",
        "price_unit": "G"
      },
      {
        "state": "ACT",
        "price": "175",
        "price_per_unit": "194",
        "price_unit": "G"
      },
      {
        "state": "NT",
        "price": "175",
        "price_per_unit": "194",
        "price_unit": "G"
      }
    ]
  },
  {
    "source_url": "https://www.woolworths.com.au/shop/productdetails/482810/mama-jumbo-noodles-tom-yum",
    "name": "Mama Jumbo Noodles Tom Yum 90g",
    "image_url": "https://cdn1.woolworths.media/content/wowproductimages/large/482810.jpg",
    "source_id": "Woolworths - 482810",
    "barcode": "8850987128547",
    "shop": "Woolworths",
    "weight": "100G",
    "prices": [
      {
        "state": "NSW",
        "price": "175",
        "price_per_unit": "194",
        "price_unit": "G"
      },
      {
        "state": "VIC",
        "price": "175",
        "price_per_unit": "194",
        "price_unit": "G"
      },
      {
        "state": "QLD",
        "price": "175",
        "price_per_unit": "194",
        "price_unit": "G"
      },
      {
        "state": "WA",
        "price": "175",
        "price_per_unit": "194",
        "price_unit": "G"
      },
      {
        "state": "SA",
        "price": "175",
        "price_per_unit": "194",
        "price_unit": "G"
      },
      null,
      {
        "state": "ACT",
        "price": "175",
        "price_per_unit": "194",
        "price_unit": "G"
      },
      {
        "state": "NT",
        "price": "175",
        "price_per_unit": "194",
        "price_unit": "G"
      }
    ]
  },
  {
    "source_url": "https://www.woolworths.com.au/shop/productdetails/750089/mama-pho-bo-beef-rice-noodle-bowl",
    "name": "Mama Pho Bo Beef Rice Noodle Bowl 65g",
    "image_url": "https://cdn1.woolworths.media/content/wowproductimages/large/750089.jpg",
    "source_id": "Woolworths - 750089",
    "barcode": "8851876001309",
    "shop": "Woolworths",
    "weight": "100G",
    "prices": [
      {
        "state": "NSW",
        "price": "400",
        "price_per_unit": "615",
        "price_unit": "G"
      },
      {
        "state": "VIC",
        "price": "400",
        "price_per_unit": "615",
        "price_unit": "G"
      },
      {
        "state": "QLD",
        "price": "400",
        "price_per_unit": "615",
        "price_unit": "G"
      },
      {
        "state": "WA",
        "price": "400",
        "price_per_unit": "615",
        "price_unit": "G"
      },
      {
        "state": "SA",
        "price": "400",
        "price_per_unit": "615",
        "price_unit": "G"
      },
      {
        "state": "TAS",
        "price": "400",
        "price_per_unit": "615",
        "price_unit": "G"
      },
      {
        "state": "ACT",
        "price": "400",
        "price_per_unit": "615",
        "price_unit": "G"
      },
      {
        "state": "NT",
        "price": "400",
        "price_per_unit": "615",
        "price_unit": "G"
      }
    ]
  },
  {
    "source_url": "https://www.woolworths.com.au/shop/productdetails/680786/mama-pho-tom-yum-noodle-bowl",
    "name": "Mama Pho Tom Yum Noodle Bowl 70g",
    "image_url": "https://cdn1.woolworths.media/content/wowproductimages/large/680786.jpg",
    "source_id": "Woolworths - 680786",
    "barcode": "8851876001439",
    "shop": "Woolworths",
    "weight": "100G",
    "prices": [
      {
        "state": "NSW",
        "price": "400",
        "price_per_unit": "571",
        "price_unit": "G"
      },
      {
        "state": "VIC",
        "price": "400",
        "price_per_unit": "571",
        "price_unit": "G"
      },
      {
        "state": "QLD",
        "price": "400",
        "price_per_unit": "571",
        "price_unit": "G"
      },
      {
        "state": "WA",
        "price": "400",
        "price_per_unit": "571",
        "price_unit": "G"
      },
      {
        "state": "SA",
        "price": "400",
        "price_per_unit": "571",
        "price_unit": "G"
      },
      {
        "state": "TAS",
        "price": "400",
        "price_per_unit": "571",
        "price_unit": "G"
      },
      {
        "state": "ACT",
        "price": "400",
        "price_per_unit": "571",
        "price_unit": "G"
      },
      {
        "state": "NT",
        "price": "400",
        "price_per_unit": "571",
        "price_unit": "G"
      }
    ]
  },
  {
    "source_url": "https://www.woolworths.com.au/shop/productdetails/660936/mama-sita-s-adobo-savory-sauce-mix",
    "name": "Mama Sita's Adobo Savory Sauce Mix 50g",
    "image_url": "https://cdn1.woolworths.media/content/wowproductimages/large/660936.jpg",
    "source_id": "Woolworths - 660936",
    "barcode": "4804888804080",
    "shop": "Woolworths",
    "weight": "100G",
    "prices": [
      {
        "state": "NSW",
        "price": "165",
        "price_per_unit": "330",
        "price_unit": "G"
      },
      {
        "state": "ACT",
        "price": "165",
        "price_per_unit": "330",
        "price_unit": "G"
      }
    ]
  },
  {
    "source_url": "https://www.woolworths.com.au/shop/productdetails/122448/marca-pina-calamansi-soy-sauce",
    "name": "Marca Pina Calamansi Soy Sauce 1L",
    "image_url": "https://cdn1.woolworths.media/content/wowproductimages/large/122448.jpg",
    "source_id": "Woolworths - 122448",
    "barcode": "4800405133077",
    "shop": "Woolworths",
    "weight": "100ML",
    "prices": [
      {
        "state": "NSW",
        "price": "325",
        "price_per_unit": "33",
        "price_unit": "ML"
      },
      {
        "state": "ACT",
        "price": "325",
        "price_per_unit": "33",
        "price_unit": "ML"
      }
    ]
  },
  {
    "source_url": "https://www.woolworths.com.au/shop/productdetails/100340/marion-s-kitchen-cashew-chicken-meal-kit",
    "name": "Marion's Kitchen Cashew Chicken Meal Kit 330g",
    "image_url": "https://cdn1.woolworths.media/content/wowproductimages/large/100340.jpg",
    "source_id": "Woolworths - 100340",
    "barcode": "9345654000404",
    "shop": "Woolworths",
    "weight": "100G",
    "prices": [
      {
        "state": "NSW",
        "price": "680",
        "price_per_unit": "206",
        "price_unit": "G"
      },
      {
        "state": "VIC",
        "price": "680",
        "price_per_unit": "206",
        "price_unit": "G"
      },
      {
        "state": "QLD",
        "price": "680",
        "price_per_unit": "206",
        "price_unit": "G"
      },
      {
        "state": "WA",
        "price": "680",
        "price_per_unit": "206",
        "price_unit": "G"
      },
      {
        "state": "SA",
        "price": "680",
        "price_per_unit": "206",
        "price_unit": "G"
      },
      {
        "state": "TAS",
        "price": "850",
        "price_per_unit": "258",
        "price_unit": "G"
      },
      {
        "state": "ACT",
        "price": "850",
        "price_per_unit": "258",
        "price_unit": "G"
      },
      {
        "state": "NT",
        "price": "850",
        "price_per_unit": "258",
        "price_unit": "G"
      }
    ]
  },
  {
    "source_url": "https://www.woolworths.com.au/shop/productdetails/236359/marion-s-kitchen-green-curry-paste",
    "name": "Marion's Kitchen Green Curry Paste 190g",
    "image_url": "https://cdn1.woolworths.media/content/wowproductimages/large/236359.jpg",
    "source_id": "Woolworths - 236359",
    "barcode": "9345654000541",
    "shop": "Woolworths",
    "weight": "100G",
    "prices": [
      {
        "state": "NSW",
        "price": "480",
        "price_per_unit": "253",
        "price_unit": "G"
      },
      {
        "state": "VIC",
        "price": "480",
        "price_per_unit": "253",
        "price_unit": "G"
      },
      {
        "state": "QLD",
        "price": "480",
        "price_per_unit": "253",
        "price_unit": "G"
      },
      {
        "state": "WA",
        "price": "480",
        "price_per_unit": "253",
        "price_unit": "G"
      },
      {
        "state": "SA",
        "price": "480",
        "price_per_unit": "253",
        "price_unit": "G"
      },
      {
        "state": "TAS",
        "price": "480",
        "price_per_unit": "253",
        "price_unit": "G"
      },
      {
        "state": "ACT",
        "price": "480",
        "price_per_unit": "253",
        "price_unit": "G"
      },
      {
        "state": "NT",
        "price": "480",
        "price_per_unit": "253",
        "price_unit": "G"
      }
    ]
  },
  {
    "source_url": "https://www.woolworths.com.au/shop/productdetails/238155/marion-s-kitchen-massaman-curry-paste",
    "name": "Marion's Kitchen Massaman Curry Paste 190g",
    "image_url": "https://cdn1.woolworths.media/content/wowproductimages/large/238155.jpg",
    "source_id": "Woolworths - 238155",
    "barcode": "9345654000565",
    "shop": "Woolworths",
    "weight": "100G",
    "prices": [
      {
        "state": "NSW",
        "price": "480",
        "price_per_unit": "253",
        "price_unit": "G"
      },
      {
        "state": "VIC",
        "price": "480",
        "price_per_unit": "253",
        "price_unit": "G"
      },
      {
        "state": "QLD",
        "price": "480",
        "price_per_unit": "253",
        "price_unit": "G"
      },
      {
        "state": "WA",
        "price": "480",
        "price_per_unit": "253",
        "price_unit": "G"
      },
      {
        "state": "SA",
        "price": "480",
        "price_per_unit": "253",
        "price_unit": "G"
      },
      {
        "state": "TAS",
        "price": "480",
        "price_per_unit": "253",
        "price_unit": "G"
      },
      {
        "state": "ACT",
        "price": "480",
        "price_per_unit": "253",
        "price_unit": "G"
      },
      {
        "state": "NT",
        "price": "480",
        "price_per_unit": "253",
        "price_unit": "G"
      }
    ]
  },
  {
    "source_url": "https://www.woolworths.com.au/shop/productdetails/100326/marion-s-kitchen-pad-thai-meal-kit",
    "name": "Marion's Kitchen Pad Thai Meal Kit 358g",
    "image_url": "https://cdn1.woolworths.media/content/wowproductimages/large/100326.jpg",
    "source_id": "Woolworths - 100326",
    "barcode": "9345654000411",
    "shop": "Woolworths",
    "weight": "100G",
    "prices": [
      {
        "state": "NSW",
        "price": "680",
        "price_per_unit": "190",
        "price_unit": "G"
      },
      {
        "state": "VIC",
        "price": "680",
        "price_per_unit": "190",
        "price_unit": "G"
      },
      {
        "state": "QLD",
        "price": "680",
        "price_per_unit": "190",
        "price_unit": "G"
      },
      {
        "state": "WA",
        "price": "680",
        "price_per_unit": "190",
        "price_unit": "G"
      },
      {
        "state": "SA",
        "price": "680",
        "price_per_unit": "190",
        "price_unit": "G"
      },
      {
        "state": "TAS",
        "price": "850",
        "price_per_unit": "237",
        "price_unit": "G"
      },
      {
        "state": "ACT",
        "price": "850",
        "price_per_unit": "237",
        "price_unit": "G"
      },
      {
        "state": "NT",
        "price": "850",
        "price_per_unit": "237",
        "price_unit": "G"
      }
    ]
  },
  {
    "source_url": "https://www.woolworths.com.au/shop/productdetails/237906/marion-s-kitchen-red-curry-paste",
    "name": "Marion's Kitchen Red Curry Paste 190g",
    "image_url": "https://cdn1.woolworths.media/content/wowproductimages/large/237906.jpg",
    "source_id": "Woolworths - 237906",
    "barcode": "9345654000558",
    "shop": "Woolworths",
    "weight": "100G",
    "prices": [
      {
        "state": "NSW",
        "price": "480",
        "price_per_unit": "253",
        "price_unit": "G"
      },
      {
        "state": "VIC",
        "price": "480",
        "price_per_unit": "253",
        "price_unit": "G"
      },
      {
        "state": "QLD",
        "price": "480",
        "price_per_unit": "253",
        "price_unit": "G"
      },
      {
        "state": "WA",
        "price": "480",
        "price_per_unit": "253",
        "price_unit": "G"
      },
      {
        "state": "SA",
        "price": "480",
        "price_per_unit": "253",
        "price_unit": "G"
      },
      {
        "state": "TAS",
        "price": "480",
        "price_per_unit": "253",
        "price_unit": "G"
      },
      {
        "state": "ACT",
        "price": "480",
        "price_per_unit": "253",
        "price_unit": "G"
      },
      {
        "state": "NT",
        "price": "600",
        "price_per_unit": "316",
        "price_unit": "G"
      }
    ]
  },
  {
    "source_url": "https://www.woolworths.com.au/shop/productdetails/99523/marion-s-kitchen-san-choy-bow-meal-kit",
    "name": "Marion's Kitchen San Choy Bow Meal Kit 342g",
    "image_url": "https://cdn1.woolworths.media/content/wowproductimages/large/099523.jpg",
    "source_id": "Woolworths - 99523",
    "barcode": "9345654000428",
    "shop": "Woolworths",
    "weight": "100G",
    "prices": [
      {
        "state": "NSW",
        "price": "680",
        "price_per_unit": "199",
        "price_unit": "G"
      },
      {
        "state": "VIC",
        "price": "680",
        "price_per_unit": "199",
        "price_unit": "G"
      },
      {
        "state": "QLD",
        "price": "680",
        "price_per_unit": "199",
        "price_unit": "G"
      },
      {
        "state": "WA",
        "price": "680",
        "price_per_unit": "199",
        "price_unit": "G"
      },
      {
        "state": "SA",
        "price": "680",
        "price_per_unit": "199",
        "price_unit": "G"
      },
      {
        "state": "TAS",
        "price": "850",
        "price_per_unit": "249",
        "price_unit": "G"
      },
      {
        "state": "ACT",
        "price": "850",
        "price_per_unit": "249",
        "price_unit": "G"
      },
      {
        "state": "NT",
        "price": "850",
        "price_per_unit": "249",
        "price_unit": "G"
      }
    ]
  },
  {
    "source_url": "https://www.woolworths.com.au/shop/productdetails/334211/marion-s-kitchen-singapore-noodles-meal-kit",
    "name": "Marion's Kitchen Singapore Noodles Meal Kit 318g",
    "image_url": "https://cdn1.woolworths.media/content/wowproductimages/large/334211.jpg",
    "source_id": "Woolworths - 334211",
    "barcode": "9345654000619",
    "shop": "Woolworths",
    "weight": "100G",
    "prices": [
      {
        "state": "NSW",
        "price": "680",
        "price_per_unit": "214",
        "price_unit": "G"
      },
      {
        "state": "VIC",
        "price": "680",
        "price_per_unit": "214",
        "price_unit": "G"
      },
      {
        "state": "QLD",
        "price": "680",
        "price_per_unit": "214",
        "price_unit": "G"
      },
      {
        "state": "WA",
        "price": "680",
        "price_per_unit": "214",
        "price_unit": "G"
      },
      {
        "state": "SA",
        "price": "680",
        "price_per_unit": "214",
        "price_unit": "G"
      },
      {
        "state": "TAS",
        "price": "850",
        "price_per_unit": "267",
        "price_unit": "G"
      },
      {
        "state": "ACT",
        "price": "850",
        "price_per_unit": "267",
        "price_unit": "G"
      },
      {
        "state": "NT",
        "price": "850",
        "price_per_unit": "267",
        "price_unit": "G"
      }
    ]
  },
  {
    "source_url": "https://www.woolworths.com.au/shop/productdetails/99049/marion-s-kitchen-thai-green-curry-meal-kit",
    "name": "Marion's Kitchen Thai Green Curry Meal Kit 419g",
    "image_url": "https://cdn1.woolworths.media/content/wowproductimages/large/099049.jpg",
    "source_id": "Woolworths - 99049",
    "barcode": "9345654000459",
    "shop": "Woolworths",
    "weight": "100G",
    "prices": [
      {
        "state": "NSW",
        "price": "680",
        "price_per_unit": "162",
        "price_unit": "G"
      },
      {
        "state": "VIC",
        "price": "680",
        "price_per_unit": "162",
        "price_unit": "G"
      },
      {
        "state": "QLD",
        "price": "680",
        "price_per_unit": "162",
        "price_unit": "G"
      },
      {
        "state": "WA",
        "price": "680",
        "price_per_unit": "162",
        "price_unit": "G"
      },
      {
        "state": "SA",
        "price": "680",
        "price_per_unit": "162",
        "price_unit": "G"
      },
      {
        "state": "TAS",
        "price": "850",
        "price_per_unit": "203",
        "price_unit": "G"
      },
      {
        "state": "ACT",
        "price": "850",
        "price_per_unit": "203",
        "price_unit": "G"
      },
      {
        "state": "NT",
        "price": "850",
        "price_per_unit": "203",
        "price_unit": "G"
      }
    ]
  },
  {
    "source_url": "https://www.woolworths.com.au/shop/productdetails/100330/marion-s-kitchen-thai-massaman-curry-meal-kit",
    "name": "Marion's Kitchen Thai Massaman Curry Meal Kit 309g",
    "image_url": "https://cdn1.woolworths.media/content/wowproductimages/large/100330.jpg",
    "source_id": "Woolworths - 100330",
    "barcode": "9345654000398",
    "shop": "Woolworths",
    "weight": "100G",
    "prices": [
      {
        "state": "NSW",
        "price": "680",
        "price_per_unit": "220",
        "price_unit": "G"
      },
      {
        "state": "VIC",
        "price": "680",
        "price_per_unit": "220",
        "price_unit": "G"
      },
      {
        "state": "QLD",
        "price": "680",
        "price_per_unit": "220",
        "price_unit": "G"
      },
      {
        "state": "WA",
        "price": "680",
        "price_per_unit": "220",
        "price_unit": "G"
      },
      {
        "state": "SA",
        "price": "680",
        "price_per_unit": "220",
        "price_unit": "G"
      },
      {
        "state": "TAS",
        "price": "850",
        "price_per_unit": "275",
        "price_unit": "G"
      },
      {
        "state": "ACT",
        "price": "850",
        "price_per_unit": "275",
        "price_unit": "G"
      },
      {
        "state": "NT",
        "price": "850",
        "price_per_unit": "275",
        "price_unit": "G"
      }
    ]
  },
  {
    "source_url": "https://www.woolworths.com.au/shop/productdetails/100733/marion-s-kitchen-thai-red-curry-meal-kit",
    "name": "Marion's Kitchen Thai Red Curry Meal Kit 394g",
    "image_url": "https://cdn1.woolworths.media/content/wowproductimages/large/100733.jpg",
    "source_id": "Woolworths - 100733",
    "barcode": "9345654000442",
    "shop": "Woolworths",
    "weight": "100G",
    "prices": [
      {
        "state": "NSW",
        "price": "680",
        "price_per_unit": "173",
        "price_unit": "G"
      },
      {
        "state": "VIC",
        "price": "680",
        "price_per_unit": "173",
        "price_unit": "G"
      },
      {
        "state": "QLD",
        "price": "680",
        "price_per_unit": "173",
        "price_unit": "G"
      },
      {
        "state": "WA",
        "price": "680",
        "price_per_unit": "173",
        "price_unit": "G"
      },
      {
        "state": "SA",
        "price": "680",
        "price_per_unit": "173",
        "price_unit": "G"
      },
      {
        "state": "TAS",
        "price": "850",
        "price_per_unit": "216",
        "price_unit": "G"
      },
      {
        "state": "ACT",
        "price": "850",
        "price_per_unit": "216",
        "price_unit": "G"
      },
      {
        "state": "NT",
        "price": "850",
        "price_per_unit": "216",
        "price_unit": "G"
      }
    ]
  },
  {
    "source_url": "https://www.woolworths.com.au/shop/productdetails/101569/marion-s-kitchen-thai-yellow-curry-meal-kit",
    "name": "Marion's Kitchen Thai Yellow Curry Meal Kit 404g",
    "image_url": "https://cdn1.woolworths.media/content/wowproductimages/large/101569.jpg",
    "source_id": "Woolworths - 101569",
    "barcode": "9345654000381",
    "shop": "Woolworths",
    "weight": "100G",
    "prices": [
      {
        "state": "NSW",
        "price": "680",
        "price_per_unit": "168",
        "price_unit": "G"
      },
      {
        "state": "VIC",
        "price": "680",
        "price_per_unit": "168",
        "price_unit": "G"
      },
      {
        "state": "QLD",
        "price": "680",
        "price_per_unit": "168",
        "price_unit": "G"
      },
      {
        "state": "WA",
        "price": "680",
        "price_per_unit": "168",
        "price_unit": "G"
      },
      {
        "state": "SA",
        "price": "680",
        "price_per_unit": "168",
        "price_unit": "G"
      },
      {
        "state": "TAS",
        "price": "850",
        "price_per_unit": "210",
        "price_unit": "G"
      },
      {
        "state": "ACT",
        "price": "850",
        "price_per_unit": "210",
        "price_unit": "G"
      },
      {
        "state": "NT",
        "price": "850",
        "price_per_unit": "210",
        "price_unit": "G"
      }
    ]
  },
  {
    "source_url": "https://www.woolworths.com.au/shop/productdetails/1075557220/masterfoods-burger-sauce-2-2kg-bulk",
    "name": "Masterfoods Burger Sauce 2.2kg Bulk",
    "image_url": "https://cdn1.woolworths.media/content/wowproductimages/large/1075557220.jpg",
    "source_id": "Woolworths - 1075557220",
    "barcode": null,
    "shop": "Woolworths",
    "weight": "1EA",
    "prices": [
      {
        "state": "NSW",
        "price": "5000",
        "price_per_unit": "5000",
        "price_unit": "EA"
      },
      {
        "state": "VIC",
        "price": "5000",
        "price_per_unit": "5000",
        "price_unit": "EA"
      },
      {
        "state": "QLD",
        "price": "5000",
        "price_per_unit": "5000",
        "price_unit": "EA"
      },
      {
        "state": "WA",
        "price": "5000",
        "price_per_unit": "5000",
        "price_unit": "EA"
      },
      {
        "state": "SA",
        "price": "5000",
        "price_per_unit": "5000",
        "price_unit": "EA"
      },
      {
        "state": "TAS",
        "price": "5000",
        "price_per_unit": "5000",
        "price_unit": "EA"
      },
      {
        "state": "ACT",
        "price": "5000",
        "price_per_unit": "5000",
        "price_unit": "EA"
      },
      {
        "state": "NT",
        "price": "5000",
        "price_per_unit": "5000",
        "price_unit": "EA"
      }
    ]
  },
  {
    "source_url": "https://www.woolworths.com.au/shop/productdetails/1075557227/masterfoods-ranch-style-sauce-2-4kg-bottle-bulk",
    "name": "Masterfoods Ranch Style Sauce 2.4kg Bottle Bulk",
    "image_url": "https://cdn1.woolworths.media/content/wowproductimages/large/1075557227.jpg",
    "source_id": "Woolworths - 1075557227",
    "barcode": null,
    "shop": "Woolworths",
    "weight": "1EA",
    "prices": [
      {
        "state": "NSW",
        "price": "5000",
        "price_per_unit": "5000",
        "price_unit": "EA"
      },
      {
        "state": "VIC",
        "price": "5000",
        "price_per_unit": "5000",
        "price_unit": "EA"
      },
      {
        "state": "QLD",
        "price": "5000",
        "price_per_unit": "5000",
        "price_unit": "EA"
      },
      {
        "state": "WA",
        "price": "5000",
        "price_per_unit": "5000",
        "price_unit": "EA"
      },
      {
        "state": "SA",
        "price": "5000",
        "price_per_unit": "5000",
        "price_unit": "EA"
      },
      {
        "state": "TAS",
        "price": "5000",
        "price_per_unit": "5000",
        "price_unit": "EA"
      },
      {
        "state": "ACT",
        "price": "5000",
        "price_per_unit": "5000",
        "price_unit": "EA"
      },
      {
        "state": "NT",
        "price": "5000",
        "price_per_unit": "5000",
        "price_unit": "EA"
      }
    ]
  },
  {
    "source_url": "https://www.woolworths.com.au/shop/productdetails/1075557225/masterfoods-satay-sauce-2-7kg-bulk",
    "name": "Masterfoods Satay Sauce 2.7kg Bulk",
    "image_url": "https://cdn1.woolworths.media/content/wowproductimages/large/1075557225.jpg",
    "source_id": "Woolworths - 1075557225",
    "barcode": null,
    "shop": "Woolworths",
    "weight": "1EA",
    "prices": [
      {
        "state": "NSW",
        "price": "5000",
        "price_per_unit": "5000",
        "price_unit": "EA"
      },
      {
        "state": "VIC",
        "price": "5000",
        "price_per_unit": "5000",
        "price_unit": "EA"
      },
      {
        "state": "QLD",
        "price": "5000",
        "price_per_unit": "5000",
        "price_unit": "EA"
      },
      {
        "state": "WA",
        "price": "5000",
        "price_per_unit": "5000",
        "price_unit": "EA"
      },
      {
        "state": "SA",
        "price": "5000",
        "price_per_unit": "5000",
        "price_unit": "EA"
      },
      {
        "state": "TAS",
        "price": "5000",
        "price_per_unit": "5000",
        "price_unit": "EA"
      },
      {
        "state": "ACT",
        "price": "5000",
        "price_per_unit": "5000",
        "price_unit": "EA"
      },
      {
        "state": "NT",
        "price": "5000",
        "price_per_unit": "5000",
        "price_unit": "EA"
      }
    ]
  },
  {
    "source_url": "https://www.woolworths.com.au/shop/productdetails/1075557245/masterfoods-soy-sauce-3l-bottle-bulk",
    "name": "Masterfoods Soy Sauce 3L Bottle Bulk",
    "image_url": "https://cdn1.woolworths.media/content/wowproductimages/large/1075557245.jpg",
    "source_id": "Woolworths - 1075557245",
    "barcode": null,
    "shop": "Woolworths",
    "weight": "1EA",
    "prices": [
      {
        "state": "NSW",
        "price": "5000",
        "price_per_unit": "5000",
        "price_unit": "EA"
      },
      {
        "state": "VIC",
        "price": "5000",
        "price_per_unit": "5000",
        "price_unit": "EA"
      },
      {
        "state": "QLD",
        "price": "5000",
        "price_per_unit": "5000",
        "price_unit": "EA"
      },
      {
        "state": "WA",
        "price": "5000",
        "price_per_unit": "5000",
        "price_unit": "EA"
      },
      {
        "state": "SA",
        "price": "5000",
        "price_per_unit": "5000",
        "price_unit": "EA"
      },
      {
        "state": "TAS",
        "price": "5000",
        "price_per_unit": "5000",
        "price_unit": "EA"
      },
      {
        "state": "ACT",
        "price": "5000",
        "price_per_unit": "5000",
        "price_unit": "EA"
      },
      {
        "state": "NT",
        "price": "5000",
        "price_per_unit": "5000",
        "price_unit": "EA"
      }
    ]
  },
  {
    "source_url": "https://www.woolworths.com.au/shop/productdetails/1075557244/masterfoods-sweet-sour-sauce-2-7kg-bottle-bulk",
    "name": "Masterfoods Sweet & Sour Sauce 2.7kg Bottle Bulk",
    "image_url": "https://cdn1.woolworths.media/content/wowproductimages/large/1075557244.jpg",
    "source_id": "Woolworths - 1075557244",
    "barcode": null,
    "shop": "Woolworths",
    "weight": "1EA",
    "prices": [
      {
        "state": "NSW",
        "price": "5495",
        "price_per_unit": "5495",
        "price_unit": "EA"
      },
      {
        "state": "VIC",
        "price": "5495",
        "price_per_unit": "5495",
        "price_unit": "EA"
      },
      {
        "state": "QLD",
        "price": "5495",
        "price_per_unit": "5495",
        "price_unit": "EA"
      },
      {
        "state": "WA",
        "price": "5495",
        "price_per_unit": "5495",
        "price_unit": "EA"
      },
      {
        "state": "SA",
        "price": "5495",
        "price_per_unit": "5495",
        "price_unit": "EA"
      },
      {
        "state": "TAS",
        "price": "5495",
        "price_per_unit": "5495",
        "price_unit": "EA"
      },
      {
        "state": "ACT",
        "price": "5495",
        "price_per_unit": "5495",
        "price_unit": "EA"
      },
      {
        "state": "NT",
        "price": "5495",
        "price_per_unit": "5495",
        "price_unit": "EA"
      }
    ]
  },
  {
    "source_url": "https://www.woolworths.com.au/shop/productdetails/1075501742/masterfoods-sweet-sour-sauce-squeezy-individual-portions-10g-100-carton-squeeze-bulk-box",
    "name": "Masterfoods Sweet & Sour Sauce Squeezy Individual Portions 10g 100 Carton Squeeze Bulk Box",
    "image_url": "https://cdn1.woolworths.media/content/wowproductimages/large/1075501742.jpg",
    "source_id": "Woolworths - 1075501742",
    "barcode": null,
    "shop": "Woolworths",
    "weight": "1EA",
    "prices": [
      {
        "state": "NSW",
        "price": "5495",
        "price_per_unit": "55",
        "price_unit": "EA"
      },
      {
        "state": "VIC",
        "price": "5495",
        "price_per_unit": "55",
        "price_unit": "EA"
      },
      {
        "state": "QLD",
        "price": "5495",
        "price_per_unit": "55",
        "price_unit": "EA"
      },
      {
        "state": "WA",
        "price": "5495",
        "price_per_unit": "55",
        "price_unit": "EA"
      },
      {
        "state": "SA",
        "price": "5495",
        "price_per_unit": "55",
        "price_unit": "EA"
      },
      {
        "state": "TAS",
        "price": "5495",
        "price_per_unit": "55",
        "price_unit": "EA"
      },
      {
        "state": "ACT",
        "price": "5495",
        "price_per_unit": "55",
        "price_unit": "EA"
      },
      {
        "state": "NT",
        "price": "5495",
        "price_per_unit": "55",
        "price_unit": "EA"
      }
    ]
  },
  {
    "source_url": "https://www.woolworths.com.au/shop/productdetails/329808/meiji-biscuit-hello-panda-snacks-chocolate",
    "name": "Meiji Biscuit Hello Panda Snacks Chocolate 50g",
    "image_url": "https://cdn1.woolworths.media/content/wowproductimages/large/329808.jpg",
    "source_id": "Woolworths - 329808",
    "barcode": "8888077102023",
    "shop": "Woolworths",
    "weight": "100G",
    "prices": [
      {
        "state": "NSW",
        "price": "135",
        "price_per_unit": "270",
        "price_unit": "G"
      },
      {
        "state": "VIC",
        "price": "135",
        "price_per_unit": "270",
        "price_unit": "G"
      },
      {
        "state": "QLD",
        "price": "135",
        "price_per_unit": "270",
        "price_unit": "G"
      },
      {
        "state": "WA",
        "price": "135",
        "price_per_unit": "270",
        "price_unit": "G"
      },
      {
        "state": "SA",
        "price": "135",
        "price_per_unit": "270",
        "price_unit": "G"
      },
      {
        "state": "TAS",
        "price": "210",
        "price_per_unit": "420",
        "price_unit": "G"
      },
      {
        "state": "ACT",
        "price": "210",
        "price_per_unit": "420",
        "price_unit": "G"
      },
      {
        "state": "NT",
        "price": "210",
        "price_per_unit": "420",
        "price_unit": "G"
      }
    ]
  },
  {
    "source_url": "https://www.woolworths.com.au/shop/productdetails/109275/meiji-yan-yan-snacks-chocolate",
    "name": "Meiji Yan Yan Snacks Chocolate 50g",
    "image_url": "https://cdn1.woolworths.media/content/wowproductimages/large/109275.jpg",
    "source_id": "Woolworths - 109275",
    "barcode": "8888077101101",
    "shop": "Woolworths",
    "weight": "100G",
    "prices": [
      {
        "state": "NSW",
        "price": "135",
        "price_per_unit": "270",
        "price_unit": "G"
      },
      {
        "state": "VIC",
        "price": "135",
        "price_per_unit": "270",
        "price_unit": "G"
      },
      {
        "state": "QLD",
        "price": "135",
        "price_per_unit": "270",
        "price_unit": "G"
      },
      {
        "state": "WA",
        "price": "135",
        "price_per_unit": "270",
        "price_unit": "G"
      },
      {
        "state": "SA",
        "price": "135",
        "price_per_unit": "270",
        "price_unit": "G"
      },
      {
        "state": "TAS",
        "price": "210",
        "price_per_unit": "420",
        "price_unit": "G"
      },
      {
        "state": "ACT",
        "price": "210",
        "price_per_unit": "420",
        "price_unit": "G"
      },
      {
        "state": "NT",
        "price": "210",
        "price_per_unit": "420",
        "price_unit": "G"
      }
    ]
  },
  {
    "source_url": "https://www.woolworths.com.au/shop/productdetails/750105/mesona-grass-jelly-drink",
    "name": "Mesona Grass Jelly Drink 320g",
    "image_url": "https://cdn1.woolworths.media/content/wowproductimages/large/750105.jpg",
    "source_id": "Woolworths - 750105",
    "barcode": "4710979660049",
    "shop": "Woolworths",
    "weight": "1KG",
    "prices": [
      {
        "state": "NSW",
        "price": "170",
        "price_per_unit": "531",
        "price_unit": "KG"
      },
      {
        "state": "VIC",
        "price": "170",
        "price_per_unit": "531",
        "price_unit": "KG"
      },
      {
        "state": "QLD",
        "price": "170",
        "price_per_unit": "531",
        "price_unit": "KG"
      },
      {
        "state": "WA",
        "price": "170",
        "price_per_unit": "531",
        "price_unit": "KG"
      },
      {
        "state": "SA",
        "price": "170",
        "price_per_unit": "531",
        "price_unit": "KG"
      },
      {
        "state": "TAS",
        "price": "170",
        "price_per_unit": "531",
        "price_unit": "KG"
      },
      {
        "state": "ACT",
        "price": "170",
        "price_per_unit": "531",
        "price_unit": "KG"
      },
      {
        "state": "NT",
        "price": "170",
        "price_per_unit": "531",
        "price_unit": "KG"
      }
    ]
  },
  {
    "source_url": "https://www.woolworths.com.au/shop/productdetails/486800/mi-sedaap-mi-goreng-instant-noodles",
    "name": "Mi Sedaap Mi Goreng Instant Noodles 5 pack",
    "image_url": "https://cdn1.woolworths.media/content/wowproductimages/large/486800.jpg",
    "source_id": "Woolworths - 486800",
    "barcode": "8998866619738",
    "shop": "Woolworths",
    "weight": "100G",
    "prices": [
      {
        "state": "NSW",
        "price": "360",
        "price_per_unit": "80",
        "price_unit": "G"
      },
      {
        "state": "VIC",
        "price": "360",
        "price_per_unit": "80",
        "price_unit": "G"
      },
      {
        "state": "QLD",
        "price": "360",
        "price_per_unit": "80",
        "price_unit": "G"
      },
      {
        "state": "WA",
        "price": "360",
        "price_per_unit": "80",
        "price_unit": "G"
      },
      {
        "state": "SA",
        "price": "360",
        "price_per_unit": "80",
        "price_unit": "G"
      },
      {
        "state": "TAS",
        "price": "360",
        "price_per_unit": "80",
        "price_unit": "G"
      },
      {
        "state": "ACT",
        "price": "360",
        "price_per_unit": "80",
        "price_unit": "G"
      },
      {
        "state": "NT",
        "price": "360",
        "price_per_unit": "80",
        "price_unit": "G"
      }
    ]
  },
  {
    "source_url": "https://www.woolworths.com.au/shop/productdetails/1075350605/miracle-noodle-green-curry-6-x-280g",
    "name": "Miracle Noodle Green Curry 6 x 280g",
    "image_url": "https://cdn1.woolworths.media/content/wowproductimages/large/1075350605.jpg",
    "source_id": "Woolworths - 1075350605",
    "barcode": null,
    "shop": "Woolworths",
    "weight": "100G",
    "prices": [
      {
        "state": "NSW",
        "price": "4165",
        "price_per_unit": "248",
        "price_unit": "G"
      },
      {
        "state": "VIC",
        "price": "4165",
        "price_per_unit": "248",
        "price_unit": "G"
      },
      {
        "state": "QLD",
        "price": "4165",
        "price_per_unit": "248",
        "price_unit": "G"
      },
      {
        "state": "WA",
        "price": "4165",
        "price_per_unit": "248",
        "price_unit": "G"
      },
      {
        "state": "SA",
        "price": "4165",
        "price_per_unit": "248",
        "price_unit": "G"
      },
      {
        "state": "TAS",
        "price": "4165",
        "price_per_unit": "248",
        "price_unit": "G"
      },
      {
        "state": "ACT",
        "price": "4165",
        "price_per_unit": "248",
        "price_unit": "G"
      },
      {
        "state": "NT",
        "price": "4165",
        "price_per_unit": "248",
        "price_unit": "G"
      }
    ]
  },
  {
    "source_url": "https://www.woolworths.com.au/shop/productdetails/1075350621/miracle-noodle-thai-tom-yum-noodle-soup-6-x-280g",
    "name": "Miracle Noodle Thai Tom Yum Noodle Soup 6 x 280g",
    "image_url": "https://cdn1.woolworths.media/content/wowproductimages/large/1075350621.jpg",
    "source_id": "Woolworths - 1075350621",
    "barcode": null,
    "shop": "Woolworths",
    "weight": "100G",
    "prices": [
      {
        "state": "NSW",
        "price": "4165",
        "price_per_unit": "248",
        "price_unit": "G"
      },
      {
        "state": "VIC",
        "price": "4165",
        "price_per_unit": "248",
        "price_unit": "G"
      },
      {
        "state": "QLD",
        "price": "4165",
        "price_per_unit": "248",
        "price_unit": "G"
      },
      {
        "state": "WA",
        "price": "4165",
        "price_per_unit": "248",
        "price_unit": "G"
      },
      {
        "state": "SA",
        "price": "4165",
        "price_per_unit": "248",
        "price_unit": "G"
      },
      {
        "state": "TAS",
        "price": "4165",
        "price_per_unit": "248",
        "price_unit": "G"
      },
      {
        "state": "ACT",
        "price": "4165",
        "price_per_unit": "248",
        "price_unit": "G"
      },
      {
        "state": "NT",
        "price": "4165",
        "price_per_unit": "248",
        "price_unit": "G"
      }
    ]
  },
  {
    "source_url": "https://www.woolworths.com.au/shop/productdetails/1075350623/miracle-noodle-vegan-spaghetti-marinara-6-x-280g",
    "name": "Miracle Noodle Vegan Spaghetti Marinara 6 x 280g",
    "image_url": "https://cdn1.woolworths.media/content/wowproductimages/large/1075350623.jpg",
    "source_id": "Woolworths - 1075350623",
    "barcode": null,
    "shop": "Woolworths",
    "weight": "100G",
    "prices": [
      {
        "state": "NSW",
        "price": "4165",
        "price_per_unit": "248",
        "price_unit": "G"
      },
      {
        "state": "VIC",
        "price": "4165",
        "price_per_unit": "248",
        "price_unit": "G"
      },
      {
        "state": "QLD",
        "price": "4165",
        "price_per_unit": "248",
        "price_unit": "G"
      },
      {
        "state": "WA",
        "price": "4165",
        "price_per_unit": "248",
        "price_unit": "G"
      },
      {
        "state": "SA",
        "price": "4165",
        "price_per_unit": "248",
        "price_unit": "G"
      },
      {
        "state": "TAS",
        "price": "4165",
        "price_per_unit": "248",
        "price_unit": "G"
      },
      {
        "state": "ACT",
        "price": "4165",
        "price_per_unit": "248",
        "price_unit": "G"
      },
      {
        "state": "NT",
        "price": "4165",
        "price_per_unit": "248",
        "price_unit": "G"
      }
    ]
  },
  {
    "source_url": "https://www.woolworths.com.au/shop/productdetails/122037/miso-tasty-red-miso-paste",
    "name": "Miso Tasty Red Miso Paste 200g",
    "image_url": "https://cdn1.woolworths.media/content/wowproductimages/large/122037.jpg",
    "source_id": "Woolworths - 122037",
    "barcode": "5060366570635",
    "shop": "Woolworths",
    "weight": "100G",
    "prices": [
      {
        "state": "NSW",
        "price": "595",
        "price_per_unit": "298",
        "price_unit": "G"
      },
      {
        "state": "VIC",
        "price": "595",
        "price_per_unit": "298",
        "price_unit": "G"
      },
      {
        "state": "QLD",
        "price": "595",
        "price_per_unit": "298",
        "price_unit": "G"
      },
      {
        "state": "WA",
        "price": "595",
        "price_per_unit": "298",
        "price_unit": "G"
      },
      {
        "state": "SA",
        "price": "595",
        "price_per_unit": "298",
        "price_unit": "G"
      },
      {
        "state": "TAS",
        "price": "795",
        "price_per_unit": "398",
        "price_unit": "G"
      },
      {
        "state": "ACT",
        "price": "795",
        "price_per_unit": "398",
        "price_unit": "G"
      },
      {
        "state": "NT",
        "price": "795",
        "price_per_unit": "398",
        "price_unit": "G"
      }
    ]
  },
  {
    "source_url": "https://www.woolworths.com.au/shop/productdetails/122044/miso-tasty-white-miso-paste",
    "name": "Miso Tasty White Miso Paste 200g",
    "image_url": "https://cdn1.woolworths.media/content/wowproductimages/large/122044.jpg",
    "source_id": "Woolworths - 122044",
    "barcode": "5060366570628",
    "shop": "Woolworths",
    "weight": "100G",
    "prices": [
      {
        "state": "NSW",
        "price": "595",
        "price_per_unit": "298",
        "price_unit": "G"
      },
      {
        "state": "VIC",
        "price": "595",
        "price_per_unit": "298",
        "price_unit": "G"
      },
      {
        "state": "QLD",
        "price": "595",
        "price_per_unit": "298",
        "price_unit": "G"
      },
      {
        "state": "WA",
        "price": "595",
        "price_per_unit": "298",
        "price_unit": "G"
      },
      {
        "state": "SA",
        "price": "595",
        "price_per_unit": "298",
        "price_unit": "G"
      },
      {
        "state": "TAS",
        "price": "795",
        "price_per_unit": "398",
        "price_unit": "G"
      },
      {
        "state": "ACT",
        "price": "795",
        "price_per_unit": "398",
        "price_unit": "G"
      },
      {
        "state": "NT",
        "price": "795",
        "price_per_unit": "398",
        "price_unit": "G"
      }
    ]
  },
  {
    "source_url": "https://www.woolworths.com.au/shop/productdetails/829182/mogu-mogu-drink-lychee",
    "name": "Mogu Mogu Drink Lychee 320ml",
    "image_url": "https://cdn1.woolworths.media/content/wowproductimages/large/829182.jpg",
    "source_id": "Woolworths - 829182",
    "barcode": "8850389100684",
    "shop": "Woolworths",
    "weight": "1L",
    "prices": [
      {
        "state": "NSW",
        "price": "220",
        "price_per_unit": "688",
        "price_unit": "L"
      },
      {
        "state": "VIC",
        "price": "220",
        "price_per_unit": "688",
        "price_unit": "L"
      },
      {
        "state": "QLD",
        "price": "220",
        "price_per_unit": "688",
        "price_unit": "L"
      },
      {
        "state": "WA",
        "price": "220",
        "price_per_unit": "688",
        "price_unit": "L"
      },
      {
        "state": "TAS",
        "price": "220",
        "price_per_unit": "688",
        "price_unit": "L"
      },
      {
        "state": "ACT",
        "price": "220",
        "price_per_unit": "688",
        "price_unit": "L"
      },
      {
        "state": "NT",
        "price": "220",
        "price_per_unit": "688",
        "price_unit": "L"
      }
    ]
  },
  {
    "source_url": "https://www.woolworths.com.au/shop/productdetails/829195/mogu-mogu-drink-mango",
    "name": "Mogu Mogu Drink Mango 320ml",
    "image_url": "https://cdn1.woolworths.media/content/wowproductimages/large/829195.jpg",
    "source_id": "Woolworths - 829195",
    "barcode": "8850389100769",
    "shop": "Woolworths",
    "weight": "1L",
    "prices": [
      {
        "state": "NSW",
        "price": "220",
        "price_per_unit": "688",
        "price_unit": "L"
      },
      {
        "state": "VIC",
        "price": "220",
        "price_per_unit": "688",
        "price_unit": "L"
      },
      {
        "state": "QLD",
        "price": "220",
        "price_per_unit": "688",
        "price_unit": "L"
      },
      {
        "state": "WA",
        "price": "220",
        "price_per_unit": "688",
        "price_unit": "L"
      },
      {
        "state": "SA",
        "price": "220",
        "price_per_unit": "688",
        "price_unit": "L"
      },
      null,
      {
        "state": "ACT",
        "price": "220",
        "price_per_unit": "688",
        "price_unit": "L"
      },
      {
        "state": "NT",
        "price": "220",
        "price_per_unit": "688",
        "price_unit": "L"
      }
    ]
  },
  {
    "source_url": "https://www.woolworths.com.au/shop/productdetails/66833/mogu-mogu-grape-drink",
    "name": "Mogu Mogu Grape Drink 320ml",
    "image_url": "https://cdn1.woolworths.media/content/wowproductimages/large/066833.jpg",
    "source_id": "Woolworths - 66833",
    "barcode": "8850389101391",
    "shop": "Woolworths",
    "weight": "1L",
    "prices": [
      {
        "state": "NSW",
        "price": "220",
        "price_per_unit": "688",
        "price_unit": "L"
      },
      {
        "state": "VIC",
        "price": "220",
        "price_per_unit": "688",
        "price_unit": "L"
      },
      {
        "state": "QLD",
        "price": "220",
        "price_per_unit": "688",
        "price_unit": "L"
      },
      {
        "state": "WA",
        "price": "220",
        "price_per_unit": "688",
        "price_unit": "L"
      },
      {
        "state": "SA",
        "price": "220",
        "price_per_unit": "688",
        "price_unit": "L"
      },
      {
        "state": "TAS",
        "price": "220",
        "price_per_unit": "688",
        "price_unit": "L"
      },
      {
        "state": "NT",
        "price": "220",
        "price_per_unit": "688",
        "price_unit": "L"
      }
    ]
  },
  {
    "source_url": "https://www.woolworths.com.au/shop/productdetails/67416/mogu-mogu-peach-drink",
    "name": "Mogu Mogu Peach Drink 320ml",
    "image_url": "https://cdn1.woolworths.media/content/wowproductimages/large/067416.jpg",
    "source_id": "Woolworths - 67416",
    "barcode": "8850389106280",
    "shop": "Woolworths",
    "weight": "100ML",
    "prices": [
      {
        "state": "NSW",
        "price": "220",
        "price_per_unit": "69",
        "price_unit": "ML"
      },
      {
        "state": "VIC",
        "price": "220",
        "price_per_unit": "69",
        "price_unit": "ML"
      },
      {
        "state": "QLD",
        "price": "220",
        "price_per_unit": "69",
        "price_unit": "ML"
      },
      {
        "state": "WA",
        "price": "220",
        "price_per_unit": "69",
        "price_unit": "ML"
      },
      {
        "state": "SA",
        "price": "220",
        "price_per_unit": "69",
        "price_unit": "ML"
      },
      {
        "state": "TAS",
        "price": "220",
        "price_per_unit": "69",
        "price_unit": "ML"
      },
      {
        "state": "NT",
        "price": "220",
        "price_per_unit": "69",
        "price_unit": "ML"
      }
    ]
  },
  {
    "source_url": "https://www.woolworths.com.au/shop/productdetails/234428/mr-chen-s-dumpling-sauce",
    "name": "Mr Chen's Dumpling Sauce 250ml",
    "image_url": "https://cdn1.woolworths.media/content/wowproductimages/large/234428.jpg",
    "source_id": "Woolworths - 234428",
    "barcode": "9349673004320",
    "shop": "Woolworths",
    "weight": "100ML",
    "prices": [
      {
        "state": "NSW",
        "price": "285",
        "price_per_unit": "114",
        "price_unit": "ML"
      },
      {
        "state": "VIC",
        "price": "285",
        "price_per_unit": "114",
        "price_unit": "ML"
      },
      {
        "state": "QLD",
        "price": "285",
        "price_per_unit": "114",
        "price_unit": "ML"
      },
      {
        "state": "WA",
        "price": "285",
        "price_per_unit": "114",
        "price_unit": "ML"
      },
      {
        "state": "SA",
        "price": "285",
        "price_per_unit": "114",
        "price_unit": "ML"
      },
      {
        "state": "TAS",
        "price": "285",
        "price_per_unit": "114",
        "price_unit": "ML"
      },
      {
        "state": "ACT",
        "price": "285",
        "price_per_unit": "114",
        "price_unit": "ML"
      },
      {
        "state": "NT",
        "price": "285",
        "price_per_unit": "114",
        "price_unit": "ML"
      }
    ]
  },
  {
    "source_url": "https://www.woolworths.com.au/shop/productdetails/122220/mr-chen-s-hoisin-sauce",
    "name": "Mr Chen's Hoisin Sauce 250ml",
    "image_url": "https://cdn1.woolworths.media/content/wowproductimages/large/122220.jpg",
    "source_id": "Woolworths - 122220",
    "barcode": "9349673003712",
    "shop": "Woolworths",
    "weight": "100ML",
    "prices": [
      {
        "state": "NSW",
        "price": "285",
        "price_per_unit": "114",
        "price_unit": "ML"
      },
      {
        "state": "VIC",
        "price": "285",
        "price_per_unit": "114",
        "price_unit": "ML"
      },
      {
        "state": "QLD",
        "price": "285",
        "price_per_unit": "114",
        "price_unit": "ML"
      },
      {
        "state": "WA",
        "price": "285",
        "price_per_unit": "114",
        "price_unit": "ML"
      },
      {
        "state": "SA",
        "price": "285",
        "price_per_unit": "114",
        "price_unit": "ML"
      },
      {
        "state": "TAS",
        "price": "285",
        "price_per_unit": "114",
        "price_unit": "ML"
      },
      {
        "state": "ACT",
        "price": "285",
        "price_per_unit": "114",
        "price_unit": "ML"
      },
      {
        "state": "NT",
        "price": "285",
        "price_per_unit": "114",
        "price_unit": "ML"
      }
    ]
  },
  {
    "source_url": "https://www.woolworths.com.au/shop/productdetails/123586/mr-chen-s-hokkien-noodles",
    "name": "Mr Chen's Hokkien Noodles 400g",
    "image_url": "https://cdn1.woolworths.media/content/wowproductimages/large/123586.jpg",
    "source_id": "Woolworths - 123586",
    "barcode": "9349673003446",
    "shop": "Woolworths",
    "weight": "100G",
    "prices": [
      {
        "state": "NSW",
        "price": "185",
        "price_per_unit": "46",
        "price_unit": "G"
      },
      {
        "state": "VIC",
        "price": "185",
        "price_per_unit": "46",
        "price_unit": "G"
      },
      {
        "state": "QLD",
        "price": "185",
        "price_per_unit": "46",
        "price_unit": "G"
      },
      {
        "state": "WA",
        "price": "185",
        "price_per_unit": "46",
        "price_unit": "G"
      },
      {
        "state": "SA",
        "price": "185",
        "price_per_unit": "46",
        "price_unit": "G"
      },
      {
        "state": "TAS",
        "price": "185",
        "price_per_unit": "46",
        "price_unit": "G"
      },
      {
        "state": "ACT",
        "price": "185",
        "price_per_unit": "46",
        "price_unit": "G"
      },
      {
        "state": "NT",
        "price": "185",
        "price_per_unit": "46",
        "price_unit": "G"
      }
    ]
  },
  {
    "source_url": "https://www.woolworths.com.au/shop/productdetails/123888/mr-chen-s-japanese-ramen-kit",
    "name": "Mr Chen's Japanese Ramen Kit 604g",
    "image_url": "https://cdn1.woolworths.media/content/wowproductimages/large/123888.jpg",
    "source_id": "Woolworths - 123888",
    "barcode": "9349673002838",
    "shop": "Woolworths",
    "weight": "100G",
    "prices": [
      {
        "state": "NSW",
        "price": "850",
        "price_per_unit": "141",
        "price_unit": "G"
      },
      {
        "state": "VIC",
        "price": "850",
        "price_per_unit": "141",
        "price_unit": "G"
      },
      {
        "state": "QLD",
        "price": "850",
        "price_per_unit": "141",
        "price_unit": "G"
      },
      {
        "state": "WA",
        "price": "850",
        "price_per_unit": "141",
        "price_unit": "G"
      },
      {
        "state": "SA",
        "price": "850",
        "price_per_unit": "141",
        "price_unit": "G"
      },
      {
        "state": "TAS",
        "price": "850",
        "price_per_unit": "141",
        "price_unit": "G"
      },
      {
        "state": "ACT",
        "price": "850",
        "price_per_unit": "141",
        "price_unit": "G"
      },
      {
        "state": "NT",
        "price": "850",
        "price_per_unit": "141",
        "price_unit": "G"
      }
    ]
  },
  {
    "source_url": "https://www.woolworths.com.au/shop/productdetails/234427/mr-chen-s-meal-kit-thai-basil-chilli-stir-fry-with-rice",
    "name": "Mr Chen's Meal Kit Thai Basil Chilli Stir-Fry With Rice 376g",
    "image_url": "https://cdn1.woolworths.media/content/wowproductimages/large/234427.jpg",
    "source_id": "Woolworths - 234427",
    "barcode": "9349673004412",
    "shop": "Woolworths",
    "weight": "100G",
    "prices": [
      {
        "state": "NSW",
        "price": "850",
        "price_per_unit": "226",
        "price_unit": "G"
      },
      {
        "state": "VIC",
        "price": "850",
        "price_per_unit": "226",
        "price_unit": "G"
      },
      {
        "state": "QLD",
        "price": "850",
        "price_per_unit": "226",
        "price_unit": "G"
      },
      {
        "state": "WA",
        "price": "850",
        "price_per_unit": "226",
        "price_unit": "G"
      },
      {
        "state": "SA",
        "price": "850",
        "price_per_unit": "226",
        "price_unit": "G"
      },
      {
        "state": "TAS",
        "price": "850",
        "price_per_unit": "226",
        "price_unit": "G"
      },
      {
        "state": "ACT",
        "price": "850",
        "price_per_unit": "226",
        "price_unit": "G"
      },
      {
        "state": "NT",
        "price": "850",
        "price_per_unit": "226",
        "price_unit": "G"
      }
    ]
  },
  {
    "source_url": "https://www.woolworths.com.au/shop/productdetails/122359/mr-chen-s-oyster-sauce",
    "name": "Mr Chen's Oyster Sauce 250ml",
    "image_url": "https://cdn1.woolworths.media/content/wowproductimages/large/122359.jpg",
    "source_id": "Woolworths - 122359",
    "barcode": "9349673003699",
    "shop": "Woolworths",
    "weight": "100ML",
    "prices": [
      {
        "state": "NSW",
        "price": "285",
        "price_per_unit": "114",
        "price_unit": "ML"
      },
      {
        "state": "VIC",
        "price": "285",
        "price_per_unit": "114",
        "price_unit": "ML"
      },
      {
        "state": "QLD",
        "price": "285",
        "price_per_unit": "114",
        "price_unit": "ML"
      },
      {
        "state": "WA",
        "price": "285",
        "price_per_unit": "114",
        "price_unit": "ML"
      },
      {
        "state": "SA",
        "price": "285",
        "price_per_unit": "114",
        "price_unit": "ML"
      },
      {
        "state": "TAS",
        "price": "285",
        "price_per_unit": "114",
        "price_unit": "ML"
      },
      {
        "state": "ACT",
        "price": "285",
        "price_per_unit": "114",
        "price_unit": "ML"
      },
      {
        "state": "NT",
        "price": "285",
        "price_per_unit": "114",
        "price_unit": "ML"
      }
    ]
  },
  {
    "source_url": "https://www.woolworths.com.au/shop/productdetails/234701/mr-chen-s-pad-thai-meal-kit",
    "name": "Mr Chen's Pad Thai Meal Kit 324g",
    "image_url": "https://cdn1.woolworths.media/content/wowproductimages/large/234701.jpg",
    "source_id": "Woolworths - 234701",
    "barcode": "9349673004429",
    "shop": "Woolworths",
    "weight": "100G",
    "prices": [
      {
        "state": "NSW",
        "price": "850",
        "price_per_unit": "262",
        "price_unit": "G"
      },
      {
        "state": "VIC",
        "price": "850",
        "price_per_unit": "262",
        "price_unit": "G"
      },
      {
        "state": "QLD",
        "price": "850",
        "price_per_unit": "262",
        "price_unit": "G"
      },
      {
        "state": "WA",
        "price": "850",
        "price_per_unit": "262",
        "price_unit": "G"
      },
      {
        "state": "SA",
        "price": "850",
        "price_per_unit": "262",
        "price_unit": "G"
      },
      {
        "state": "TAS",
        "price": "850",
        "price_per_unit": "262",
        "price_unit": "G"
      },
      {
        "state": "ACT",
        "price": "850",
        "price_per_unit": "262",
        "price_unit": "G"
      },
      {
        "state": "NT",
        "price": "850",
        "price_per_unit": "262",
        "price_unit": "G"
      }
    ]
  },
  {
    "source_url": "https://www.woolworths.com.au/shop/productdetails/122677/mr-chen-s-panko-bread-crumbs",
    "name": "Mr Chen's Panko Bread Crumbs 250g",
    "image_url": "https://cdn1.woolworths.media/content/wowproductimages/large/122677.jpg",
    "source_id": "Woolworths - 122677",
    "barcode": "9349673003613",
    "shop": "Woolworths",
    "weight": "100G",
    "prices": [
      {
        "state": "NSW",
        "price": "250",
        "price_per_unit": "100",
        "price_unit": "G"
      },
      {
        "state": "VIC",
        "price": "250",
        "price_per_unit": "100",
        "price_unit": "G"
      },
      {
        "state": "QLD",
        "price": "250",
        "price_per_unit": "100",
        "price_unit": "G"
      },
      {
        "state": "WA",
        "price": "250",
        "price_per_unit": "100",
        "price_unit": "G"
      },
      {
        "state": "SA",
        "price": "250",
        "price_per_unit": "100",
        "price_unit": "G"
      },
      {
        "state": "TAS",
        "price": "250",
        "price_per_unit": "100",
        "price_unit": "G"
      },
      {
        "state": "ACT",
        "price": "250",
        "price_per_unit": "100",
        "price_unit": "G"
      },
      {
        "state": "NT",
        "price": "250",
        "price_per_unit": "100",
        "price_unit": "G"
      }
    ]
  },
  {
    "source_url": "https://www.woolworths.com.au/shop/productdetails/234634/mr-chen-s-premium-pad-thai-noodles",
    "name": "Mr Chen's Premium Pad Thai Noodles 300g",
    "image_url": "https://cdn1.woolworths.media/content/wowproductimages/large/234634.jpg",
    "source_id": "Woolworths - 234634",
    "barcode": "9349673004283",
    "shop": "Woolworths",
    "weight": "100G",
    "prices": [
      {
        "state": "NSW",
        "price": "235",
        "price_per_unit": "78",
        "price_unit": "G"
      },
      {
        "state": "VIC",
        "price": "235",
        "price_per_unit": "78",
        "price_unit": "G"
      },
      {
        "state": "QLD",
        "price": "235",
        "price_per_unit": "78",
        "price_unit": "G"
      },
      {
        "state": "WA",
        "price": "235",
        "price_per_unit": "78",
        "price_unit": "G"
      },
      {
        "state": "SA",
        "price": "235",
        "price_per_unit": "78",
        "price_unit": "G"
      },
      {
        "state": "TAS",
        "price": "235",
        "price_per_unit": "78",
        "price_unit": "G"
      },
      {
        "state": "ACT",
        "price": "235",
        "price_per_unit": "78",
        "price_unit": "G"
      },
      {
        "state": "NT",
        "price": "235",
        "price_per_unit": "78",
        "price_unit": "G"
      }
    ]
  },
  {
    "source_url": "https://www.woolworths.com.au/shop/productdetails/234591/mr-chen-s-premium-thai-coconut-cream-gluten-free",
    "name": "Mr Chen's Premium Thai Coconut Cream Gluten Free 400ml",
    "image_url": "https://cdn1.woolworths.media/content/wowproductimages/large/234591.jpg",
    "source_id": "Woolworths - 234591",
    "barcode": "9349673004344",
    "shop": "Woolworths",
    "weight": "100ML",
    "prices": [
      {
        "state": "NSW",
        "price": "170",
        "price_per_unit": "43",
        "price_unit": "ML"
      },
      {
        "state": "VIC",
        "price": "170",
        "price_per_unit": "43",
        "price_unit": "ML"
      },
      {
        "state": "QLD",
        "price": "170",
        "price_per_unit": "43",
        "price_unit": "ML"
      },
      {
        "state": "WA",
        "price": "170",
        "price_per_unit": "43",
        "price_unit": "ML"
      },
      {
        "state": "SA",
        "price": "170",
        "price_per_unit": "43",
        "price_unit": "ML"
      },
      {
        "state": "TAS",
        "price": "200",
        "price_per_unit": "50",
        "price_unit": "ML"
      },
      {
        "state": "ACT",
        "price": "200",
        "price_per_unit": "50",
        "price_unit": "ML"
      },
      {
        "state": "NT",
        "price": "200",
        "price_per_unit": "50",
        "price_unit": "ML"
      }
    ]
  },
  {
    "source_url": "https://www.woolworths.com.au/shop/productdetails/234407/mr-chen-s-ramen-noodles",
    "name": "Mr Chen's Ramen Noodles 270g",
    "image_url": "https://cdn1.woolworths.media/content/wowproductimages/large/234407.jpg",
    "source_id": "Woolworths - 234407",
    "barcode": "9349673004252",
    "shop": "Woolworths",
    "weight": "100G",
    "prices": [
      {
        "state": "NSW",
        "price": "200",
        "price_per_unit": "74",
        "price_unit": "G"
      },
      {
        "state": "VIC",
        "price": "200",
        "price_per_unit": "74",
        "price_unit": "G"
      },
      {
        "state": "QLD",
        "price": "200",
        "price_per_unit": "74",
        "price_unit": "G"
      },
      {
        "state": "WA",
        "price": "200",
        "price_per_unit": "74",
        "price_unit": "G"
      },
      {
        "state": "SA",
        "price": "200",
        "price_per_unit": "74",
        "price_unit": "G"
      },
      {
        "state": "TAS",
        "price": "250",
        "price_per_unit": "93",
        "price_unit": "G"
      },
      {
        "state": "ACT",
        "price": "250",
        "price_per_unit": "93",
        "price_unit": "G"
      },
      {
        "state": "NT",
        "price": "250",
        "price_per_unit": "93",
        "price_unit": "G"
      }
    ]
  },
  {
    "source_url": "https://www.woolworths.com.au/shop/productdetails/123041/mr-chen-s-rice-wine-vinegar",
    "name": "Mr Chen's Rice Wine Vinegar 250ml",
    "image_url": "https://cdn1.woolworths.media/content/wowproductimages/large/123041.jpg",
    "source_id": "Woolworths - 123041",
    "barcode": "9349673003675",
    "shop": "Woolworths",
    "weight": "100ML",
    "prices": [
      {
        "state": "NSW",
        "price": "230",
        "price_per_unit": "92",
        "price_unit": "ML"
      },
      {
        "state": "VIC",
        "price": "230",
        "price_per_unit": "92",
        "price_unit": "ML"
      },
      {
        "state": "QLD",
        "price": "230",
        "price_per_unit": "92",
        "price_unit": "ML"
      },
      {
        "state": "WA",
        "price": "230",
        "price_per_unit": "92",
        "price_unit": "ML"
      },
      {
        "state": "SA",
        "price": "230",
        "price_per_unit": "92",
        "price_unit": "ML"
      },
      {
        "state": "TAS",
        "price": "230",
        "price_per_unit": "92",
        "price_unit": "ML"
      },
      null,
      {
        "state": "NT",
        "price": "230",
        "price_per_unit": "92",
        "price_unit": "ML"
      }
    ]
  },
  {
    "source_url": "https://www.woolworths.com.au/shop/productdetails/122269/mr-chen-s-satay-chicken-noodles-kit",
    "name": "Mr Chen's Satay Chicken Noodles Kit 382g",
    "image_url": "https://cdn1.woolworths.media/content/wowproductimages/large/122269.jpg",
    "source_id": "Woolworths - 122269",
    "barcode": "9349673003743",
    "shop": "Woolworths",
    "weight": "100G",
    "prices": [
      {
        "state": "NSW",
        "price": "850",
        "price_per_unit": "223",
        "price_unit": "G"
      },
      {
        "state": "VIC",
        "price": "850",
        "price_per_unit": "223",
        "price_unit": "G"
      },
      {
        "state": "QLD",
        "price": "850",
        "price_per_unit": "223",
        "price_unit": "G"
      },
      {
        "state": "WA",
        "price": "850",
        "price_per_unit": "223",
        "price_unit": "G"
      },
      {
        "state": "SA",
        "price": "850",
        "price_per_unit": "223",
        "price_unit": "G"
      },
      {
        "state": "TAS",
        "price": "850",
        "price_per_unit": "223",
        "price_unit": "G"
      },
      {
        "state": "ACT",
        "price": "850",
        "price_per_unit": "223",
        "price_unit": "G"
      },
      {
        "state": "NT",
        "price": "850",
        "price_per_unit": "223",
        "price_unit": "G"
      }
    ]
  },
  {
    "source_url": "https://www.woolworths.com.au/shop/productdetails/122360/mr-chen-s-singapore-noodles",
    "name": "Mr Chen's Singapore Noodles 400g",
    "image_url": "https://cdn1.woolworths.media/content/wowproductimages/large/122360.jpg",
    "source_id": "Woolworths - 122360",
    "barcode": "9349673003453",
    "shop": "Woolworths",
    "weight": "100G",
    "prices": [
      {
        "state": "NSW",
        "price": "185",
        "price_per_unit": "46",
        "price_unit": "G"
      },
      {
        "state": "VIC",
        "price": "185",
        "price_per_unit": "46",
        "price_unit": "G"
      },
      {
        "state": "QLD",
        "price": "185",
        "price_per_unit": "46",
        "price_unit": "G"
      },
      {
        "state": "WA",
        "price": "185",
        "price_per_unit": "46",
        "price_unit": "G"
      },
      {
        "state": "SA",
        "price": "185",
        "price_per_unit": "46",
        "price_unit": "G"
      },
      {
        "state": "TAS",
        "price": "185",
        "price_per_unit": "46",
        "price_unit": "G"
      },
      {
        "state": "ACT",
        "price": "185",
        "price_per_unit": "46",
        "price_unit": "G"
      },
      {
        "state": "NT",
        "price": "185",
        "price_per_unit": "46",
        "price_unit": "G"
      }
    ]
  },
  {
    "source_url": "https://www.woolworths.com.au/shop/productdetails/123365/mr-chen-s-soy-sauce",
    "name": "Mr Chen's Soy Sauce 250ml",
    "image_url": "https://cdn1.woolworths.media/content/wowproductimages/large/123365.jpg",
    "source_id": "Woolworths - 123365",
    "barcode": "9349673003620",
    "shop": "Woolworths",
    "weight": "100ML",
    "prices": [
      {
        "state": "NSW",
        "price": "285",
        "price_per_unit": "114",
        "price_unit": "ML"
      },
      {
        "state": "VIC",
        "price": "285",
        "price_per_unit": "114",
        "price_unit": "ML"
      },
      {
        "state": "QLD",
        "price": "285",
        "price_per_unit": "114",
        "price_unit": "ML"
      },
      {
        "state": "WA",
        "price": "285",
        "price_per_unit": "114",
        "price_unit": "ML"
      },
      {
        "state": "SA",
        "price": "285",
        "price_per_unit": "114",
        "price_unit": "ML"
      },
      {
        "state": "TAS",
        "price": "285",
        "price_per_unit": "114",
        "price_unit": "ML"
      },
      {
        "state": "ACT",
        "price": "285",
        "price_per_unit": "114",
        "price_unit": "ML"
      },
      {
        "state": "NT",
        "price": "285",
        "price_per_unit": "114",
        "price_unit": "ML"
      }
    ]
  },
  {
    "source_url": "https://www.woolworths.com.au/shop/productdetails/123484/mr-chen-s-teriyaki-sauce",
    "name": "Mr Chen's Teriyaki Sauce 250ml",
    "image_url": "https://cdn1.woolworths.media/content/wowproductimages/large/123484.jpg",
    "source_id": "Woolworths - 123484",
    "barcode": "9349673003682",
    "shop": "Woolworths",
    "weight": "100ML",
    "prices": [
      {
        "state": "NSW",
        "price": "285",
        "price_per_unit": "114",
        "price_unit": "ML"
      },
      {
        "state": "VIC",
        "price": "285",
        "price_per_unit": "114",
        "price_unit": "ML"
      },
      {
        "state": "QLD",
        "price": "285",
        "price_per_unit": "114",
        "price_unit": "ML"
      },
      {
        "state": "WA",
        "price": "285",
        "price_per_unit": "114",
        "price_unit": "ML"
      },
      {
        "state": "SA",
        "price": "285",
        "price_per_unit": "114",
        "price_unit": "ML"
      },
      {
        "state": "TAS",
        "price": "285",
        "price_per_unit": "114",
        "price_unit": "ML"
      },
      {
        "state": "ACT",
        "price": "285",
        "price_per_unit": "114",
        "price_unit": "ML"
      },
      {
        "state": "NT",
        "price": "285",
        "price_per_unit": "114",
        "price_unit": "ML"
      }
    ]
  },
  {
    "source_url": "https://www.woolworths.com.au/shop/productdetails/224633/mr-chen-s-thai-green-curry-paste",
    "name": "Mr Chen's Thai Green Curry Paste 190g",
    "image_url": "https://cdn1.woolworths.media/content/wowproductimages/large/224633.jpg",
    "source_id": "Woolworths - 224633",
    "barcode": "9349673004382",
    "shop": "Woolworths",
    "weight": "100G",
    "prices": [
      {
        "state": "NSW",
        "price": "230",
        "price_per_unit": "121",
        "price_unit": "G"
      },
      {
        "state": "VIC",
        "price": "230",
        "price_per_unit": "121",
        "price_unit": "G"
      },
      {
        "state": "QLD",
        "price": "230",
        "price_per_unit": "121",
        "price_unit": "G"
      },
      {
        "state": "WA",
        "price": "230",
        "price_per_unit": "121",
        "price_unit": "G"
      },
      {
        "state": "SA",
        "price": "230",
        "price_per_unit": "121",
        "price_unit": "G"
      },
      {
        "state": "TAS",
        "price": "230",
        "price_per_unit": "121",
        "price_unit": "G"
      },
      {
        "state": "ACT",
        "price": "230",
        "price_per_unit": "121",
        "price_unit": "G"
      },
      {
        "state": "NT",
        "price": "230",
        "price_per_unit": "121",
        "price_unit": "G"
      }
    ]
  },
  {
    "source_url": "https://www.woolworths.com.au/shop/productdetails/224632/mr-chen-s-thai-red-curry-paste",
    "name": "Mr Chen's Thai Red Curry Paste 190g",
    "image_url": "https://cdn1.woolworths.media/content/wowproductimages/large/224632.jpg",
    "source_id": "Woolworths - 224632",
    "barcode": "9349673004399",
    "shop": "Woolworths",
    "weight": "100G",
    "prices": [
      {
        "state": "NSW",
        "price": "230",
        "price_per_unit": "121",
        "price_unit": "G"
      },
      {
        "state": "VIC",
        "price": "230",
        "price_per_unit": "121",
        "price_unit": "G"
      },
      {
        "state": "QLD",
        "price": "230",
        "price_per_unit": "121",
        "price_unit": "G"
      },
      {
        "state": "WA",
        "price": "230",
        "price_per_unit": "121",
        "price_unit": "G"
      },
      {
        "state": "SA",
        "price": "230",
        "price_per_unit": "121",
        "price_unit": "G"
      },
      {
        "state": "TAS",
        "price": "230",
        "price_per_unit": "121",
        "price_unit": "G"
      },
      {
        "state": "ACT",
        "price": "230",
        "price_per_unit": "121",
        "price_unit": "G"
      },
      {
        "state": "NT",
        "price": "230",
        "price_per_unit": "121",
        "price_unit": "G"
      }
    ]
  },
  {
    "source_url": "https://www.woolworths.com.au/shop/productdetails/123902/mr-chen-s-thick-egg-noodles",
    "name": "Mr Chen's Thick Egg Noodles 300g",
    "image_url": "https://cdn1.woolworths.media/content/wowproductimages/large/123902.jpg",
    "source_id": "Woolworths - 123902",
    "barcode": "9349673003552",
    "shop": "Woolworths",
    "weight": "100G",
    "prices": [
      {
        "state": "NSW",
        "price": "215",
        "price_per_unit": "72",
        "price_unit": "G"
      },
      {
        "state": "SA",
        "price": "215",
        "price_per_unit": "72",
        "price_unit": "G"
      },
      {
        "state": "TAS",
        "price": "215",
        "price_per_unit": "72",
        "price_unit": "G"
      },
      {
        "state": "ACT",
        "price": "215",
        "price_per_unit": "72",
        "price_unit": "G"
      },
      null
    ]
  },
  {
    "source_url": "https://www.woolworths.com.au/shop/productdetails/122981/mr-chen-s-thin-egg-noodles",
    "name": "Mr Chen's Thin Egg Noodles 300g",
    "image_url": "https://cdn1.woolworths.media/content/wowproductimages/large/122981.jpg",
    "source_id": "Woolworths - 122981",
    "barcode": "9349673003545",
    "shop": "Woolworths",
    "weight": "100G",
    "prices": [
      {
        "state": "NSW",
        "price": "215",
        "price_per_unit": "72",
        "price_unit": "G"
      },
      {
        "state": "VIC",
        "price": "215",
        "price_per_unit": "72",
        "price_unit": "G"
      },
      {
        "state": "QLD",
        "price": "215",
        "price_per_unit": "72",
        "price_unit": "G"
      },
      {
        "state": "WA",
        "price": "215",
        "price_per_unit": "72",
        "price_unit": "G"
      },
      {
        "state": "SA",
        "price": "215",
        "price_per_unit": "72",
        "price_unit": "G"
      },
      {
        "state": "TAS",
        "price": "215",
        "price_per_unit": "72",
        "price_unit": "G"
      },
      {
        "state": "ACT",
        "price": "215",
        "price_per_unit": "72",
        "price_unit": "G"
      },
      {
        "state": "NT",
        "price": "215",
        "price_per_unit": "72",
        "price_unit": "G"
      }
    ]
  },
  {
    "source_url": "https://www.woolworths.com.au/shop/productdetails/122268/mr-chen-s-udon-noodles",
    "name": "Mr Chen's Udon Noodles 400g",
    "image_url": "https://cdn1.woolworths.media/content/wowproductimages/large/122268.jpg",
    "source_id": "Woolworths - 122268",
    "barcode": "9349673003460",
    "shop": "Woolworths",
    "weight": "100G",
    "prices": [
      {
        "state": "NSW",
        "price": "185",
        "price_per_unit": "46",
        "price_unit": "G"
      },
      {
        "state": "VIC",
        "price": "185",
        "price_per_unit": "46",
        "price_unit": "G"
      },
      {
        "state": "QLD",
        "price": "185",
        "price_per_unit": "46",
        "price_unit": "G"
      },
      {
        "state": "WA",
        "price": "185",
        "price_per_unit": "46",
        "price_unit": "G"
      },
      {
        "state": "SA",
        "price": "185",
        "price_per_unit": "46",
        "price_unit": "G"
      },
      {
        "state": "TAS",
        "price": "185",
        "price_per_unit": "46",
        "price_unit": "G"
      },
      {
        "state": "ACT",
        "price": "185",
        "price_per_unit": "46",
        "price_unit": "G"
      },
      {
        "state": "NT",
        "price": "185",
        "price_per_unit": "46",
        "price_unit": "G"
      }
    ]
  },
  {
    "source_url": "https://www.woolworths.com.au/shop/productdetails/123892/mr-chen-s-vermicelli-rice-noodles",
    "name": "Mr Chen's Vermicelli Rice Noodles 300g",
    "image_url": "https://cdn1.woolworths.media/content/wowproductimages/large/123892.jpg",
    "source_id": "Woolworths - 123892",
    "barcode": "9349673003538",
    "shop": "Woolworths",
    "weight": "100G",
    "prices": [
      {
        "state": "NSW",
        "price": "215",
        "price_per_unit": "72",
        "price_unit": "G"
      },
      {
        "state": "VIC",
        "price": "215",
        "price_per_unit": "72",
        "price_unit": "G"
      },
      {
        "state": "QLD",
        "price": "215",
        "price_per_unit": "72",
        "price_unit": "G"
      },
      {
        "state": "WA",
        "price": "215",
        "price_per_unit": "72",
        "price_unit": "G"
      },
      {
        "state": "SA",
        "price": "215",
        "price_per_unit": "72",
        "price_unit": "G"
      },
      {
        "state": "TAS",
        "price": "215",
        "price_per_unit": "72",
        "price_unit": "G"
      },
      {
        "state": "ACT",
        "price": "215",
        "price_per_unit": "72",
        "price_unit": "G"
      },
      {
        "state": "NT",
        "price": "215",
        "price_per_unit": "72",
        "price_unit": "G"
      }
    ]
  },
  {
    "source_url": "https://www.woolworths.com.au/shop/productdetails/123640/mr-chen-s-vietnamese-beef-pho-kit",
    "name": "Mr Chen's Vietnamese Beef Pho Kit 500g",
    "image_url": "https://cdn1.woolworths.media/content/wowproductimages/large/123640.jpg",
    "source_id": "Woolworths - 123640",
    "barcode": "9349673002821",
    "shop": "Woolworths",
    "weight": "100G",
    "prices": [
      {
        "state": "NSW",
        "price": "850",
        "price_per_unit": "170",
        "price_unit": "G"
      },
      {
        "state": "VIC",
        "price": "850",
        "price_per_unit": "170",
        "price_unit": "G"
      },
      {
        "state": "QLD",
        "price": "850",
        "price_per_unit": "170",
        "price_unit": "G"
      },
      {
        "state": "WA",
        "price": "850",
        "price_per_unit": "170",
        "price_unit": "G"
      },
      {
        "state": "SA",
        "price": "850",
        "price_per_unit": "170",
        "price_unit": "G"
      },
      {
        "state": "TAS",
        "price": "850",
        "price_per_unit": "170",
        "price_unit": "G"
      },
      {
        "state": "ACT",
        "price": "850",
        "price_per_unit": "170",
        "price_unit": "G"
      },
      {
        "state": "NT",
        "price": "850",
        "price_per_unit": "170",
        "price_unit": "G"
      }
    ]
  },
  {
    "source_url": "https://www.woolworths.com.au/shop/productdetails/680799/mr-squid-shredded-squid",
    "name": "Mr Squid Shredded Squid 65g",
    "image_url": "https://cdn1.woolworths.media/content/wowproductimages/large/680799.jpg",
    "source_id": "Woolworths - 680799",
    "barcode": "8852861003025",
    "shop": "Woolworths",
    "weight": "100G",
    "prices": [
      {
        "state": "NSW",
        "price": "590",
        "price_per_unit": "908",
        "price_unit": "G"
      },
      {
        "state": "VIC",
        "price": "590",
        "price_per_unit": "908",
        "price_unit": "G"
      },
      {
        "state": "QLD",
        "price": "590",
        "price_per_unit": "908",
        "price_unit": "G"
      },
      {
        "state": "WA",
        "price": "590",
        "price_per_unit": "908",
        "price_unit": "G"
      },
      {
        "state": "SA",
        "price": "590",
        "price_per_unit": "908",
        "price_unit": "G"
      },
      {
        "state": "TAS",
        "price": "400",
        "price_per_unit": "615",
        "price_unit": "G"
      },
      {
        "state": "ACT",
        "price": "400",
        "price_per_unit": "615",
        "price_unit": "G"
      },
      {
        "state": "NT",
        "price": "400",
        "price_per_unit": "615",
        "price_unit": "G"
      }
    ]
  },
  {
    "source_url": "https://www.woolworths.com.au/shop/productdetails/21997/nissin-noodle-soup-sesame-oil",
    "name": "Nissin Noodle Soup Sesame Oil 100g",
    "image_url": "https://cdn1.woolworths.media/content/wowproductimages/large/021997.jpg",
    "source_id": "Woolworths - 21997",
    "barcode": "4897878000012",
    "shop": "Woolworths",
    "weight": "100G",
    "prices": [
      {
        "state": "NSW",
        "price": "150",
        "price_per_unit": "150",
        "price_unit": "G"
      },
      {
        "state": "VIC",
        "price": "150",
        "price_per_unit": "150",
        "price_unit": "G"
      },
      {
        "state": "QLD",
        "price": "150",
        "price_per_unit": "150",
        "price_unit": "G"
      },
      {
        "state": "WA",
        "price": "150",
        "price_per_unit": "150",
        "price_unit": "G"
      },
      {
        "state": "SA",
        "price": "150",
        "price_per_unit": "150",
        "price_unit": "G"
      },
      {
        "state": "TAS",
        "price": "180",
        "price_per_unit": "180",
        "price_unit": "G"
      },
      {
        "state": "ACT",
        "price": "180",
        "price_per_unit": "180",
        "price_unit": "G"
      },
      {
        "state": "NT",
        "price": "180",
        "price_per_unit": "180",
        "price_unit": "G"
      }
    ]
  },
  {
    "source_url": "https://www.woolworths.com.au/shop/productdetails/122361/nissin-noodles-instant-tonkotsu",
    "name": "Nissin Noodles Instant Tonkotsu 100g",
    "image_url": "https://cdn1.woolworths.media/content/wowproductimages/large/122361.jpg",
    "source_id": "Woolworths - 122361",
    "barcode": "4897878800025",
    "shop": "Woolworths",
    "weight": "100G",
    "prices": [
      {
        "state": "NSW",
        "price": "150",
        "price_per_unit": "150",
        "price_unit": "G"
      },
      {
        "state": "VIC",
        "price": "150",
        "price_per_unit": "150",
        "price_unit": "G"
      },
      {
        "state": "QLD",
        "price": "150",
        "price_per_unit": "150",
        "price_unit": "G"
      },
      {
        "state": "WA",
        "price": "150",
        "price_per_unit": "150",
        "price_unit": "G"
      },
      {
        "state": "SA",
        "price": "150",
        "price_per_unit": "150",
        "price_unit": "G"
      },
      {
        "state": "TAS",
        "price": "180",
        "price_per_unit": "180",
        "price_unit": "G"
      },
      {
        "state": "ACT",
        "price": "180",
        "price_per_unit": "180",
        "price_unit": "G"
      },
      {
        "state": "NT",
        "price": "180",
        "price_per_unit": "180",
        "price_unit": "G"
      }
    ]
  },
  {
    "source_url": "https://www.woolworths.com.au/shop/productdetails/828244/nissin-tonkotsu-ramen",
    "name": "Nissin Tonkotsu Ramen 5 pack",
    "image_url": "https://cdn1.woolworths.media/content/wowproductimages/large/828244.jpg",
    "source_id": "Woolworths - 828244",
    "barcode": "4897878140039",
    "shop": "Woolworths",
    "weight": "100G",
    "prices": [
      {
        "state": "NSW",
        "price": "650",
        "price_per_unit": "130",
        "price_unit": "G"
      },
      {
        "state": "VIC",
        "price": "650",
        "price_per_unit": "130",
        "price_unit": "G"
      },
      {
        "state": "QLD",
        "price": "650",
        "price_per_unit": "130",
        "price_unit": "G"
      },
      {
        "state": "WA",
        "price": "650",
        "price_per_unit": "130",
        "price_unit": "G"
      },
      {
        "state": "SA",
        "price": "650",
        "price_per_unit": "130",
        "price_unit": "G"
      },
      {
        "state": "ACT",
        "price": "650",
        "price_per_unit": "130",
        "price_unit": "G"
      },
      {
        "state": "NT",
        "price": "650",
        "price_per_unit": "130",
        "price_unit": "G"
      }
    ]
  },
  {
    "source_url": "https://www.woolworths.com.au/shop/productdetails/1075346981/niulife-cocomino-coconut-amino-sauce-barbeque-250ml",
    "name": "Niulife Cocomino Coconut Amino Sauce Barbeque 250Ml",
    "image_url": "https://cdn1.woolworths.media/content/wowproductimages/large/1075346981.jpg",
    "source_id": "Woolworths - 1075346981",
    "barcode": null,
    "shop": "Woolworths",
    "weight": "100ML",
    "prices": [
      {
        "state": "NSW",
        "price": "1395",
        "price_per_unit": "558",
        "price_unit": "ML"
      },
      {
        "state": "VIC",
        "price": "1395",
        "price_per_unit": "558",
        "price_unit": "ML"
      },
      {
        "state": "QLD",
        "price": "1395",
        "price_per_unit": "558",
        "price_unit": "ML"
      },
      {
        "state": "WA",
        "price": "1395",
        "price_per_unit": "558",
        "price_unit": "ML"
      },
      {
        "state": "SA",
        "price": "1395",
        "price_per_unit": "558",
        "price_unit": "ML"
      },
      {
        "state": "TAS",
        "price": "1395",
        "price_per_unit": "558",
        "price_unit": "ML"
      },
      {
        "state": "ACT",
        "price": "1395",
        "price_per_unit": "558",
        "price_unit": "ML"
      },
      {
        "state": "NT",
        "price": "1395",
        "price_per_unit": "558",
        "price_unit": "ML"
      }
    ]
  },
  {
    "source_url": "https://www.woolworths.com.au/shop/productdetails/1075341031/niulife-cocomino-coconut-amino-sauce-naked-250ml",
    "name": "Niulife Cocomino Coconut Amino Sauce Naked 250Ml",
    "image_url": "https://cdn1.woolworths.media/content/wowproductimages/large/1075341031.jpg",
    "source_id": "Woolworths - 1075341031",
    "barcode": null,
    "shop": "Woolworths",
    "weight": "100ML",
    "prices": [
      {
        "state": "NSW",
        "price": "1195",
        "price_per_unit": "478",
        "price_unit": "ML"
      },
      {
        "state": "VIC",
        "price": "1195",
        "price_per_unit": "478",
        "price_unit": "ML"
      },
      {
        "state": "QLD",
        "price": "1195",
        "price_per_unit": "478",
        "price_unit": "ML"
      },
      {
        "state": "WA",
        "price": "1195",
        "price_per_unit": "478",
        "price_unit": "ML"
      },
      {
        "state": "SA",
        "price": "1195",
        "price_per_unit": "478",
        "price_unit": "ML"
      },
      {
        "state": "TAS",
        "price": "1195",
        "price_per_unit": "478",
        "price_unit": "ML"
      },
      {
        "state": "ACT",
        "price": "1195",
        "price_per_unit": "478",
        "price_unit": "ML"
      },
      {
        "state": "NT",
        "price": "1195",
        "price_per_unit": "478",
        "price_unit": "ML"
      }
    ]
  },
  {
    "source_url": "https://www.woolworths.com.au/shop/productdetails/1075341044/niulife-cocomino-original-coconut-amino-sauce-250ml",
    "name": "Niulife Cocomino Original Coconut Amino Sauce 250ml",
    "image_url": "https://cdn1.woolworths.media/content/wowproductimages/large/1075341044.jpg",
    "source_id": "Woolworths - 1075341044",
    "barcode": null,
    "shop": "Woolworths",
    "weight": "100ML",
    "prices": [
      {
        "state": "NSW",
        "price": "1195",
        "price_per_unit": "478",
        "price_unit": "ML"
      },
      {
        "state": "VIC",
        "price": "1195",
        "price_per_unit": "478",
        "price_unit": "ML"
      },
      {
        "state": "QLD",
        "price": "1195",
        "price_per_unit": "478",
        "price_unit": "ML"
      },
      {
        "state": "WA",
        "price": "1195",
        "price_per_unit": "478",
        "price_unit": "ML"
      },
      {
        "state": "SA",
        "price": "1195",
        "price_per_unit": "478",
        "price_unit": "ML"
      },
      {
        "state": "TAS",
        "price": "1195",
        "price_per_unit": "478",
        "price_unit": "ML"
      },
      {
        "state": "ACT",
        "price": "1195",
        "price_per_unit": "478",
        "price_unit": "ML"
      },
      {
        "state": "NT",
        "price": "1195",
        "price_per_unit": "478",
        "price_unit": "ML"
      }
    ]
  },
  {
    "source_url": "https://www.woolworths.com.au/shop/productdetails/224614/niulife-organic-bbq-coconut-amino-sauce-extra-thick",
    "name": "Niulife Organic Bbq Coconut Amino Sauce Extra Thick 250ml",
    "image_url": "https://cdn1.woolworths.media/content/wowproductimages/large/224614.jpg",
    "source_id": "Woolworths - 224614",
    "barcode": "9336318001745",
    "shop": "Woolworths",
    "weight": "100ML",
    "prices": [
      {
        "state": "NSW",
        "price": "750",
        "price_per_unit": "300",
        "price_unit": "ML"
      },
      {
        "state": "ACT",
        "price": "750",
        "price_per_unit": "300",
        "price_unit": "ML"
      },
      {
        "state": "ACT",
        "price": "850",
        "price_per_unit": "340",
        "price_unit": "ML"
      }
    ]
  },
  {
    "source_url": "https://www.woolworths.com.au/shop/productdetails/1075479810/niulife-organic-coconut-amino-sauce-teriyaki-250ml",
    "name": "Niulife Organic Coconut Amino Sauce Teriyaki 250Ml",
    "image_url": "https://cdn1.woolworths.media/content/wowproductimages/large/1075479810.jpg",
    "source_id": "Woolworths - 1075479810",
    "barcode": null,
    "shop": "Woolworths",
    "weight": "100ML",
    "prices": [
      {
        "state": "NSW",
        "price": "1395",
        "price_per_unit": "558",
        "price_unit": "ML"
      },
      {
        "state": "VIC",
        "price": "1395",
        "price_per_unit": "558",
        "price_unit": "ML"
      },
      {
        "state": "QLD",
        "price": "1395",
        "price_per_unit": "558",
        "price_unit": "ML"
      },
      {
        "state": "WA",
        "price": "1395",
        "price_per_unit": "558",
        "price_unit": "ML"
      },
      {
        "state": "SA",
        "price": "1395",
        "price_per_unit": "558",
        "price_unit": "ML"
      },
      {
        "state": "TAS",
        "price": "1395",
        "price_per_unit": "558",
        "price_unit": "ML"
      },
      {
        "state": "ACT",
        "price": "1395",
        "price_per_unit": "558",
        "price_unit": "ML"
      },
      {
        "state": "NT",
        "price": "1395",
        "price_per_unit": "558",
        "price_unit": "ML"
      }
    ]
  },
  {
    "source_url": "https://www.woolworths.com.au/shop/productdetails/223760/niulife-organic-extra-thick-coconut-amino-teriyaki-sauce",
    "name": "Niulife Organic Extra Thick Coconut Amino Teriyaki Sauce 250ml",
    "image_url": "https://cdn1.woolworths.media/content/wowproductimages/large/223760.jpg",
    "source_id": "Woolworths - 223760",
    "barcode": "9336318001721",
    "shop": "Woolworths",
    "weight": "100ML",
    "prices": [
      {
        "state": "NSW",
        "price": "750",
        "price_per_unit": "300",
        "price_unit": "ML"
      },
      {
        "state": "VIC",
        "price": "750",
        "price_per_unit": "300",
        "price_unit": "ML"
      },
      {
        "state": "QLD",
        "price": "750",
        "price_per_unit": "300",
        "price_unit": "ML"
      },
      {
        "state": "WA",
        "price": "750",
        "price_per_unit": "300",
        "price_unit": "ML"
      },
      {
        "state": "SA",
        "price": "750",
        "price_per_unit": "300",
        "price_unit": "ML"
      },
      {
        "state": "TAS",
        "price": "750",
        "price_per_unit": "300",
        "price_unit": "ML"
      },
      {
        "state": "ACT",
        "price": "750",
        "price_per_unit": "300",
        "price_unit": "ML"
      },
      {
        "state": "NT",
        "price": "750",
        "price_per_unit": "300",
        "price_unit": "ML"
      },
      {
        "state": "TAS",
        "price": "850",
        "price_per_unit": "340",
        "price_unit": "ML"
      },
      {
        "state": "TAS",
        "price": "850",
        "price_per_unit": "340",
        "price_unit": "ML"
      },
      {
        "state": "ACT",
        "price": "850",
        "price_per_unit": "340",
        "price_unit": "ML"
      },
      {
        "state": "NT",
        "price": "850",
        "price_per_unit": "340",
        "price_unit": "ML"
      }
    ]
  },
  {
    "source_url": "https://www.woolworths.com.au/shop/productdetails/223751/niulife-organic-naked-coconut-amino-sauce-extra-thick",
    "name": "Niulife Organic Naked Coconut Amino Sauce Extra Thick 250ml",
    "image_url": "https://cdn1.woolworths.media/content/wowproductimages/large/223751.jpg",
    "source_id": "Woolworths - 223751",
    "barcode": "9336318001783",
    "shop": "Woolworths",
    "weight": "100ML",
    "prices": [
      {
        "state": "NSW",
        "price": "750",
        "price_per_unit": "300",
        "price_unit": "ML"
      },
      {
        "state": "ACT",
        "price": "750",
        "price_per_unit": "300",
        "price_unit": "ML"
      },
      {
        "state": "NT",
        "price": "750",
        "price_per_unit": "300",
        "price_unit": "ML"
      },
      {
        "state": "ACT",
        "price": "850",
        "price_per_unit": "340",
        "price_unit": "ML"
      }
    ]
  },
  {
    "source_url": "https://www.woolworths.com.au/shop/productdetails/32230/nong-shim-instant-noodles-shin-ramyun",
    "name": "Nong Shim Instant Noodles Shin Ramyun 120g",
    "image_url": "https://cdn1.woolworths.media/content/wowproductimages/large/032230.jpg",
    "source_id": "Woolworths - 32230",
    "barcode": "31146150601",
    "shop": "Woolworths",
    "weight": "100G",
    "prices": [
      {
        "state": "NSW",
        "price": "99",
        "price_per_unit": "83",
        "price_unit": "G"
      },
      {
        "state": "VIC",
        "price": "99",
        "price_per_unit": "83",
        "price_unit": "G"
      },
      {
        "state": "QLD",
        "price": "99",
        "price_per_unit": "83",
        "price_unit": "G"
      },
      {
        "state": "WA",
        "price": "99",
        "price_per_unit": "83",
        "price_unit": "G"
      },
      {
        "state": "SA",
        "price": "99",
        "price_per_unit": "83",
        "price_unit": "G"
      },
      null,
      {
        "state": "TAS",
        "price": "99",
        "price_per_unit": "83",
        "price_unit": "G"
      },
      null,
      {
        "state": "NT",
        "price": "99",
        "price_per_unit": "83",
        "price_unit": "G"
      }
    ]
  },
  {
    "source_url": "https://www.woolworths.com.au/shop/productdetails/660232/nong-shim-kim-chi-noodles",
    "name": "Nong Shim Kim Chi Noodles 5 Pack",
    "image_url": "https://cdn1.woolworths.media/content/wowproductimages/large/660232.jpg",
    "source_id": "Woolworths - 660232",
    "barcode": "31146034260",
    "shop": "Woolworths",
    "weight": "100G",
    "prices": [
      {
        "state": "NSW",
        "price": "800",
        "price_per_unit": "133",
        "price_unit": "G"
      },
      {
        "state": "VIC",
        "price": "800",
        "price_per_unit": "133",
        "price_unit": "G"
      },
      {
        "state": "QLD",
        "price": "800",
        "price_per_unit": "133",
        "price_unit": "G"
      },
      {
        "state": "WA",
        "price": "800",
        "price_per_unit": "133",
        "price_unit": "G"
      },
      {
        "state": "SA",
        "price": "800",
        "price_per_unit": "133",
        "price_unit": "G"
      },
      {
        "state": "TAS",
        "price": "800",
        "price_per_unit": "133",
        "price_unit": "G"
      },
      {
        "state": "TAS",
        "price": "800",
        "price_per_unit": "133",
        "price_unit": "G"
      },
      {
        "state": "ACT",
        "price": "800",
        "price_per_unit": "133",
        "price_unit": "G"
      },
      {
        "state": "NT",
        "price": "800",
        "price_per_unit": "133",
        "price_unit": "G"
      }
    ]
  },
  {
    "source_url": "https://www.woolworths.com.au/shop/productdetails/66928/nong-shim-kimchi-ramen-big-bowl",
    "name": "Nong Shim Kimchi Ramen Big Bowl 112g",
    "image_url": "https://cdn1.woolworths.media/content/wowproductimages/large/066928.jpg",
    "source_id": "Woolworths - 66928",
    "barcode": "8801043055130",
    "shop": "Woolworths",
    "weight": "100G",
    "prices": [
      {
        "state": "VIC",
        "price": "375",
        "price_per_unit": "335",
        "price_unit": "G"
      },
      {
        "state": "QLD",
        "price": "375",
        "price_per_unit": "335",
        "price_unit": "G"
      },
      {
        "state": "WA",
        "price": "375",
        "price_per_unit": "335",
        "price_unit": "G"
      },
      {
        "state": "TAS",
        "price": "375",
        "price_per_unit": "335",
        "price_unit": "G"
      },
      {
        "state": "TAS",
        "price": "375",
        "price_per_unit": "335",
        "price_unit": "G"
      },
      {
        "state": "ACT",
        "price": "375",
        "price_per_unit": "335",
        "price_unit": "G"
      },
      {
        "state": "NT",
        "price": "375",
        "price_per_unit": "335",
        "price_unit": "G"
      }
    ]
  },
  {
    "source_url": "https://www.woolworths.com.au/shop/productdetails/668740/nong-shim-shin-cup-noodle-soup",
    "name": "Nong Shim Shin Cup Noodle Soup 68g",
    "image_url": "https://cdn1.woolworths.media/content/wowproductimages/large/668740.jpg",
    "source_id": "Woolworths - 668740",
    "barcode": "31146030996",
    "shop": "Woolworths",
    "weight": "100G",
    "prices": [
      {
        "state": "NSW",
        "price": "250",
        "price_per_unit": "368",
        "price_unit": "G"
      },
      {
        "state": "VIC",
        "price": "250",
        "price_per_unit": "368",
        "price_unit": "G"
      },
      {
        "state": "QLD",
        "price": "250",
        "price_per_unit": "368",
        "price_unit": "G"
      },
      {
        "state": "WA",
        "price": "250",
        "price_per_unit": "368",
        "price_unit": "G"
      },
      {
        "state": "SA",
        "price": "250",
        "price_per_unit": "368",
        "price_unit": "G"
      },
      {
        "state": "TAS",
        "price": "250",
        "price_per_unit": "368",
        "price_unit": "G"
      },
      {
        "state": "TAS",
        "price": "250",
        "price_per_unit": "368",
        "price_unit": "G"
      },
      {
        "state": "ACT",
        "price": "250",
        "price_per_unit": "368",
        "price_unit": "G"
      },
      {
        "state": "NT",
        "price": "250",
        "price_per_unit": "368",
        "price_unit": "G"
      }
    ]
  },
  {
    "source_url": "https://www.woolworths.com.au/shop/productdetails/66835/nong-shim-shin-ramen-big-bowl",
    "name": "Nong Shim Shin Ramen Big Bowl 114g",
    "image_url": "https://cdn1.woolworths.media/content/wowproductimages/large/066835.jpg",
    "source_id": "Woolworths - 66835",
    "barcode": "31146254903",
    "shop": "Woolworths",
    "weight": "100G",
    "prices": [
      {
        "state": "VIC",
        "price": "375",
        "price_per_unit": "329",
        "price_unit": "G"
      },
      {
        "state": "QLD",
        "price": "375",
        "price_per_unit": "329",
        "price_unit": "G"
      },
      {
        "state": "WA",
        "price": "375",
        "price_per_unit": "329",
        "price_unit": "G"
      },
      {
        "state": "SA",
        "price": "375",
        "price_per_unit": "329",
        "price_unit": "G"
      },
      {
        "state": "TAS",
        "price": "375",
        "price_per_unit": "329",
        "price_unit": "G"
      },
      {
        "state": "TAS",
        "price": "375",
        "price_per_unit": "329",
        "price_unit": "G"
      },
      {
        "state": "ACT",
        "price": "375",
        "price_per_unit": "329",
        "price_unit": "G"
      },
      {
        "state": "NT",
        "price": "375",
        "price_per_unit": "329",
        "price_unit": "G"
      }
    ]
  },
  {
    "source_url": "https://www.woolworths.com.au/shop/productdetails/785977/nong-shim-shin-ramyun",
    "name": "Nong Shim Shin Ramyun 5 Pack",
    "image_url": "https://cdn1.woolworths.media/content/wowproductimages/large/785977.jpg",
    "source_id": "Woolworths - 785977",
    "barcode": "31146157365",
    "shop": "Woolworths",
    "weight": "100G",
    "prices": [
      {
        "state": "NSW",
        "price": "800",
        "price_per_unit": "133",
        "price_unit": "G"
      },
      {
        "state": "VIC",
        "price": "800",
        "price_per_unit": "133",
        "price_unit": "G"
      },
      {
        "state": "QLD",
        "price": "800",
        "price_per_unit": "133",
        "price_unit": "G"
      },
      {
        "state": "WA",
        "price": "800",
        "price_per_unit": "133",
        "price_unit": "G"
      },
      {
        "state": "SA",
        "price": "800",
        "price_per_unit": "133",
        "price_unit": "G"
      },
      {
        "state": "TAS",
        "price": "800",
        "price_per_unit": "133",
        "price_unit": "G"
      },
      {
        "state": "TAS",
        "price": "800",
        "price_per_unit": "133",
        "price_unit": "G"
      },
      {
        "state": "ACT",
        "price": "800",
        "price_per_unit": "133",
        "price_unit": "G"
      },
      {
        "state": "NT",
        "price": "800",
        "price_per_unit": "133",
        "price_unit": "G"
      }
    ]
  },
  {
    "source_url": "https://www.woolworths.com.au/shop/productdetails/868308/nong-shim-shin-ramyun-instant-noodle-black",
    "name": "Nong Shim Shin Ramyun Instant Noodle Black 130g",
    "image_url": "https://cdn1.woolworths.media/content/wowproductimages/large/868308.jpg",
    "source_id": "Woolworths - 868308",
    "barcode": "31146017379",
    "shop": "Woolworths",
    "weight": "100G",
    "prices": [
      {
        "state": "VIC",
        "price": "365",
        "price_per_unit": "281",
        "price_unit": "G"
      },
      {
        "state": "QLD",
        "price": "365",
        "price_per_unit": "281",
        "price_unit": "G"
      },
      {
        "state": "WA",
        "price": "365",
        "price_per_unit": "281",
        "price_unit": "G"
      },
      {
        "state": "SA",
        "price": "365",
        "price_per_unit": "281",
        "price_unit": "G"
      },
      {
        "state": "TAS",
        "price": "365",
        "price_per_unit": "281",
        "price_unit": "G"
      },
      {
        "state": "TAS",
        "price": "365",
        "price_per_unit": "281",
        "price_unit": "G"
      },
      {
        "state": "ACT",
        "price": "365",
        "price_per_unit": "281",
        "price_unit": "G"
      },
      {
        "state": "NT",
        "price": "365",
        "price_per_unit": "281",
        "price_unit": "G"
      }
    ]
  },
  {
    "source_url": "https://www.woolworths.com.au/shop/productdetails/63285/nong-shim-shrimp-crackers-shrimp-crackers",
    "name": "Nong Shim Shrimp Crackers Shrimp Crackers 75g",
    "image_url": "https://cdn1.woolworths.media/content/wowproductimages/large/063285.jpg",
    "source_id": "Woolworths - 63285",
    "barcode": "31146200139",
    "shop": "Woolworths",
    "weight": "100G",
    "prices": [
      {
        "state": "NSW",
        "price": "270",
        "price_per_unit": "360",
        "price_unit": "G"
      },
      {
        "state": "VIC",
        "price": "270",
        "price_per_unit": "360",
        "price_unit": "G"
      },
      {
        "state": "QLD",
        "price": "270",
        "price_per_unit": "360",
        "price_unit": "G"
      },
      {
        "state": "WA",
        "price": "270",
        "price_per_unit": "360",
        "price_unit": "G"
      },
      {
        "state": "SA",
        "price": "270",
        "price_per_unit": "360",
        "price_unit": "G"
      },
      {
        "state": "TAS",
        "price": "320",
        "price_per_unit": "427",
        "price_unit": "G"
      },
      {
        "state": "TAS",
        "price": "320",
        "price_per_unit": "427",
        "price_unit": "G"
      },
      {
        "state": "ACT",
        "price": "320",
        "price_per_unit": "427",
        "price_unit": "G"
      },
      {
        "state": "NT",
        "price": "320",
        "price_per_unit": "427",
        "price_unit": "G"
      }
    ]
  },
  {
    "source_url": "https://www.woolworths.com.au/shop/productdetails/258579/nong-shim-shrimp-meat-chips-shrimp-meat-chips",
    "name": "Nong Shim Shrimp Meat Chips 75g",
    "image_url": "https://cdn1.woolworths.media/content/wowproductimages/large/258579.jpg",
    "source_id": "Woolworths - 258579",
    "barcode": "31146209316",
    "shop": "Woolworths",
    "weight": "100G",
    "prices": [
      {
        "state": "NSW",
        "price": "250",
        "price_per_unit": "333",
        "price_unit": "G"
      },
      {
        "state": "VIC",
        "price": "250",
        "price_per_unit": "333",
        "price_unit": "G"
      },
      {
        "state": "QLD",
        "price": "250",
        "price_per_unit": "333",
        "price_unit": "G"
      },
      {
        "state": "WA",
        "price": "250",
        "price_per_unit": "333",
        "price_unit": "G"
      },
      {
        "state": "SA",
        "price": "250",
        "price_per_unit": "333",
        "price_unit": "G"
      },
      {
        "state": "TAS",
        "price": "290",
        "price_per_unit": "387",
        "price_unit": "G"
      },
      {
        "state": "TAS",
        "price": "290",
        "price_per_unit": "387",
        "price_unit": "G"
      },
      {
        "state": "ACT",
        "price": "290",
        "price_per_unit": "387",
        "price_unit": "G"
      },
      {
        "state": "NT",
        "price": "290",
        "price_per_unit": "387",
        "price_unit": "G"
      }
    ]
  },
  {
    "source_url": "https://www.woolworths.com.au/shop/productdetails/90629/nongshim-onion-rings-onion-rig",
    "name": "Nongshim Onion Rings 50g",
    "image_url": "https://cdn1.woolworths.media/content/wowproductimages/large/090629.jpg",
    "source_id": "Woolworths - 90629",
    "barcode": "31146202119",
    "shop": "Woolworths",
    "weight": "100G",
    "prices": [
      {
        "state": "NSW",
        "price": "200",
        "price_per_unit": "400",
        "price_unit": "G"
      },
      {
        "state": "VIC",
        "price": "200",
        "price_per_unit": "400",
        "price_unit": "G"
      },
      {
        "state": "QLD",
        "price": "200",
        "price_per_unit": "400",
        "price_unit": "G"
      },
      {
        "state": "WA",
        "price": "200",
        "price_per_unit": "400",
        "price_unit": "G"
      },
      {
        "state": "SA",
        "price": "200",
        "price_per_unit": "400",
        "price_unit": "G"
      },
      {
        "state": "TAS",
        "price": "250",
        "price_per_unit": "500",
        "price_unit": "G"
      },
      {
        "state": "TAS",
        "price": "250",
        "price_per_unit": "500",
        "price_unit": "G"
      },
      {
        "state": "ACT",
        "price": "250",
        "price_per_unit": "500",
        "price_unit": "G"
      },
      {
        "state": "NT",
        "price": "250",
        "price_per_unit": "500",
        "price_unit": "G"
      }
    ]
  },
  {
    "source_url": "https://www.woolworths.com.au/shop/productdetails/167307/nongshim-shin-black",
    "name": "Nongshim Shin Black 4 Pack",
    "image_url": "https://cdn1.woolworths.media/content/wowproductimages/large/167307.jpg",
    "source_id": "Woolworths - 167307",
    "barcode": "31146021963",
    "shop": "Woolworths",
    "weight": "100G",
    "prices": [
      {
        "state": "NSW",
        "price": "1200",
        "price_per_unit": "231",
        "price_unit": "G"
      },
      {
        "state": "SA",
        "price": "1200",
        "price_per_unit": "231",
        "price_unit": "G"
      },
      {
        "state": "ACT",
        "price": "1200",
        "price_per_unit": "231",
        "price_unit": "G"
      }
    ]
  },
  {
    "source_url": "https://www.woolworths.com.au/shop/productdetails/416345/nongshim-shin-ramyun-noodle-soup-spicy-chicken-4-pack",
    "name": "Nongshim Shin Ramyun Noodle Soup Spicy Chicken 4 Pack 480g",
    "image_url": "https://cdn1.woolworths.media/content/wowproductimages/large/416345.jpg",
    "source_id": "Woolworths - 416345",
    "barcode": "8801043068840",
    "shop": "Woolworths",
    "weight": "100G",
    "prices": [
      {
        "state": "NSW",
        "price": "700",
        "price_per_unit": "146",
        "price_unit": "G"
      },
      {
        "state": "VIC",
        "price": "700",
        "price_per_unit": "146",
        "price_unit": "G"
      },
      {
        "state": "QLD",
        "price": "700",
        "price_per_unit": "146",
        "price_unit": "G"
      },
      {
        "state": "WA",
        "price": "700",
        "price_per_unit": "146",
        "price_unit": "G"
      },
      {
        "state": "SA",
        "price": "700",
        "price_per_unit": "146",
        "price_unit": "G"
      },
      {
        "state": "TAS",
        "price": "900",
        "price_per_unit": "188",
        "price_unit": "G"
      },
      {
        "state": "TAS",
        "price": "900",
        "price_per_unit": "188",
        "price_unit": "G"
      },
      {
        "state": "ACT",
        "price": "900",
        "price_per_unit": "188",
        "price_unit": "G"
      },
      {
        "state": "NT",
        "price": "900",
        "price_per_unit": "188",
        "price_unit": "G"
      }
    ]
  },
  {
    "source_url": "https://www.woolworths.com.au/shop/productdetails/430884/nongshim-shin-ramyun-spicy-noodles-cheese",
    "name": "Nongshim Shin Ramyun Spicy Noodles Cheese 4 Pack",
    "image_url": "https://cdn1.woolworths.media/content/wowproductimages/large/430884.jpg",
    "source_id": "Woolworths - 430884",
    "barcode": "8801043068765",
    "shop": "Woolworths",
    "weight": "100G",
    "prices": [
      {
        "state": "NSW",
        "price": "700",
        "price_per_unit": "129",
        "price_unit": "G"
      },
      {
        "state": "VIC",
        "price": "700",
        "price_per_unit": "129",
        "price_unit": "G"
      },
      {
        "state": "QLD",
        "price": "700",
        "price_per_unit": "129",
        "price_unit": "G"
      },
      {
        "state": "WA",
        "price": "700",
        "price_per_unit": "129",
        "price_unit": "G"
      },
      {
        "state": "SA",
        "price": "700",
        "price_per_unit": "129",
        "price_unit": "G"
      },
      {
        "state": "TAS",
        "price": "900",
        "price_per_unit": "165",
        "price_unit": "G"
      },
      {
        "state": "TAS",
        "price": "900",
        "price_per_unit": "165",
        "price_unit": "G"
      },
      {
        "state": "ACT",
        "price": "900",
        "price_per_unit": "165",
        "price_unit": "G"
      },
      {
        "state": "NT",
        "price": "900",
        "price_per_unit": "165",
        "price_unit": "G"
      }
    ]
  },
  {
    "source_url": "https://www.woolworths.com.au/shop/productdetails/357440/o-food-korean-bbq-spicy-pork-marinade",
    "name": "O'Food Korean Bbq Spicy Pork Marinade 280g",
    "image_url": "https://cdn1.woolworths.media/content/wowproductimages/large/357440.jpg",
    "source_id": "Woolworths - 357440",
    "barcode": "9333328000867",
    "shop": "Woolworths",
    "weight": "100G",
    "prices": [
      {
        "state": "NSW",
        "price": "210",
        "price_per_unit": "75",
        "price_unit": "G"
      },
      {
        "state": "VIC",
        "price": "210",
        "price_per_unit": "75",
        "price_unit": "G"
      },
      {
        "state": "QLD",
        "price": "210",
        "price_per_unit": "75",
        "price_unit": "G"
      },
      {
        "state": "WA",
        "price": "210",
        "price_per_unit": "75",
        "price_unit": "G"
      },
      {
        "state": "SA",
        "price": "210",
        "price_per_unit": "75",
        "price_unit": "G"
      },
      {
        "state": "TAS",
        "price": "420",
        "price_per_unit": "150",
        "price_unit": "G"
      },
      {
        "state": "ACT",
        "price": "420",
        "price_per_unit": "150",
        "price_unit": "G"
      }
    ]
  },
  {
    "source_url": "https://www.woolworths.com.au/shop/productdetails/234341/o-food-korean-gochujang",
    "name": "O'Food Korean Gochujang 170g",
    "image_url": "https://cdn1.woolworths.media/content/wowproductimages/large/234341.jpg",
    "source_id": "Woolworths - 234341",
    "barcode": "9333328000720",
    "shop": "Woolworths",
    "weight": "100G",
    "prices": [
      {
        "state": "NSW",
        "price": "250",
        "price_per_unit": "147",
        "price_unit": "G"
      },
      {
        "state": "VIC",
        "price": "250",
        "price_per_unit": "147",
        "price_unit": "G"
      },
      {
        "state": "QLD",
        "price": "250",
        "price_per_unit": "147",
        "price_unit": "G"
      },
      {
        "state": "WA",
        "price": "250",
        "price_per_unit": "147",
        "price_unit": "G"
      },
      {
        "state": "SA",
        "price": "250",
        "price_per_unit": "147",
        "price_unit": "G"
      },
      {
        "state": "TAS",
        "price": "300",
        "price_per_unit": "176",
        "price_unit": "G"
      },
      {
        "state": "ACT",
        "price": "300",
        "price_per_unit": "176",
        "price_unit": "G"
      }
    ]
  },
  {
    "source_url": "https://www.woolworths.com.au/shop/productdetails/360098/o-food-koren-bbq-bulgogi-beef-marinade",
    "name": "O'Food Koren BBQ Bulgogi Beef Marinade 280g",
    "image_url": "https://cdn1.woolworths.media/content/wowproductimages/large/360098.jpg",
    "source_id": "Woolworths - 360098",
    "barcode": "9333328000874",
    "shop": "Woolworths",
    "weight": "100G",
    "prices": [
      {
        "state": "NSW",
        "price": "210",
        "price_per_unit": "75",
        "price_unit": "G"
      },
      {
        "state": "VIC",
        "price": "210",
        "price_per_unit": "75",
        "price_unit": "G"
      },
      {
        "state": "QLD",
        "price": "210",
        "price_per_unit": "75",
        "price_unit": "G"
      },
      {
        "state": "WA",
        "price": "210",
        "price_per_unit": "75",
        "price_unit": "G"
      },
      {
        "state": "SA",
        "price": "210",
        "price_per_unit": "75",
        "price_unit": "G"
      },
      {
        "state": "TAS",
        "price": "420",
        "price_per_unit": "150",
        "price_unit": "G"
      },
      {
        "state": "ACT",
        "price": "420",
        "price_per_unit": "150",
        "price_unit": "G"
      }
    ]
  },
  {
    "source_url": "https://www.woolworths.com.au/shop/productdetails/322972/o-food-luncheon-meat",
    "name": "O'Food Luncheon Meat 340g",
    "image_url": "https://cdn1.woolworths.media/content/wowproductimages/large/322972.jpg",
    "source_id": "Woolworths - 322972",
    "barcode": "9333328000911",
    "shop": "Woolworths",
    "weight": "100G",
    "prices": [
      {
        "state": "VIC",
        "price": "550",
        "price_per_unit": "162",
        "price_unit": "G"
      },
      {
        "state": "QLD",
        "price": "550",
        "price_per_unit": "162",
        "price_unit": "G"
      },
      {
        "state": "WA",
        "price": "550",
        "price_per_unit": "162",
        "price_unit": "G"
      },
      {
        "state": "SA",
        "price": "550",
        "price_per_unit": "162",
        "price_unit": "G"
      },
      {
        "state": "TAS",
        "price": "450",
        "price_per_unit": "132",
        "price_unit": "G"
      },
      {
        "state": "ACT",
        "price": "450",
        "price_per_unit": "132",
        "price_unit": "G"
      }
    ]
  },
  {
    "source_url": "https://www.woolworths.com.au/shop/productdetails/359076/o-food-mild-ssamjang",
    "name": "O'Food Mild Ssamjang 170g",
    "image_url": "https://cdn1.woolworths.media/content/wowproductimages/large/359076.jpg",
    "source_id": "Woolworths - 359076",
    "barcode": "9333328001130",
    "shop": "Woolworths",
    "weight": "100G",
    "prices": [
      {
        "state": "NSW",
        "price": "250",
        "price_per_unit": "147",
        "price_unit": "G"
      },
      {
        "state": "VIC",
        "price": "250",
        "price_per_unit": "147",
        "price_unit": "G"
      },
      {
        "state": "QLD",
        "price": "250",
        "price_per_unit": "147",
        "price_unit": "G"
      },
      {
        "state": "WA",
        "price": "250",
        "price_per_unit": "147",
        "price_unit": "G"
      },
      {
        "state": "SA",
        "price": "250",
        "price_per_unit": "147",
        "price_unit": "G"
      },
      {
        "state": "TAS",
        "price": "250",
        "price_per_unit": "147",
        "price_unit": "G"
      },
      {
        "state": "ACT",
        "price": "250",
        "price_per_unit": "147",
        "price_unit": "G"
      }
    ]
  },
  {
    "source_url": "https://www.woolworths.com.au/shop/productdetails/503980/obap-kimchi-can",
    "name": "Obap Kimchi Can 200g",
    "image_url": "https://cdn1.woolworths.media/content/wowproductimages/large/503980.jpg",
    "source_id": "Woolworths - 503980",
    "barcode": "9310432005964",
    "shop": "Woolworths",
    "weight": "100G",
    "prices": [
      {
        "state": "NSW",
        "price": "420",
        "price_per_unit": "210",
        "price_unit": "G"
      },
      {
        "state": "VIC",
        "price": "420",
        "price_per_unit": "210",
        "price_unit": "G"
      },
      {
        "state": "QLD",
        "price": "420",
        "price_per_unit": "210",
        "price_unit": "G"
      },
      {
        "state": "WA",
        "price": "420",
        "price_per_unit": "210",
        "price_unit": "G"
      },
      {
        "state": "SA",
        "price": "420",
        "price_per_unit": "210",
        "price_unit": "G"
      },
      {
        "state": "TAS",
        "price": "420",
        "price_per_unit": "210",
        "price_unit": "G"
      },
      {
        "state": "ACT",
        "price": "420",
        "price_per_unit": "210",
        "price_unit": "G"
      }
    ]
  },
  {
    "source_url": "https://www.woolworths.com.au/shop/productdetails/626939/obap-sweet-potato-noodles",
    "name": "Obap Sweet Potato Noodles 100g",
    "image_url": "https://cdn1.woolworths.media/content/wowproductimages/large/626939.jpg",
    "source_id": "Woolworths - 626939",
    "barcode": "9310432390022",
    "shop": "Woolworths",
    "weight": "100G",
    "prices": [
      {
        "state": "NSW",
        "price": "230",
        "price_per_unit": "230",
        "price_unit": "G"
      },
      {
        "state": "VIC",
        "price": "230",
        "price_per_unit": "230",
        "price_unit": "G"
      },
      {
        "state": "QLD",
        "price": "230",
        "price_per_unit": "230",
        "price_unit": "G"
      },
      {
        "state": "WA",
        "price": "230",
        "price_per_unit": "230",
        "price_unit": "G"
      },
      {
        "state": "SA",
        "price": "230",
        "price_per_unit": "230",
        "price_unit": "G"
      },
      {
        "state": "TAS",
        "price": "230",
        "price_per_unit": "230",
        "price_unit": "G"
      },
      {
        "state": "ACT",
        "price": "230",
        "price_per_unit": "230",
        "price_unit": "G"
      }
    ]
  },
  {
    "source_url": "https://www.woolworths.com.au/shop/productdetails/506570/obento-furikake-japanese-rice-seasoning-bonito",
    "name": "Obento Furikake Japanese Rice Seasoning Bonito 35g",
    "image_url": "https://cdn1.woolworths.media/content/wowproductimages/large/506570.jpg",
    "source_id": "Woolworths - 506570",
    "barcode": "9310432006435",
    "shop": "Woolworths",
    "weight": "100G",
    "prices": [
      {
        "state": "NSW",
        "price": "200",
        "price_per_unit": "571",
        "price_unit": "G"
      },
      {
        "state": "VIC",
        "price": "200",
        "price_per_unit": "571",
        "price_unit": "G"
      },
      {
        "state": "QLD",
        "price": "200",
        "price_per_unit": "571",
        "price_unit": "G"
      },
      {
        "state": "WA",
        "price": "200",
        "price_per_unit": "571",
        "price_unit": "G"
      },
      {
        "state": "SA",
        "price": "200",
        "price_per_unit": "571",
        "price_unit": "G"
      },
      {
        "state": "TAS",
        "price": "295",
        "price_per_unit": "843",
        "price_unit": "G"
      },
      {
        "state": "ACT",
        "price": "295",
        "price_per_unit": "843",
        "price_unit": "G"
      }
    ]
  },
  {
    "source_url": "https://www.woolworths.com.au/shop/productdetails/520567/obento-furikake-japanese-rice-seasoning-nori-seaweed",
    "name": "Obento Furikake Japanese Rice Seasoning Nori Seaweed 35g",
    "image_url": "https://cdn1.woolworths.media/content/wowproductimages/large/520567.jpg",
    "source_id": "Woolworths - 520567",
    "barcode": "9310432006442",
    "shop": "Woolworths",
    "weight": "100G",
    "prices": [
      {
        "state": "NSW",
        "price": "200",
        "price_per_unit": "571",
        "price_unit": "G"
      },
      {
        "state": "VIC",
        "price": "200",
        "price_per_unit": "571",
        "price_unit": "G"
      },
      {
        "state": "QLD",
        "price": "200",
        "price_per_unit": "571",
        "price_unit": "G"
      },
      {
        "state": "WA",
        "price": "200",
        "price_per_unit": "571",
        "price_unit": "G"
      },
      {
        "state": "SA",
        "price": "200",
        "price_per_unit": "571",
        "price_unit": "G"
      },
      {
        "state": "TAS",
        "price": "295",
        "price_per_unit": "843",
        "price_unit": "G"
      },
      {
        "state": "ACT",
        "price": "295",
        "price_per_unit": "843",
        "price_unit": "G"
      }
    ]
  },
  {
    "source_url": "https://www.woolworths.com.au/shop/productdetails/790391/obento-japanese-cooking-sake",
    "name": "Obento Japanese Cooking Sake 250ml",
    "image_url": "https://cdn1.woolworths.media/content/wowproductimages/large/790391.jpg",
    "source_id": "Woolworths - 790391",
    "barcode": "9310432001270",
    "shop": "Woolworths",
    "weight": "100ML",
    "prices": [
      {
        "state": "NSW",
        "price": "360",
        "price_per_unit": "144",
        "price_unit": "ML"
      },
      {
        "state": "VIC",
        "price": "360",
        "price_per_unit": "144",
        "price_unit": "ML"
      },
      {
        "state": "QLD",
        "price": "360",
        "price_per_unit": "144",
        "price_unit": "ML"
      },
      {
        "state": "WA",
        "price": "360",
        "price_per_unit": "144",
        "price_unit": "ML"
      },
      {
        "state": "SA",
        "price": "360",
        "price_per_unit": "144",
        "price_unit": "ML"
      },
      {
        "state": "TAS",
        "price": "360",
        "price_per_unit": "144",
        "price_unit": "ML"
      },
      {
        "state": "ACT",
        "price": "360",
        "price_per_unit": "144",
        "price_unit": "ML"
      }
    ]
  },
  {
    "source_url": "https://www.woolworths.com.au/shop/productdetails/345113/obento-japanese-noodles-ramen",
    "name": "Obento Japanese Noodles Ramen 150g",
    "image_url": "https://cdn1.woolworths.media/content/wowproductimages/large/345113.jpg",
    "source_id": "Woolworths - 345113",
    "barcode": "9310432003564",
    "shop": "Woolworths",
    "weight": "100G",
    "prices": [
      {
        "state": "NSW",
        "price": "170",
        "price_per_unit": "113",
        "price_unit": "G"
      },
      {
        "state": "VIC",
        "price": "170",
        "price_per_unit": "113",
        "price_unit": "G"
      },
      {
        "state": "QLD",
        "price": "170",
        "price_per_unit": "113",
        "price_unit": "G"
      },
      {
        "state": "WA",
        "price": "170",
        "price_per_unit": "113",
        "price_unit": "G"
      },
      {
        "state": "SA",
        "price": "170",
        "price_per_unit": "113",
        "price_unit": "G"
      },
      {
        "state": "TAS",
        "price": "170",
        "price_per_unit": "113",
        "price_unit": "G"
      },
      {
        "state": "ACT",
        "price": "170",
        "price_per_unit": "113",
        "price_unit": "G"
      },
      {
        "state": "NT",
        "price": "170",
        "price_per_unit": "113",
        "price_unit": "G"
      }
    ]
  },
  {
    "source_url": "https://www.woolworths.com.au/shop/productdetails/345112/obento-japanese-noodles-soba",
    "name": "Obento Japanese Noodles Soba 180g",
    "image_url": "https://cdn1.woolworths.media/content/wowproductimages/large/345112.jpg",
    "source_id": "Woolworths - 345112",
    "barcode": "9310432003502",
    "shop": "Woolworths",
    "weight": "100G",
    "prices": [
      {
        "state": "NSW",
        "price": "170",
        "price_per_unit": "94",
        "price_unit": "G"
      },
      {
        "state": "VIC",
        "price": "170",
        "price_per_unit": "94",
        "price_unit": "G"
      },
      {
        "state": "QLD",
        "price": "170",
        "price_per_unit": "94",
        "price_unit": "G"
      },
      {
        "state": "WA",
        "price": "170",
        "price_per_unit": "94",
        "price_unit": "G"
      },
      {
        "state": "SA",
        "price": "170",
        "price_per_unit": "94",
        "price_unit": "G"
      },
      {
        "state": "TAS",
        "price": "170",
        "price_per_unit": "94",
        "price_unit": "G"
      },
      {
        "state": "ACT",
        "price": "170",
        "price_per_unit": "94",
        "price_unit": "G"
      },
      {
        "state": "NT",
        "price": "170",
        "price_per_unit": "94",
        "price_unit": "G"
      }
    ]
  },
  {
    "source_url": "https://www.woolworths.com.au/shop/productdetails/263251/obento-japanese-noodles-udon",
    "name": "Obento Japanese Noodles Udon 200g",
    "image_url": "https://cdn1.woolworths.media/content/wowproductimages/large/263251.jpg",
    "source_id": "Woolworths - 263251",
    "barcode": "9310432001423",
    "shop": "Woolworths",
    "weight": "100G",
    "prices": [
      {
        "state": "NSW",
        "price": "170",
        "price_per_unit": "85",
        "price_unit": "G"
      },
      {
        "state": "VIC",
        "price": "170",
        "price_per_unit": "85",
        "price_unit": "G"
      },
      {
        "state": "QLD",
        "price": "170",
        "price_per_unit": "85",
        "price_unit": "G"
      },
      {
        "state": "WA",
        "price": "170",
        "price_per_unit": "85",
        "price_unit": "G"
      },
      {
        "state": "SA",
        "price": "170",
        "price_per_unit": "85",
        "price_unit": "G"
      },
      {
        "state": "TAS",
        "price": "170",
        "price_per_unit": "85",
        "price_unit": "G"
      },
      {
        "state": "ACT",
        "price": "170",
        "price_per_unit": "85",
        "price_unit": "G"
      },
      {
        "state": "NT",
        "price": "170",
        "price_per_unit": "85",
        "price_unit": "G"
      }
    ]
  },
  {
    "source_url": "https://www.woolworths.com.au/shop/productdetails/702323/obento-japanese-panko-breadcrumbs",
    "name": "Obento Japanese Panko Breadcrumbs 200g",
    "image_url": "https://cdn1.woolworths.media/content/wowproductimages/large/702323.jpg",
    "source_id": "Woolworths - 702323",
    "barcode": "9310432003212",
    "shop": "Woolworths",
    "weight": "100G",
    "prices": [
      {
        "state": "NSW",
        "price": "290",
        "price_per_unit": "145",
        "price_unit": "G"
      },
      {
        "state": "VIC",
        "price": "290",
        "price_per_unit": "145",
        "price_unit": "G"
      },
      {
        "state": "QLD",
        "price": "290",
        "price_per_unit": "145",
        "price_unit": "G"
      },
      {
        "state": "WA",
        "price": "290",
        "price_per_unit": "145",
        "price_unit": "G"
      },
      {
        "state": "SA",
        "price": "290",
        "price_per_unit": "145",
        "price_unit": "G"
      },
      {
        "state": "TAS",
        "price": "290",
        "price_per_unit": "145",
        "price_unit": "G"
      },
      {
        "state": "ACT",
        "price": "290",
        "price_per_unit": "145",
        "price_unit": "G"
      },
      {
        "state": "NT",
        "price": "290",
        "price_per_unit": "145",
        "price_unit": "G"
      }
    ]
  },
  {
    "source_url": "https://www.woolworths.com.au/shop/productdetails/229400/obento-japanese-rice-wine-vinegar",
    "name": "Obento Japanese Rice Wine Vinegar 250ml",
    "image_url": "https://cdn1.woolworths.media/content/wowproductimages/large/229400.jpg",
    "source_id": "Woolworths - 229400",
    "barcode": "9310432400059",
    "shop": "Woolworths",
    "weight": "100ML",
    "prices": [
      {
        "state": "NSW",
        "price": "260",
        "price_per_unit": "104",
        "price_unit": "ML"
      },
      {
        "state": "VIC",
        "price": "260",
        "price_per_unit": "104",
        "price_unit": "ML"
      },
      {
        "state": "QLD",
        "price": "260",
        "price_per_unit": "104",
        "price_unit": "ML"
      },
      {
        "state": "WA",
        "price": "260",
        "price_per_unit": "104",
        "price_unit": "ML"
      },
      {
        "state": "SA",
        "price": "260",
        "price_per_unit": "104",
        "price_unit": "ML"
      },
      {
        "state": "TAS",
        "price": "260",
        "price_per_unit": "104",
        "price_unit": "ML"
      },
      {
        "state": "ACT",
        "price": "260",
        "price_per_unit": "104",
        "price_unit": "ML"
      }
    ]
  },
  {
    "source_url": "https://www.woolworths.com.au/shop/productdetails/263255/obento-japanese-seasoning-sushi",
    "name": "Obento Japanese Seasoning Sushi 250ml",
    "image_url": "https://cdn1.woolworths.media/content/wowproductimages/large/263255.jpg",
    "source_id": "Woolworths - 263255",
    "barcode": "9310432001614",
    "shop": "Woolworths",
    "weight": "100ML",
    "prices": [
      {
        "state": "NSW",
        "price": "360",
        "price_per_unit": "144",
        "price_unit": "ML"
      },
      {
        "state": "VIC",
        "price": "360",
        "price_per_unit": "144",
        "price_unit": "ML"
      },
      {
        "state": "QLD",
        "price": "360",
        "price_per_unit": "144",
        "price_unit": "ML"
      },
      {
        "state": "WA",
        "price": "360",
        "price_per_unit": "144",
        "price_unit": "ML"
      },
      {
        "state": "SA",
        "price": "360",
        "price_per_unit": "144",
        "price_unit": "ML"
      },
      {
        "state": "TAS",
        "price": "360",
        "price_per_unit": "144",
        "price_unit": "ML"
      },
      {
        "state": "ACT",
        "price": "360",
        "price_per_unit": "144",
        "price_unit": "ML"
      },
      {
        "state": "NT",
        "price": "360",
        "price_per_unit": "144",
        "price_unit": "ML"
      }
    ]
  },
  {
    "source_url": "https://www.woolworths.com.au/shop/productdetails/717762/obento-japanese-sushi-sashimi-soy-sauce",
    "name": "Obento Japanese Sushi & Sashimi Soy Sauce 250ml",
    "image_url": "https://cdn1.woolworths.media/content/wowproductimages/large/717762.jpg",
    "source_id": "Woolworths - 717762",
    "barcode": "9310432390107",
    "shop": "Woolworths",
    "weight": "100ML",
    "prices": [
      {
        "state": "NSW",
        "price": "360",
        "price_per_unit": "144",
        "price_unit": "ML"
      },
      {
        "state": "VIC",
        "price": "360",
        "price_per_unit": "144",
        "price_unit": "ML"
      },
      {
        "state": "QLD",
        "price": "360",
        "price_per_unit": "144",
        "price_unit": "ML"
      },
      {
        "state": "WA",
        "price": "360",
        "price_per_unit": "144",
        "price_unit": "ML"
      },
      {
        "state": "SA",
        "price": "360",
        "price_per_unit": "144",
        "price_unit": "ML"
      },
      {
        "state": "TAS",
        "price": "360",
        "price_per_unit": "144",
        "price_unit": "ML"
      },
      {
        "state": "ACT",
        "price": "360",
        "price_per_unit": "144",
        "price_unit": "ML"
      },
      {
        "state": "NT",
        "price": "380",
        "price_per_unit": "152",
        "price_unit": "ML"
      }
    ]
  },
  {
    "source_url": "https://www.woolworths.com.au/shop/productdetails/206535/obento-japanese-sushi-kit",
    "name": "Obento Japanese Sushi Kit 540g",
    "image_url": "https://cdn1.woolworths.media/content/wowproductimages/large/206535.jpg",
    "source_id": "Woolworths - 206535",
    "barcode": "9310432400141",
    "shop": "Woolworths",
    "weight": "100G",
    "prices": [
      {
        "state": "NSW",
        "price": "1280",
        "price_per_unit": "237",
        "price_unit": "G"
      },
      {
        "state": "VIC",
        "price": "1280",
        "price_per_unit": "237",
        "price_unit": "G"
      },
      {
        "state": "QLD",
        "price": "1280",
        "price_per_unit": "237",
        "price_unit": "G"
      },
      {
        "state": "WA",
        "price": "1280",
        "price_per_unit": "237",
        "price_unit": "G"
      },
      {
        "state": "SA",
        "price": "1280",
        "price_per_unit": "237",
        "price_unit": "G"
      },
      {
        "state": "TAS",
        "price": "1280",
        "price_per_unit": "237",
        "price_unit": "G"
      },
      {
        "state": "ACT",
        "price": "1280",
        "price_per_unit": "237",
        "price_unit": "G"
      },
      {
        "state": "NT",
        "price": "1345",
        "price_per_unit": "249",
        "price_unit": "G"
      }
    ]
  },
  {
    "source_url": "https://www.woolworths.com.au/shop/productdetails/702285/obento-japanese-tempura-batter",
    "name": "Obento Japanese Tempura Batter 500g",
    "image_url": "https://cdn1.woolworths.media/content/wowproductimages/large/702285.jpg",
    "source_id": "Woolworths - 702285",
    "barcode": "9310432003823",
    "shop": "Woolworths",
    "weight": "100G",
    "prices": [
      {
        "state": "NSW",
        "price": "395",
        "price_per_unit": "79",
        "price_unit": "G"
      },
      {
        "state": "VIC",
        "price": "395",
        "price_per_unit": "79",
        "price_unit": "G"
      },
      {
        "state": "QLD",
        "price": "395",
        "price_per_unit": "79",
        "price_unit": "G"
      },
      {
        "state": "WA",
        "price": "395",
        "price_per_unit": "79",
        "price_unit": "G"
      },
      {
        "state": "SA",
        "price": "395",
        "price_per_unit": "79",
        "price_unit": "G"
      },
      {
        "state": "TAS",
        "price": "395",
        "price_per_unit": "79",
        "price_unit": "G"
      },
      {
        "state": "ACT",
        "price": "395",
        "price_per_unit": "79",
        "price_unit": "G"
      },
      {
        "state": "NT",
        "price": "395",
        "price_per_unit": "79",
        "price_unit": "G"
      }
    ]
  },
  {
    "source_url": "https://www.woolworths.com.au/shop/productdetails/185395/obento-japanese-yaki-nori-for-sushi",
    "name": "Obento Japanese Yaki Nori For Sushi Each",
    "image_url": "https://cdn1.woolworths.media/content/wowproductimages/large/185395.jpg",
    "source_id": "Woolworths - 185395",
    "barcode": "9310432400103",
    "shop": "Woolworths",
    "weight": "100G",
    "prices": [
      {
        "state": "NSW",
        "price": "320",
        "price_per_unit": "1280",
        "price_unit": "G"
      },
      {
        "state": "VIC",
        "price": "320",
        "price_per_unit": "1280",
        "price_unit": "G"
      },
      {
        "state": "QLD",
        "price": "320",
        "price_per_unit": "1280",
        "price_unit": "G"
      },
      {
        "state": "WA",
        "price": "320",
        "price_per_unit": "1280",
        "price_unit": "G"
      },
      {
        "state": "SA",
        "price": "320",
        "price_per_unit": "1280",
        "price_unit": "G"
      },
      {
        "state": "TAS",
        "price": "400",
        "price_per_unit": "1600",
        "price_unit": "G"
      },
      {
        "state": "ACT",
        "price": "400",
        "price_per_unit": "1600",
        "price_unit": "G"
      },
      {
        "state": "NT",
        "price": "420",
        "price_per_unit": "1680",
        "price_unit": "G"
      }
    ]
  },
  {
    "source_url": "https://www.woolworths.com.au/shop/productdetails/481200/obento-marinade-teriyaki",
    "name": "Obento Marinade Teriyaki 250ml",
    "image_url": "https://cdn1.woolworths.media/content/wowproductimages/large/481200.jpg",
    "source_id": "Woolworths - 481200",
    "barcode": "9310432330028",
    "shop": "Woolworths",
    "weight": "100ML",
    "prices": [
      {
        "state": "NSW",
        "price": "360",
        "price_per_unit": "144",
        "price_unit": "ML"
      },
      {
        "state": "VIC",
        "price": "360",
        "price_per_unit": "144",
        "price_unit": "ML"
      },
      {
        "state": "QLD",
        "price": "360",
        "price_per_unit": "144",
        "price_unit": "ML"
      },
      {
        "state": "WA",
        "price": "360",
        "price_per_unit": "144",
        "price_unit": "ML"
      },
      {
        "state": "SA",
        "price": "360",
        "price_per_unit": "144",
        "price_unit": "ML"
      },
      {
        "state": "TAS",
        "price": "360",
        "price_per_unit": "144",
        "price_unit": "ML"
      },
      {
        "state": "ACT",
        "price": "360",
        "price_per_unit": "144",
        "price_unit": "ML"
      },
      {
        "state": "NT",
        "price": "360",
        "price_per_unit": "144",
        "price_unit": "ML"
      }
    ]
  },
  {
    "source_url": "https://www.woolworths.com.au/shop/productdetails/101938/obento-mirin-seasoning",
    "name": "Obento Mirin Seasoning 250ml",
    "image_url": "https://cdn1.woolworths.media/content/wowproductimages/large/101938.jpg",
    "source_id": "Woolworths - 101938",
    "barcode": "9310432005162",
    "shop": "Woolworths",
    "weight": "100ML",
    "prices": [
      {
        "state": "NSW",
        "price": "440",
        "price_per_unit": "176",
        "price_unit": "ML"
      },
      {
        "state": "VIC",
        "price": "440",
        "price_per_unit": "176",
        "price_unit": "ML"
      },
      {
        "state": "QLD",
        "price": "440",
        "price_per_unit": "176",
        "price_unit": "ML"
      },
      {
        "state": "WA",
        "price": "440",
        "price_per_unit": "176",
        "price_unit": "ML"
      },
      {
        "state": "SA",
        "price": "440",
        "price_per_unit": "176",
        "price_unit": "ML"
      },
      {
        "state": "TAS",
        "price": "440",
        "price_per_unit": "176",
        "price_unit": "ML"
      },
      null,
      {
        "state": "NT",
        "price": "460",
        "price_per_unit": "184",
        "price_unit": "ML"
      }
    ]
  },
  {
    "source_url": "https://www.woolworths.com.au/shop/productdetails/626973/obento-ponzu-sauce",
    "name": "Obento Ponzu Sauce 250ml",
    "image_url": "https://cdn1.woolworths.media/content/wowproductimages/large/626973.jpg",
    "source_id": "Woolworths - 626973",
    "barcode": "9310432420170",
    "shop": "Woolworths",
    "weight": "100ML",
    "prices": [
      {
        "state": "NSW",
        "price": "360",
        "price_per_unit": "144",
        "price_unit": "ML"
      },
      {
        "state": "VIC",
        "price": "360",
        "price_per_unit": "144",
        "price_unit": "ML"
      },
      {
        "state": "QLD",
        "price": "360",
        "price_per_unit": "144",
        "price_unit": "ML"
      },
      {
        "state": "WA",
        "price": "360",
        "price_per_unit": "144",
        "price_unit": "ML"
      },
      {
        "state": "SA",
        "price": "360",
        "price_per_unit": "144",
        "price_unit": "ML"
      },
      {
        "state": "TAS",
        "price": "360",
        "price_per_unit": "144",
        "price_unit": "ML"
      },
      {
        "state": "ACT",
        "price": "360",
        "price_per_unit": "144",
        "price_unit": "ML"
      },
      {
        "state": "NT",
        "price": "360",
        "price_per_unit": "144",
        "price_unit": "ML"
      }
    ]
  },
  {
    "source_url": "https://www.woolworths.com.au/shop/productdetails/626956/obento-tonkatsu-sauce",
    "name": "Obento Tonkatsu Sauce 250ml",
    "image_url": "https://cdn1.woolworths.media/content/wowproductimages/large/626956.jpg",
    "source_id": "Woolworths - 626956",
    "barcode": "9310432420156",
    "shop": "Woolworths",
    "weight": "100ML",
    "prices": [
      {
        "state": "NSW",
        "price": "360",
        "price_per_unit": "144",
        "price_unit": "ML"
      },
      {
        "state": "VIC",
        "price": "360",
        "price_per_unit": "144",
        "price_unit": "ML"
      },
      {
        "state": "QLD",
        "price": "360",
        "price_per_unit": "144",
        "price_unit": "ML"
      },
      {
        "state": "WA",
        "price": "360",
        "price_per_unit": "144",
        "price_unit": "ML"
      },
      {
        "state": "SA",
        "price": "360",
        "price_per_unit": "144",
        "price_unit": "ML"
      },
      {
        "state": "TAS",
        "price": "360",
        "price_per_unit": "144",
        "price_unit": "ML"
      },
      {
        "state": "ACT",
        "price": "360",
        "price_per_unit": "144",
        "price_unit": "ML"
      },
      {
        "state": "NT",
        "price": "360",
        "price_per_unit": "144",
        "price_unit": "ML"
      }
    ]
  },
  {
    "source_url": "https://www.woolworths.com.au/shop/productdetails/627748/obento-yakitori-sauce",
    "name": "Obento Yakitori Sauce 250ml",
    "image_url": "https://cdn1.woolworths.media/content/wowproductimages/large/627748.jpg",
    "source_id": "Woolworths - 627748",
    "barcode": "9310432420163",
    "shop": "Woolworths",
    "weight": "100ML",
    "prices": [
      {
        "state": "NSW",
        "price": "360",
        "price_per_unit": "144",
        "price_unit": "ML"
      },
      {
        "state": "VIC",
        "price": "360",
        "price_per_unit": "144",
        "price_unit": "ML"
      },
      {
        "state": "QLD",
        "price": "360",
        "price_per_unit": "144",
        "price_unit": "ML"
      },
      {
        "state": "WA",
        "price": "360",
        "price_per_unit": "144",
        "price_unit": "ML"
      },
      {
        "state": "SA",
        "price": "360",
        "price_per_unit": "144",
        "price_unit": "ML"
      },
      {
        "state": "TAS",
        "price": "360",
        "price_per_unit": "144",
        "price_unit": "ML"
      },
      {
        "state": "ACT",
        "price": "360",
        "price_per_unit": "144",
        "price_unit": "ML"
      },
      {
        "state": "NT",
        "price": "360",
        "price_per_unit": "144",
        "price_unit": "ML"
      }
    ]
  },
  {
    "source_url": "https://www.woolworths.com.au/shop/productdetails/683029/okf-aloe-vera-drink",
    "name": "OKF Aloe Vera Drink 1.5l",
    "image_url": "https://cdn1.woolworths.media/content/wowproductimages/large/683029.jpg",
    "source_id": "Woolworths - 683029",
    "barcode": "8809041427386",
    "shop": "Woolworths",
    "weight": "1L",
    "prices": [
      {
        "state": "NSW",
        "price": "515",
        "price_per_unit": "343",
        "price_unit": "L"
      },
      {
        "state": "VIC",
        "price": "515",
        "price_per_unit": "343",
        "price_unit": "L"
      },
      {
        "state": "QLD",
        "price": "515",
        "price_per_unit": "343",
        "price_unit": "L"
      },
      {
        "state": "WA",
        "price": "515",
        "price_per_unit": "343",
        "price_unit": "L"
      },
      {
        "state": "SA",
        "price": "515",
        "price_per_unit": "343",
        "price_unit": "L"
      },
      {
        "state": "TAS",
        "price": "385",
        "price_per_unit": "257",
        "price_unit": "L"
      },
      {
        "state": "ACT",
        "price": "385",
        "price_per_unit": "257",
        "price_unit": "L"
      },
      {
        "state": "NT",
        "price": "385",
        "price_per_unit": "257",
        "price_unit": "L"
      }
    ]
  },
  {
    "source_url": "https://www.woolworths.com.au/shop/productdetails/1076333324/orion-custard-soft-cake-1-1-kg",
    "name": "Orion Custard Soft Cake 1.1 kg",
    "image_url": "https://cdn1.woolworths.media/content/wowproductimages/large/1076333324.jpg",
    "source_id": "Woolworths - 1076333324",
    "barcode": null,
    "shop": "Woolworths",
    "weight": "100G",
    "prices": [
      {
        "state": "NSW",
        "price": "4759",
        "price_per_unit": "433",
        "price_unit": "G"
      },
      {
        "state": "VIC",
        "price": "4759",
        "price_per_unit": "433",
        "price_unit": "G"
      },
      {
        "state": "QLD",
        "price": "4759",
        "price_per_unit": "433",
        "price_unit": "G"
      },
      {
        "state": "WA",
        "price": "4759",
        "price_per_unit": "433",
        "price_unit": "G"
      },
      {
        "state": "SA",
        "price": "4759",
        "price_per_unit": "433",
        "price_unit": "G"
      },
      {
        "state": "TAS",
        "price": "4759",
        "price_per_unit": "433",
        "price_unit": "G"
      },
      {
        "state": "ACT",
        "price": "4759",
        "price_per_unit": "433",
        "price_unit": "G"
      },
      {
        "state": "NT",
        "price": "4759",
        "price_per_unit": "433",
        "price_unit": "G"
      }
    ]
  },
  {
    "source_url": "https://www.woolworths.com.au/shop/productdetails/167216/orion-turtle-chips-choco-churros",
    "name": "Orion Turtle Chips Choco Churros 160g",
    "image_url": "https://cdn1.woolworths.media/content/wowproductimages/large/167216.jpg",
    "source_id": "Woolworths - 167216",
    "barcode": "8801117983208",
    "shop": "Woolworths",
    "weight": "100G",
    "prices": [
      {
        "state": "NSW",
        "price": "650",
        "price_per_unit": "406",
        "price_unit": "G"
      },
      {
        "state": "VIC",
        "price": "650",
        "price_per_unit": "406",
        "price_unit": "G"
      },
      {
        "state": "QLD",
        "price": "650",
        "price_per_unit": "406",
        "price_unit": "G"
      },
      {
        "state": "WA",
        "price": "650",
        "price_per_unit": "406",
        "price_unit": "G"
      },
      {
        "state": "SA",
        "price": "650",
        "price_per_unit": "406",
        "price_unit": "G"
      },
      {
        "state": "TAS",
        "price": "650",
        "price_per_unit": "406",
        "price_unit": "G"
      },
      {
        "state": "ACT",
        "price": "650",
        "price_per_unit": "406",
        "price_unit": "G"
      },
      {
        "state": "NT",
        "price": "650",
        "price_per_unit": "406",
        "price_unit": "G"
      }
    ]
  },
  {
    "source_url": "https://www.woolworths.com.au/shop/productdetails/117573/orion-turtle-chips-corn-soup",
    "name": "Orion Turtle Chips Corn Soup 160g",
    "image_url": "https://cdn1.woolworths.media/content/wowproductimages/large/117573.jpg",
    "source_id": "Woolworths - 117573",
    "barcode": "8801117983901",
    "shop": "Woolworths",
    "weight": "100G",
    "prices": [
      {
        "state": "NSW",
        "price": "650",
        "price_per_unit": "406",
        "price_unit": "G"
      },
      {
        "state": "VIC",
        "price": "650",
        "price_per_unit": "406",
        "price_unit": "G"
      },
      {
        "state": "QLD",
        "price": "650",
        "price_per_unit": "406",
        "price_unit": "G"
      },
      {
        "state": "WA",
        "price": "650",
        "price_per_unit": "406",
        "price_unit": "G"
      },
      {
        "state": "SA",
        "price": "650",
        "price_per_unit": "406",
        "price_unit": "G"
      },
      {
        "state": "TAS",
        "price": "650",
        "price_per_unit": "406",
        "price_unit": "G"
      },
      {
        "state": "ACT",
        "price": "650",
        "price_per_unit": "406",
        "price_unit": "G"
      },
      {
        "state": "NT",
        "price": "650",
        "price_per_unit": "406",
        "price_unit": "G"
      }
    ]
  },
  {
    "source_url": "https://www.woolworths.com.au/shop/productdetails/195184/orion-turtle-chips-flaming-mala",
    "name": "Orion Turtle Chips Flaming Mala 160g",
    "image_url": "https://cdn1.woolworths.media/content/wowproductimages/large/195184.jpg",
    "source_id": "Woolworths - 195184",
    "barcode": "8801117986209",
    "shop": "Woolworths",
    "weight": "100G",
    "prices": [
      {
        "state": "NSW",
        "price": "650",
        "price_per_unit": "406",
        "price_unit": "G"
      },
      {
        "state": "VIC",
        "price": "650",
        "price_per_unit": "406",
        "price_unit": "G"
      },
      {
        "state": "QLD",
        "price": "650",
        "price_per_unit": "406",
        "price_unit": "G"
      },
      {
        "state": "WA",
        "price": "650",
        "price_per_unit": "406",
        "price_unit": "G"
      },
      {
        "state": "SA",
        "price": "650",
        "price_per_unit": "406",
        "price_unit": "G"
      },
      {
        "state": "TAS",
        "price": "650",
        "price_per_unit": "406",
        "price_unit": "G"
      },
      {
        "state": "ACT",
        "price": "650",
        "price_per_unit": "406",
        "price_unit": "G"
      },
      {
        "state": "NT",
        "price": "650",
        "price_per_unit": "406",
        "price_unit": "G"
      }
    ]
  },
  {
    "source_url": "https://www.woolworths.com.au/shop/productdetails/1074709837/orku-1l-macadamia-oil-natural-cold-pressed-food-grade-100-pure-cooking-oils",
    "name": "Orku 1L Macadamia Oil - Natural Cold Pressed Food Grade 100% Pure Cooking Oils",
    "image_url": "https://cdn1.woolworths.media/content/wowproductimages/large/1074709837.jpg",
    "source_id": "Woolworths - 1074709837",
    "barcode": null,
    "shop": "Woolworths",
    "weight": "100ML",
    "prices": [
      {
        "state": "NSW",
        "price": "7499",
        "price_per_unit": "750",
        "price_unit": "ML"
      },
      {
        "state": "VIC",
        "price": "7499",
        "price_per_unit": "750",
        "price_unit": "ML"
      },
      {
        "state": "QLD",
        "price": "7499",
        "price_per_unit": "750",
        "price_unit": "ML"
      },
      {
        "state": "WA",
        "price": "7499",
        "price_per_unit": "750",
        "price_unit": "ML"
      },
      {
        "state": "SA",
        "price": "7499",
        "price_per_unit": "750",
        "price_unit": "ML"
      },
      {
        "state": "TAS",
        "price": "7499",
        "price_per_unit": "750",
        "price_unit": "ML"
      },
      {
        "state": "ACT",
        "price": "7499",
        "price_per_unit": "750",
        "price_unit": "ML"
      },
      {
        "state": "NT",
        "price": "7499",
        "price_per_unit": "750",
        "price_unit": "ML"
      }
    ]
  },
  {
    "source_url": "https://www.woolworths.com.au/shop/productdetails/1074709833/orku-1l-organic-hemp-seed-oil-cold-pressed-food-grade-healthy-oils-foods",
    "name": "Orku 1L Organic Hemp Seed Oil - Cold Pressed Food Grade Healthy Oils Foods",
    "image_url": "https://cdn1.woolworths.media/content/wowproductimages/large/1074709833.jpg",
    "source_id": "Woolworths - 1074709833",
    "barcode": null,
    "shop": "Woolworths",
    "weight": "100ML",
    "prices": [
      {
        "state": "NSW",
        "price": "8099",
        "price_per_unit": "810",
        "price_unit": "ML"
      },
      {
        "state": "VIC",
        "price": "8099",
        "price_per_unit": "810",
        "price_unit": "ML"
      },
      {
        "state": "QLD",
        "price": "8099",
        "price_per_unit": "810",
        "price_unit": "ML"
      },
      {
        "state": "WA",
        "price": "8099",
        "price_per_unit": "810",
        "price_unit": "ML"
      },
      {
        "state": "SA",
        "price": "8099",
        "price_per_unit": "810",
        "price_unit": "ML"
      },
      {
        "state": "TAS",
        "price": "8099",
        "price_per_unit": "810",
        "price_unit": "ML"
      },
      {
        "state": "ACT",
        "price": "8099",
        "price_per_unit": "810",
        "price_unit": "ML"
      },
      {
        "state": "NT",
        "price": "8099",
        "price_per_unit": "810",
        "price_unit": "ML"
      }
    ]
  },
  {
    "source_url": "https://www.woolworths.com.au/shop/productdetails/1074709946/orku-250ml-macadamia-oil-natural-cold-pressed-food-grade-100-pure-cooking-oils",
    "name": "Orku 250ml Macadamia Oil - Natural Cold Pressed Food Grade 100% Pure Cooking Oils",
    "image_url": "https://cdn1.woolworths.media/content/wowproductimages/large/1074709946.jpg",
    "source_id": "Woolworths - 1074709946",
    "barcode": null,
    "shop": "Woolworths",
    "weight": "100ML",
    "prices": [
      {
        "state": "NSW",
        "price": "4299",
        "price_per_unit": "1720",
        "price_unit": "ML"
      },
      {
        "state": "VIC",
        "price": "4299",
        "price_per_unit": "1720",
        "price_unit": "ML"
      },
      {
        "state": "QLD",
        "price": "4299",
        "price_per_unit": "1720",
        "price_unit": "ML"
      },
      {
        "state": "WA",
        "price": "4299",
        "price_per_unit": "1720",
        "price_unit": "ML"
      },
      {
        "state": "SA",
        "price": "4299",
        "price_per_unit": "1720",
        "price_unit": "ML"
      },
      {
        "state": "TAS",
        "price": "4299",
        "price_per_unit": "1720",
        "price_unit": "ML"
      },
      {
        "state": "ACT",
        "price": "4299",
        "price_per_unit": "1720",
        "price_unit": "ML"
      },
      {
        "state": "NT",
        "price": "4299",
        "price_per_unit": "1720",
        "price_unit": "ML"
      }
    ]
  },
  {
    "source_url": "https://www.woolworths.com.au/shop/productdetails/1074709943/orku-250ml-organic-hemp-seed-oil-cold-pressed-food-grade-healthy-oils-foods",
    "name": "Orku 250ml Organic Hemp Seed Oil - Cold Pressed Food Grade Healthy Oils Foods",
    "image_url": "https://cdn1.woolworths.media/content/wowproductimages/large/1074709943.jpg",
    "source_id": "Woolworths - 1074709943",
    "barcode": null,
    "shop": "Woolworths",
    "weight": "100ML",
    "prices": [
      {
        "state": "NSW",
        "price": "4199",
        "price_per_unit": "1680",
        "price_unit": "ML"
      },
      {
        "state": "VIC",
        "price": "4199",
        "price_per_unit": "1680",
        "price_unit": "ML"
      },
      {
        "state": "QLD",
        "price": "4199",
        "price_per_unit": "1680",
        "price_unit": "ML"
      },
      {
        "state": "WA",
        "price": "4199",
        "price_per_unit": "1680",
        "price_unit": "ML"
      },
      {
        "state": "SA",
        "price": "4199",
        "price_per_unit": "1680",
        "price_unit": "ML"
      },
      {
        "state": "TAS",
        "price": "4199",
        "price_per_unit": "1680",
        "price_unit": "ML"
      },
      {
        "state": "ACT",
        "price": "4199",
        "price_per_unit": "1680",
        "price_unit": "ML"
      },
      {
        "state": "NT",
        "price": "4199",
        "price_per_unit": "1680",
        "price_unit": "ML"
      }
    ]
  },
  {
    "source_url": "https://www.woolworths.com.au/shop/productdetails/1074885573/orku-500ml-macadamia-oil-natural-cold-pressed-food-grade-100-pure-cooking-oils",
    "name": "Orku 500ml Macadamia Oil - Natural Cold Pressed Food Grade 100% Pure Cooking Oils",
    "image_url": "https://cdn1.woolworths.media/content/wowproductimages/large/1074885573.jpg",
    "source_id": "Woolworths - 1074885573",
    "barcode": null,
    "shop": "Woolworths",
    "weight": null,
    "prices": [
      null,
      null,
      null
    ]
  },
  {
    "source_url": "https://www.woolworths.com.au/shop/productdetails/1074885567/orku-500ml-organic-hemp-seed-oil-cold-pressed-food-grade-healthy-oils-foods",
    "name": "Orku 500ml Organic Hemp Seed Oil - Cold Pressed Food Grade Healthy Oils Foods",
    "image_url": "https://cdn1.woolworths.media/content/wowproductimages/large/1074885567.jpg",
    "source_id": "Woolworths - 1074885567",
    "barcode": null,
    "shop": "Woolworths",
    "weight": null,
    "prices": [
      null,
      null,
      null
    ]
  },
  {
    "source_url": "https://www.woolworths.com.au/shop/productdetails/1074885684/orku-5l-macadamia-nut-oil-natural-cold-pressed-food-grade-100-pure-cooking-oils",
    "name": "Orku 5L Macadamia Nut Oil - Natural Cold Pressed Food Grade 100% Pure Cooking Oils",
    "image_url": "https://cdn1.woolworths.media/content/wowproductimages/large/1074885684.jpg",
    "source_id": "Woolworths - 1074885684",
    "barcode": null,
    "shop": "Woolworths",
    "weight": null,
    "prices": [
      null,
      null,
      null
    ]
  },
  {
    "source_url": "https://www.woolworths.com.au/shop/productdetails/1074885679/orku-5l-organic-hemp-seed-oil-cold-pressed-food-grade-healthy-oils-foods",
    "name": "Orku 5L Organic Hemp Seed Oil - Cold Pressed Food Grade Healthy Oils Foods",
    "image_url": "https://cdn1.woolworths.media/content/wowproductimages/large/1074885679.jpg",
    "source_id": "Woolworths - 1074885679",
    "barcode": null,
    "shop": "Woolworths",
    "weight": "100ML",
    "prices": [
      {
        "state": "NSW",
        "price": "21999",
        "price_per_unit": "440",
        "price_unit": "ML"
      },
      {
        "state": "VIC",
        "price": "21999",
        "price_per_unit": "440",
        "price_unit": "ML"
      },
      {
        "state": "QLD",
        "price": "21999",
        "price_per_unit": "440",
        "price_unit": "ML"
      },
      {
        "state": "WA",
        "price": "21999",
        "price_per_unit": "440",
        "price_unit": "ML"
      },
      {
        "state": "SA",
        "price": "21999",
        "price_per_unit": "440",
        "price_unit": "ML"
      },
      {
        "state": "TAS",
        "price": "21999",
        "price_per_unit": "440",
        "price_unit": "ML"
      },
      {
        "state": "ACT",
        "price": "21999",
        "price_per_unit": "440",
        "price_unit": "ML"
      },
      {
        "state": "NT",
        "price": "21999",
        "price_per_unit": "440",
        "price_unit": "ML"
      }
    ]
  },
  {
    "source_url": "https://www.woolworths.com.au/shop/productdetails/862808/ottogi-jin-ramen-mild-instant-noodles",
    "name": "Ottogi Jin Ramen Mild Instant Noodles 120g",
    "image_url": "https://cdn1.woolworths.media/content/wowproductimages/large/862808.jpg",
    "source_id": "Woolworths - 862808",
    "barcode": "8801045999906",
    "shop": "Woolworths",
    "weight": "100G",
    "prices": [
      {
        "state": "NSW",
        "price": "180",
        "price_per_unit": "150",
        "price_unit": "G"
      },
      {
        "state": "VIC",
        "price": "180",
        "price_per_unit": "150",
        "price_unit": "G"
      },
      {
        "state": "QLD",
        "price": "180",
        "price_per_unit": "150",
        "price_unit": "G"
      },
      {
        "state": "WA",
        "price": "180",
        "price_per_unit": "150",
        "price_unit": "G"
      },
      {
        "state": "SA",
        "price": "180",
        "price_per_unit": "150",
        "price_unit": "G"
      },
      {
        "state": "TAS",
        "price": "180",
        "price_per_unit": "150",
        "price_unit": "G"
      },
      {
        "state": "ACT",
        "price": "180",
        "price_per_unit": "150",
        "price_unit": "G"
      },
      {
        "state": "NT",
        "price": "190",
        "price_per_unit": "158",
        "price_unit": "G"
      }
    ]
  },
  {
    "source_url": "https://www.woolworths.com.au/shop/productdetails/862807/ottogi-jin-ramen-spicy-instant-noodles",
    "name": "Ottogi Jin Ramen Spicy Instant Noodles 120g",
    "image_url": "https://cdn1.woolworths.media/content/wowproductimages/large/862807.jpg",
    "source_id": "Woolworths - 862807",
    "barcode": "8801045999913",
    "shop": "Woolworths",
    "weight": "100G",
    "prices": [
      {
        "state": "NSW",
        "price": "180",
        "price_per_unit": "150",
        "price_unit": "G"
      },
      {
        "state": "VIC",
        "price": "180",
        "price_per_unit": "150",
        "price_unit": "G"
      },
      {
        "state": "QLD",
        "price": "180",
        "price_per_unit": "150",
        "price_unit": "G"
      },
      {
        "state": "WA",
        "price": "180",
        "price_per_unit": "150",
        "price_unit": "G"
      },
      {
        "state": "SA",
        "price": "180",
        "price_per_unit": "150",
        "price_unit": "G"
      },
      {
        "state": "TAS",
        "price": "180",
        "price_per_unit": "150",
        "price_unit": "G"
      },
      {
        "state": "ACT",
        "price": "180",
        "price_per_unit": "150",
        "price_unit": "G"
      },
      {
        "state": "NT",
        "price": "190",
        "price_per_unit": "158",
        "price_unit": "G"
      }
    ]
  },
  {
    "source_url": "https://www.woolworths.com.au/shop/productdetails/682514/ottogi-korean-bbq-bulgogi",
    "name": "Ottogi Korean Bbq Bulgogi 240g",
    "image_url": "https://cdn1.woolworths.media/content/wowproductimages/large/682514.jpg",
    "source_id": "Woolworths - 682514",
    "barcode": "8801045129426",
    "shop": "Woolworths",
    "weight": "100G",
    "prices": [
      {
        "state": "NSW",
        "price": "390",
        "price_per_unit": "163",
        "price_unit": "G"
      },
      {
        "state": "VIC",
        "price": "390",
        "price_per_unit": "163",
        "price_unit": "G"
      },
      {
        "state": "QLD",
        "price": "390",
        "price_per_unit": "163",
        "price_unit": "G"
      },
      {
        "state": "WA",
        "price": "390",
        "price_per_unit": "163",
        "price_unit": "G"
      },
      {
        "state": "SA",
        "price": "390",
        "price_per_unit": "163",
        "price_unit": "G"
      },
      {
        "state": "TAS",
        "price": "390",
        "price_per_unit": "163",
        "price_unit": "G"
      },
      {
        "state": "ACT",
        "price": "390",
        "price_per_unit": "163",
        "price_unit": "G"
      },
      {
        "state": "NT",
        "price": "410",
        "price_per_unit": "171",
        "price_unit": "G"
      }
    ]
  },
  {
    "source_url": "https://www.woolworths.com.au/shop/productdetails/1075345754/pacific-harvest-atlantic-dulse-leaves-100g",
    "name": "Pacific Harvest Atlantic Dulse Leaves 100g",
    "image_url": "https://cdn1.woolworths.media/content/wowproductimages/large/1075345754.jpg",
    "source_id": "Woolworths - 1075345754",
    "barcode": null,
    "shop": "Woolworths",
    "weight": "1KG",
    "prices": [
      {
        "state": "NSW",
        "price": "7385",
        "price_per_unit": "73850",
        "price_unit": "KG"
      },
      {
        "state": "VIC",
        "price": "7385",
        "price_per_unit": "73850",
        "price_unit": "KG"
      },
      {
        "state": "QLD",
        "price": "7385",
        "price_per_unit": "73850",
        "price_unit": "KG"
      },
      {
        "state": "WA",
        "price": "7385",
        "price_per_unit": "73850",
        "price_unit": "KG"
      },
      {
        "state": "SA",
        "price": "7385",
        "price_per_unit": "73850",
        "price_unit": "KG"
      },
      {
        "state": "TAS",
        "price": "7385",
        "price_per_unit": "73850",
        "price_unit": "KG"
      },
      {
        "state": "ACT",
        "price": "7385",
        "price_per_unit": "73850",
        "price_unit": "KG"
      },
      {
        "state": "NT",
        "price": "7385",
        "price_per_unit": "73850",
        "price_unit": "KG"
      }
    ]
  },
  {
    "source_url": "https://www.woolworths.com.au/shop/productdetails/1075346285/pacific-harvest-atlantic-dulse-seaweed-flakes-25g",
    "name": "Pacific Harvest Atlantic Dulse Seaweed Flakes 25g",
    "image_url": "https://cdn1.woolworths.media/content/wowproductimages/large/1075346285.jpg",
    "source_id": "Woolworths - 1075346285",
    "barcode": null,
    "shop": "Woolworths",
    "weight": "1KG",
    "prices": [
      {
        "state": "NSW",
        "price": "1265",
        "price_per_unit": "50600",
        "price_unit": "KG"
      },
      {
        "state": "VIC",
        "price": "1265",
        "price_per_unit": "50600",
        "price_unit": "KG"
      },
      {
        "state": "QLD",
        "price": "1265",
        "price_per_unit": "50600",
        "price_unit": "KG"
      },
      {
        "state": "WA",
        "price": "1265",
        "price_per_unit": "50600",
        "price_unit": "KG"
      },
      {
        "state": "SA",
        "price": "1265",
        "price_per_unit": "50600",
        "price_unit": "KG"
      },
      {
        "state": "TAS",
        "price": "1265",
        "price_per_unit": "50600",
        "price_unit": "KG"
      },
      {
        "state": "ACT",
        "price": "1265",
        "price_per_unit": "50600",
        "price_unit": "KG"
      },
      {
        "state": "NT",
        "price": "1265",
        "price_per_unit": "50600",
        "price_unit": "KG"
      }
    ]
  },
  {
    "source_url": "https://www.woolworths.com.au/shop/productdetails/1075347425/pacific-harvest-atlantic-dulse-seaweed-flakes-80g",
    "name": "Pacific Harvest Atlantic Dulse Seaweed Flakes 80g",
    "image_url": "https://cdn1.woolworths.media/content/wowproductimages/large/1075347425.jpg",
    "source_id": "Woolworths - 1075347425",
    "barcode": null,
    "shop": "Woolworths",
    "weight": "1KG",
    "prices": [
      {
        "state": "NSW",
        "price": "3375",
        "price_per_unit": "42188",
        "price_unit": "KG"
      },
      {
        "state": "VIC",
        "price": "3375",
        "price_per_unit": "42188",
        "price_unit": "KG"
      },
      {
        "state": "QLD",
        "price": "3375",
        "price_per_unit": "42188",
        "price_unit": "KG"
      },
      {
        "state": "WA",
        "price": "3375",
        "price_per_unit": "42188",
        "price_unit": "KG"
      },
      {
        "state": "SA",
        "price": "3375",
        "price_per_unit": "42188",
        "price_unit": "KG"
      },
      {
        "state": "TAS",
        "price": "3375",
        "price_per_unit": "42188",
        "price_unit": "KG"
      },
      {
        "state": "ACT",
        "price": "3375",
        "price_per_unit": "42188",
        "price_unit": "KG"
      },
      {
        "state": "NT",
        "price": "3375",
        "price_per_unit": "42188",
        "price_unit": "KG"
      }
    ]
  },
  {
    "source_url": "https://www.woolworths.com.au/shop/productdetails/1075347426/pacific-harvest-atlantic-dulse-seaweed-leaves-15g",
    "name": "Pacific Harvest Atlantic Dulse Seaweed Leaves 15g",
    "image_url": "https://cdn1.woolworths.media/content/wowproductimages/large/1075347426.jpg",
    "source_id": "Woolworths - 1075347426",
    "barcode": null,
    "shop": "Woolworths",
    "weight": "1KG",
    "prices": [
      {
        "state": "NSW",
        "price": "1395",
        "price_per_unit": "93000",
        "price_unit": "KG"
      },
      {
        "state": "VIC",
        "price": "1395",
        "price_per_unit": "93000",
        "price_unit": "KG"
      },
      {
        "state": "QLD",
        "price": "1395",
        "price_per_unit": "93000",
        "price_unit": "KG"
      },
      {
        "state": "WA",
        "price": "1395",
        "price_per_unit": "93000",
        "price_unit": "KG"
      },
      {
        "state": "SA",
        "price": "1395",
        "price_per_unit": "93000",
        "price_unit": "KG"
      },
      {
        "state": "TAS",
        "price": "1395",
        "price_per_unit": "93000",
        "price_unit": "KG"
      },
      {
        "state": "ACT",
        "price": "1395",
        "price_per_unit": "93000",
        "price_unit": "KG"
      },
      {
        "state": "NT",
        "price": "1395",
        "price_per_unit": "93000",
        "price_unit": "KG"
      }
    ]
  },
  {
    "source_url": "https://www.woolworths.com.au/shop/productdetails/1075347427/pacific-harvest-irish-sea-moss-pieces-120g",
    "name": "Pacific Harvest Irish Sea Moss Pieces 120g",
    "image_url": "https://cdn1.woolworths.media/content/wowproductimages/large/1075347427.jpg",
    "source_id": "Woolworths - 1075347427",
    "barcode": null,
    "shop": "Woolworths",
    "weight": "1KG",
    "prices": [
      {
        "state": "NSW",
        "price": "3025",
        "price_per_unit": "25208",
        "price_unit": "KG"
      },
      {
        "state": "VIC",
        "price": "3025",
        "price_per_unit": "25208",
        "price_unit": "KG"
      },
      {
        "state": "QLD",
        "price": "3025",
        "price_per_unit": "25208",
        "price_unit": "KG"
      },
      {
        "state": "WA",
        "price": "3025",
        "price_per_unit": "25208",
        "price_unit": "KG"
      },
      {
        "state": "SA",
        "price": "3025",
        "price_per_unit": "25208",
        "price_unit": "KG"
      },
      {
        "state": "TAS",
        "price": "3025",
        "price_per_unit": "25208",
        "price_unit": "KG"
      },
      {
        "state": "ACT",
        "price": "3025",
        "price_per_unit": "25208",
        "price_unit": "KG"
      },
      {
        "state": "NT",
        "price": "3025",
        "price_per_unit": "25208",
        "price_unit": "KG"
      }
    ]
  },
  {
    "source_url": "https://www.woolworths.com.au/shop/productdetails/1075346265/pacific-harvest-irish-sea-moss-seaweed-36g",
    "name": "Pacific Harvest Irish Sea Moss Seaweed 36g",
    "image_url": "https://cdn1.woolworths.media/content/wowproductimages/large/1075346265.jpg",
    "source_id": "Woolworths - 1075346265",
    "barcode": null,
    "shop": "Woolworths",
    "weight": "1KG",
    "prices": [
      {
        "state": "NSW",
        "price": "1055",
        "price_per_unit": "29306",
        "price_unit": "KG"
      },
      {
        "state": "VIC",
        "price": "1055",
        "price_per_unit": "29306",
        "price_unit": "KG"
      },
      {
        "state": "QLD",
        "price": "1055",
        "price_per_unit": "29306",
        "price_unit": "KG"
      },
      {
        "state": "WA",
        "price": "1055",
        "price_per_unit": "29306",
        "price_unit": "KG"
      },
      {
        "state": "SA",
        "price": "1055",
        "price_per_unit": "29306",
        "price_unit": "KG"
      },
      {
        "state": "TAS",
        "price": "1055",
        "price_per_unit": "29306",
        "price_unit": "KG"
      },
      {
        "state": "ACT",
        "price": "1055",
        "price_per_unit": "29306",
        "price_unit": "KG"
      },
      {
        "state": "NT",
        "price": "1055",
        "price_per_unit": "29306",
        "price_unit": "KG"
      }
    ]
  },
  {
    "source_url": "https://www.woolworths.com.au/shop/productdetails/1075344702/pacific-harvest-kelp-salt-naturally-iodised-400g",
    "name": "Pacific Harvest Kelp Salt Naturally Iodised 400g",
    "image_url": "https://cdn1.woolworths.media/content/wowproductimages/large/1075344702.jpg",
    "source_id": "Woolworths - 1075344702",
    "barcode": null,
    "shop": "Woolworths",
    "weight": "1KG",
    "prices": [
      {
        "state": "NSW",
        "price": "1050",
        "price_per_unit": "2625",
        "price_unit": "KG"
      },
      {
        "state": "VIC",
        "price": "1050",
        "price_per_unit": "2625",
        "price_unit": "KG"
      },
      {
        "state": "QLD",
        "price": "1050",
        "price_per_unit": "2625",
        "price_unit": "KG"
      },
      {
        "state": "WA",
        "price": "1050",
        "price_per_unit": "2625",
        "price_unit": "KG"
      },
      {
        "state": "SA",
        "price": "1050",
        "price_per_unit": "2625",
        "price_unit": "KG"
      },
      {
        "state": "TAS",
        "price": "1050",
        "price_per_unit": "2625",
        "price_unit": "KG"
      },
      {
        "state": "ACT",
        "price": "1050",
        "price_per_unit": "2625",
        "price_unit": "KG"
      },
      {
        "state": "NT",
        "price": "1050",
        "price_per_unit": "2625",
        "price_unit": "KG"
      }
    ]
  },
  {
    "source_url": "https://www.woolworths.com.au/shop/productdetails/1075345545/pacific-harvest-manuka-smoked-atlantic-dulse-flakes-25g",
    "name": "Pacific Harvest Manuka Smoked Atlantic Dulse Flakes 25g",
    "image_url": "https://cdn1.woolworths.media/content/wowproductimages/large/1075345545.jpg",
    "source_id": "Woolworths - 1075345545",
    "barcode": null,
    "shop": "Woolworths",
    "weight": "1KG",
    "prices": [
      {
        "state": "NSW",
        "price": "1585",
        "price_per_unit": "63400",
        "price_unit": "KG"
      },
      {
        "state": "VIC",
        "price": "1585",
        "price_per_unit": "63400",
        "price_unit": "KG"
      },
      {
        "state": "QLD",
        "price": "1585",
        "price_per_unit": "63400",
        "price_unit": "KG"
      },
      {
        "state": "WA",
        "price": "1585",
        "price_per_unit": "63400",
        "price_unit": "KG"
      },
      {
        "state": "SA",
        "price": "1585",
        "price_per_unit": "63400",
        "price_unit": "KG"
      },
      {
        "state": "TAS",
        "price": "1585",
        "price_per_unit": "63400",
        "price_unit": "KG"
      },
      {
        "state": "ACT",
        "price": "1585",
        "price_per_unit": "63400",
        "price_unit": "KG"
      },
      {
        "state": "NT",
        "price": "1585",
        "price_per_unit": "63400",
        "price_unit": "KG"
      }
    ]
  },
  {
    "source_url": "https://www.woolworths.com.au/shop/productdetails/1075347018/pacific-harvest-nori-flakes-15g",
    "name": "Pacific Harvest Nori Flakes 15g",
    "image_url": "https://cdn1.woolworths.media/content/wowproductimages/large/1075347018.jpg",
    "source_id": "Woolworths - 1075347018",
    "barcode": null,
    "shop": "Woolworths",
    "weight": "1KG",
    "prices": [
      {
        "state": "NSW",
        "price": "1055",
        "price_per_unit": "70333",
        "price_unit": "KG"
      },
      {
        "state": "VIC",
        "price": "1055",
        "price_per_unit": "70333",
        "price_unit": "KG"
      },
      {
        "state": "QLD",
        "price": "1055",
        "price_per_unit": "70333",
        "price_unit": "KG"
      },
      {
        "state": "WA",
        "price": "1055",
        "price_per_unit": "70333",
        "price_unit": "KG"
      },
      {
        "state": "SA",
        "price": "1055",
        "price_per_unit": "70333",
        "price_unit": "KG"
      },
      {
        "state": "TAS",
        "price": "1055",
        "price_per_unit": "70333",
        "price_unit": "KG"
      },
      {
        "state": "ACT",
        "price": "1055",
        "price_per_unit": "70333",
        "price_unit": "KG"
      },
      {
        "state": "NT",
        "price": "1055",
        "price_per_unit": "70333",
        "price_unit": "KG"
      }
    ]
  },
  {
    "source_url": "https://www.woolworths.com.au/shop/productdetails/1075345160/pacific-harvest-nori-flakes-60g",
    "name": "Pacific Harvest Nori Flakes 60g",
    "image_url": "https://cdn1.woolworths.media/content/wowproductimages/large/1075345160.jpg",
    "source_id": "Woolworths - 1075345160",
    "barcode": null,
    "shop": "Woolworths",
    "weight": "1KG",
    "prices": [
      {
        "state": "NSW",
        "price": "2115",
        "price_per_unit": "35250",
        "price_unit": "KG"
      },
      {
        "state": "VIC",
        "price": "2115",
        "price_per_unit": "35250",
        "price_unit": "KG"
      },
      {
        "state": "QLD",
        "price": "2115",
        "price_per_unit": "35250",
        "price_unit": "KG"
      },
      {
        "state": "WA",
        "price": "2115",
        "price_per_unit": "35250",
        "price_unit": "KG"
      },
      {
        "state": "SA",
        "price": "2115",
        "price_per_unit": "35250",
        "price_unit": "KG"
      },
      {
        "state": "TAS",
        "price": "2115",
        "price_per_unit": "35250",
        "price_unit": "KG"
      },
      {
        "state": "ACT",
        "price": "2115",
        "price_per_unit": "35250",
        "price_unit": "KG"
      },
      {
        "state": "NT",
        "price": "2115",
        "price_per_unit": "35250",
        "price_unit": "KG"
      }
    ]
  },
  {
    "source_url": "https://www.woolworths.com.au/shop/productdetails/1075346361/pacific-harvest-power-of-three-flakes-18g",
    "name": "Pacific Harvest Power of Three Flakes 18g",
    "image_url": "https://cdn1.woolworths.media/content/wowproductimages/large/1075346361.jpg",
    "source_id": "Woolworths - 1075346361",
    "barcode": null,
    "shop": "Woolworths",
    "weight": "1KG",
    "prices": [
      {
        "state": "NSW",
        "price": "1035",
        "price_per_unit": "57500",
        "price_unit": "KG"
      },
      {
        "state": "VIC",
        "price": "1035",
        "price_per_unit": "57500",
        "price_unit": "KG"
      },
      {
        "state": "QLD",
        "price": "1035",
        "price_per_unit": "57500",
        "price_unit": "KG"
      },
      {
        "state": "WA",
        "price": "1035",
        "price_per_unit": "57500",
        "price_unit": "KG"
      },
      {
        "state": "SA",
        "price": "1035",
        "price_per_unit": "57500",
        "price_unit": "KG"
      },
      {
        "state": "TAS",
        "price": "1035",
        "price_per_unit": "57500",
        "price_unit": "KG"
      },
      {
        "state": "ACT",
        "price": "1035",
        "price_per_unit": "57500",
        "price_unit": "KG"
      },
      {
        "state": "NT",
        "price": "1035",
        "price_per_unit": "57500",
        "price_unit": "KG"
      }
    ]
  },
  {
    "source_url": "https://www.woolworths.com.au/shop/productdetails/1075346024/pacific-harvest-premium-agar-powder-50g",
    "name": "Pacific Harvest Premium Agar Powder 50g",
    "image_url": "https://cdn1.woolworths.media/content/wowproductimages/large/1075346024.jpg",
    "source_id": "Woolworths - 1075346024",
    "barcode": null,
    "shop": "Woolworths",
    "weight": "100G",
    "prices": [
      {
        "state": "NSW",
        "price": "1495",
        "price_per_unit": "2990",
        "price_unit": "G"
      },
      {
        "state": "VIC",
        "price": "1495",
        "price_per_unit": "2990",
        "price_unit": "G"
      },
      {
        "state": "QLD",
        "price": "1495",
        "price_per_unit": "2990",
        "price_unit": "G"
      },
      {
        "state": "WA",
        "price": "1495",
        "price_per_unit": "2990",
        "price_unit": "G"
      },
      {
        "state": "SA",
        "price": "1495",
        "price_per_unit": "2990",
        "price_unit": "G"
      },
      {
        "state": "TAS",
        "price": "1495",
        "price_per_unit": "2990",
        "price_unit": "G"
      },
      {
        "state": "ACT",
        "price": "1495",
        "price_per_unit": "2990",
        "price_unit": "G"
      },
      {
        "state": "NT",
        "price": "1495",
        "price_per_unit": "2990",
        "price_unit": "G"
      }
    ]
  },
  {
    "source_url": "https://www.woolworths.com.au/shop/productdetails/1075344771/pacific-harvest-sea-spaghetti-seaweed-branches-170g",
    "name": "Pacific Harvest Sea Spaghetti Seaweed Branches 170g",
    "image_url": "https://cdn1.woolworths.media/content/wowproductimages/large/1075344771.jpg",
    "source_id": "Woolworths - 1075344771",
    "barcode": null,
    "shop": "Woolworths",
    "weight": "1KG",
    "prices": [
      {
        "state": "NSW",
        "price": "4495",
        "price_per_unit": "26441",
        "price_unit": "KG"
      },
      {
        "state": "VIC",
        "price": "4495",
        "price_per_unit": "26441",
        "price_unit": "KG"
      },
      {
        "state": "QLD",
        "price": "4495",
        "price_per_unit": "26441",
        "price_unit": "KG"
      },
      {
        "state": "WA",
        "price": "4495",
        "price_per_unit": "26441",
        "price_unit": "KG"
      },
      {
        "state": "SA",
        "price": "4495",
        "price_per_unit": "26441",
        "price_unit": "KG"
      },
      {
        "state": "TAS",
        "price": "4495",
        "price_per_unit": "26441",
        "price_unit": "KG"
      },
      {
        "state": "ACT",
        "price": "4495",
        "price_per_unit": "26441",
        "price_unit": "KG"
      },
      {
        "state": "NT",
        "price": "4495",
        "price_per_unit": "26441",
        "price_unit": "KG"
      }
    ]
  },
  {
    "source_url": "https://www.woolworths.com.au/shop/productdetails/1075345158/pacific-harvest-sea-spaghetti-seaweed-branches-30g",
    "name": "Pacific Harvest Sea Spaghetti Seaweed Branches 30g",
    "image_url": "https://cdn1.woolworths.media/content/wowproductimages/large/1075345158.jpg",
    "source_id": "Woolworths - 1075345158",
    "barcode": null,
    "shop": "Woolworths",
    "weight": "1KG",
    "prices": [
      {
        "state": "NSW",
        "price": "1055",
        "price_per_unit": "35167",
        "price_unit": "KG"
      },
      {
        "state": "VIC",
        "price": "1055",
        "price_per_unit": "35167",
        "price_unit": "KG"
      },
      {
        "state": "QLD",
        "price": "1055",
        "price_per_unit": "35167",
        "price_unit": "KG"
      },
      {
        "state": "WA",
        "price": "1055",
        "price_per_unit": "35167",
        "price_unit": "KG"
      },
      {
        "state": "SA",
        "price": "1055",
        "price_per_unit": "35167",
        "price_unit": "KG"
      },
      {
        "state": "TAS",
        "price": "1055",
        "price_per_unit": "35167",
        "price_unit": "KG"
      },
      {
        "state": "ACT",
        "price": "1055",
        "price_per_unit": "35167",
        "price_unit": "KG"
      },
      {
        "state": "NT",
        "price": "1055",
        "price_per_unit": "35167",
        "price_unit": "KG"
      }
    ]
  },
  {
    "source_url": "https://www.woolworths.com.au/shop/productdetails/1075345702/pacific-harvest-wakame-flakes-30g",
    "name": "Pacific Harvest Wakame Flakes 30g",
    "image_url": "https://cdn1.woolworths.media/content/wowproductimages/large/1075345702.jpg",
    "source_id": "Woolworths - 1075345702",
    "barcode": null,
    "shop": "Woolworths",
    "weight": "1KG",
    "prices": [
      {
        "state": "NSW",
        "price": "1245",
        "price_per_unit": "41500",
        "price_unit": "KG"
      },
      {
        "state": "VIC",
        "price": "1245",
        "price_per_unit": "41500",
        "price_unit": "KG"
      },
      {
        "state": "QLD",
        "price": "1245",
        "price_per_unit": "41500",
        "price_unit": "KG"
      },
      {
        "state": "WA",
        "price": "1245",
        "price_per_unit": "41500",
        "price_unit": "KG"
      },
      {
        "state": "SA",
        "price": "1245",
        "price_per_unit": "41500",
        "price_unit": "KG"
      },
      {
        "state": "TAS",
        "price": "1245",
        "price_per_unit": "41500",
        "price_unit": "KG"
      },
      {
        "state": "ACT",
        "price": "1245",
        "price_per_unit": "41500",
        "price_unit": "KG"
      },
      {
        "state": "NT",
        "price": "1245",
        "price_per_unit": "41500",
        "price_unit": "KG"
      }
    ]
  },
  {
    "source_url": "https://www.woolworths.com.au/shop/productdetails/1075345703/pacific-harvest-wakame-flakes-90g",
    "name": "Pacific Harvest Wakame Flakes 90g",
    "image_url": "https://cdn1.woolworths.media/content/wowproductimages/large/1075345703.jpg",
    "source_id": "Woolworths - 1075345703",
    "barcode": null,
    "shop": "Woolworths",
    "weight": "1KG",
    "prices": [
      {
        "state": "NSW",
        "price": "3125",
        "price_per_unit": "34722",
        "price_unit": "KG"
      },
      {
        "state": "VIC",
        "price": "3125",
        "price_per_unit": "34722",
        "price_unit": "KG"
      },
      {
        "state": "QLD",
        "price": "3125",
        "price_per_unit": "34722",
        "price_unit": "KG"
      },
      {
        "state": "WA",
        "price": "3125",
        "price_per_unit": "34722",
        "price_unit": "KG"
      },
      {
        "state": "SA",
        "price": "3125",
        "price_per_unit": "34722",
        "price_unit": "KG"
      },
      {
        "state": "TAS",
        "price": "3125",
        "price_per_unit": "34722",
        "price_unit": "KG"
      },
      {
        "state": "ACT",
        "price": "3125",
        "price_per_unit": "34722",
        "price_unit": "KG"
      },
      {
        "state": "NT",
        "price": "3125",
        "price_per_unit": "34722",
        "price_unit": "KG"
      }
    ]
  },
  {
    "source_url": "https://www.woolworths.com.au/shop/productdetails/1075346777/pacific-harvest-wakame-seaweed-wild-leaves-20g",
    "name": "Pacific Harvest Wakame Seaweed Wild Leaves 20g",
    "image_url": "https://cdn1.woolworths.media/content/wowproductimages/large/1075346777.jpg",
    "source_id": "Woolworths - 1075346777",
    "barcode": null,
    "shop": "Woolworths",
    "weight": "1KG",
    "prices": [
      {
        "state": "NSW",
        "price": "1055",
        "price_per_unit": "52750",
        "price_unit": "KG"
      },
      {
        "state": "VIC",
        "price": "1055",
        "price_per_unit": "52750",
        "price_unit": "KG"
      },
      {
        "state": "QLD",
        "price": "1055",
        "price_per_unit": "52750",
        "price_unit": "KG"
      },
      {
        "state": "WA",
        "price": "1055",
        "price_per_unit": "52750",
        "price_unit": "KG"
      },
      {
        "state": "SA",
        "price": "1055",
        "price_per_unit": "52750",
        "price_unit": "KG"
      },
      {
        "state": "TAS",
        "price": "1055",
        "price_per_unit": "52750",
        "price_unit": "KG"
      },
      {
        "state": "ACT",
        "price": "1055",
        "price_per_unit": "52750",
        "price_unit": "KG"
      },
      {
        "state": "NT",
        "price": "1055",
        "price_per_unit": "52750",
        "price_unit": "KG"
      }
    ]
  },
  {
    "source_url": "https://www.woolworths.com.au/shop/productdetails/1075345398/pacific-harvest-wakame-seaweed-wild-leaves-80g",
    "name": "Pacific Harvest Wakame Seaweed Wild Leaves 80g",
    "image_url": "https://cdn1.woolworths.media/content/wowproductimages/large/1075345398.jpg",
    "source_id": "Woolworths - 1075345398",
    "barcode": null,
    "shop": "Woolworths",
    "weight": "1KG",
    "prices": [
      {
        "state": "NSW",
        "price": "3975",
        "price_per_unit": "49688",
        "price_unit": "KG"
      },
      {
        "state": "VIC",
        "price": "3975",
        "price_per_unit": "49688",
        "price_unit": "KG"
      },
      {
        "state": "QLD",
        "price": "3975",
        "price_per_unit": "49688",
        "price_unit": "KG"
      },
      {
        "state": "WA",
        "price": "3975",
        "price_per_unit": "49688",
        "price_unit": "KG"
      },
      {
        "state": "SA",
        "price": "3975",
        "price_per_unit": "49688",
        "price_unit": "KG"
      },
      {
        "state": "TAS",
        "price": "3975",
        "price_per_unit": "49688",
        "price_unit": "KG"
      },
      {
        "state": "ACT",
        "price": "3975",
        "price_per_unit": "49688",
        "price_unit": "KG"
      },
      {
        "state": "NT",
        "price": "3975",
        "price_per_unit": "49688",
        "price_unit": "KG"
      }
    ]
  },
  {
    "source_url": "https://www.woolworths.com.au/shop/productdetails/519454/paldo-dosirac-beef-noodles",
    "name": "Paldo Dosirac Beef Noodles 86g",
    "image_url": "https://cdn1.woolworths.media/content/wowproductimages/large/519454.jpg",
    "source_id": "Woolworths - 519454",
    "barcode": "648436100118",
    "shop": "Woolworths",
    "weight": "100G",
    "prices": [
      {
        "state": "NSW",
        "price": "215",
        "price_per_unit": "250",
        "price_unit": "G"
      },
      {
        "state": "VIC",
        "price": "215",
        "price_per_unit": "250",
        "price_unit": "G"
      },
      {
        "state": "QLD",
        "price": "215",
        "price_per_unit": "250",
        "price_unit": "G"
      },
      {
        "state": "WA",
        "price": "215",
        "price_per_unit": "250",
        "price_unit": "G"
      },
      {
        "state": "SA",
        "price": "215",
        "price_per_unit": "250",
        "price_unit": "G"
      },
      {
        "state": "TAS",
        "price": "215",
        "price_per_unit": "250",
        "price_unit": "G"
      },
      {
        "state": "NT",
        "price": "230",
        "price_per_unit": "267",
        "price_unit": "G"
      }
    ]
  },
  {
    "source_url": "https://www.woolworths.com.au/shop/productdetails/189726/pandaroo-coconut-cream",
    "name": "Pandaroo Coconut Cream 400ml",
    "image_url": "https://cdn1.woolworths.media/content/wowproductimages/large/189726.jpg",
    "source_id": "Woolworths - 189726",
    "barcode": "9319224992918",
    "shop": "Woolworths",
    "weight": "100ML",
    "prices": [
      {
        "state": "NSW",
        "price": "200",
        "price_per_unit": "50",
        "price_unit": "ML"
      },
      {
        "state": "VIC",
        "price": "200",
        "price_per_unit": "50",
        "price_unit": "ML"
      },
      {
        "state": "QLD",
        "price": "200",
        "price_per_unit": "50",
        "price_unit": "ML"
      },
      {
        "state": "WA",
        "price": "200",
        "price_per_unit": "50",
        "price_unit": "ML"
      },
      {
        "state": "SA",
        "price": "200",
        "price_per_unit": "50",
        "price_unit": "ML"
      },
      {
        "state": "TAS",
        "price": "200",
        "price_per_unit": "50",
        "price_unit": "ML"
      },
      {
        "state": "ACT",
        "price": "200",
        "price_per_unit": "50",
        "price_unit": "ML"
      },
      {
        "state": "NT",
        "price": "200",
        "price_per_unit": "50",
        "price_unit": "ML"
      }
    ]
  },
  {
    "source_url": "https://www.woolworths.com.au/shop/productdetails/111319/pandaroo-coconut-milk",
    "name": "Pandaroo Coconut Milk 165ml",
    "image_url": "https://cdn1.woolworths.media/content/wowproductimages/large/111319.jpg",
    "source_id": "Woolworths - 111319",
    "barcode": "9319224992864",
    "shop": "Woolworths",
    "weight": "100ML",
    "prices": [
      {
        "state": "NSW",
        "price": "110",
        "price_per_unit": "67",
        "price_unit": "ML"
      },
      {
        "state": "VIC",
        "price": "110",
        "price_per_unit": "67",
        "price_unit": "ML"
      },
      {
        "state": "QLD",
        "price": "110",
        "price_per_unit": "67",
        "price_unit": "ML"
      },
      {
        "state": "WA",
        "price": "110",
        "price_per_unit": "67",
        "price_unit": "ML"
      },
      {
        "state": "SA",
        "price": "110",
        "price_per_unit": "67",
        "price_unit": "ML"
      },
      {
        "state": "TAS",
        "price": "130",
        "price_per_unit": "79",
        "price_unit": "ML"
      },
      {
        "state": "ACT",
        "price": "130",
        "price_per_unit": "79",
        "price_unit": "ML"
      },
      {
        "state": "NT",
        "price": "140",
        "price_per_unit": "85",
        "price_unit": "ML"
      }
    ]
  },
  {
    "source_url": "https://www.woolworths.com.au/shop/productdetails/189725/pandaroo-coconut-milk",
    "name": "Pandaroo Coconut Milk 400ml",
    "image_url": "https://cdn1.woolworths.media/content/wowproductimages/large/189725.jpg",
    "source_id": "Woolworths - 189725",
    "barcode": "9319224992901",
    "shop": "Woolworths",
    "weight": "1L",
    "prices": [
      {
        "state": "NSW",
        "price": "165",
        "price_per_unit": "413",
        "price_unit": "L"
      },
      {
        "state": "VIC",
        "price": "165",
        "price_per_unit": "413",
        "price_unit": "L"
      },
      {
        "state": "QLD",
        "price": "165",
        "price_per_unit": "413",
        "price_unit": "L"
      },
      {
        "state": "WA",
        "price": "165",
        "price_per_unit": "413",
        "price_unit": "L"
      },
      {
        "state": "SA",
        "price": "165",
        "price_per_unit": "413",
        "price_unit": "L"
      },
      {
        "state": "TAS",
        "price": "165",
        "price_per_unit": "413",
        "price_unit": "L"
      },
      {
        "state": "ACT",
        "price": "165",
        "price_per_unit": "413",
        "price_unit": "L"
      },
      {
        "state": "NT",
        "price": "165",
        "price_per_unit": "413",
        "price_unit": "L"
      }
    ]
  },
  {
    "source_url": "https://www.woolworths.com.au/shop/productdetails/702389/pandaroo-drinks-coconut-water",
    "name": "Pandaroo Drinks Coconut Water 310ml",
    "image_url": "https://cdn1.woolworths.media/content/wowproductimages/large/702389.jpg",
    "source_id": "Woolworths - 702389",
    "barcode": "9319224802644",
    "shop": "Woolworths",
    "weight": "1L",
    "prices": [
      {
        "state": "NSW",
        "price": "170",
        "price_per_unit": "548",
        "price_unit": "L"
      },
      {
        "state": "VIC",
        "price": "170",
        "price_per_unit": "548",
        "price_unit": "L"
      },
      {
        "state": "QLD",
        "price": "170",
        "price_per_unit": "548",
        "price_unit": "L"
      },
      {
        "state": "WA",
        "price": "170",
        "price_per_unit": "548",
        "price_unit": "L"
      },
      {
        "state": "SA",
        "price": "160",
        "price_per_unit": "516",
        "price_unit": "L"
      },
      {
        "state": "TAS",
        "price": "200",
        "price_per_unit": "645",
        "price_unit": "L"
      },
      {
        "state": "ACT",
        "price": "200",
        "price_per_unit": "645",
        "price_unit": "L"
      },
      {
        "state": "NT",
        "price": "200",
        "price_per_unit": "645",
        "price_unit": "L"
      }
    ]
  },
  {
    "source_url": "https://www.woolworths.com.au/shop/productdetails/702357/pandaroo-ingredients-chinese-cooking-wine",
    "name": "Pandaroo Ingredients Chinese Cooking Wine 375ml",
    "image_url": "https://cdn1.woolworths.media/content/wowproductimages/large/702357.jpg",
    "source_id": "Woolworths - 702357",
    "barcode": "9319224800527",
    "shop": "Woolworths",
    "weight": "100ML",
    "prices": [
      {
        "state": "NSW",
        "price": "360",
        "price_per_unit": "96",
        "price_unit": "ML"
      },
      {
        "state": "VIC",
        "price": "360",
        "price_per_unit": "96",
        "price_unit": "ML"
      },
      {
        "state": "QLD",
        "price": "360",
        "price_per_unit": "96",
        "price_unit": "ML"
      },
      {
        "state": "WA",
        "price": "360",
        "price_per_unit": "96",
        "price_unit": "ML"
      },
      {
        "state": "SA",
        "price": "360",
        "price_per_unit": "96",
        "price_unit": "ML"
      },
      {
        "state": "TAS",
        "price": "410",
        "price_per_unit": "109",
        "price_unit": "ML"
      },
      {
        "state": "ACT",
        "price": "410",
        "price_per_unit": "109",
        "price_unit": "ML"
      }
    ]
  },
  {
    "source_url": "https://www.woolworths.com.au/shop/productdetails/121531/pandaroo-ingredients-rice-paper-spring-roll",
    "name": "Pandaroo Ingredients Rice Paper Spring Roll 150g",
    "image_url": "https://cdn1.woolworths.media/content/wowproductimages/large/121531.jpg",
    "source_id": "Woolworths - 121531",
    "barcode": "9319224990303",
    "shop": "Woolworths",
    "weight": "100G",
    "prices": [
      {
        "state": "NSW",
        "price": "230",
        "price_per_unit": "153",
        "price_unit": "G"
      },
      {
        "state": "VIC",
        "price": "230",
        "price_per_unit": "153",
        "price_unit": "G"
      },
      {
        "state": "QLD",
        "price": "230",
        "price_per_unit": "153",
        "price_unit": "G"
      },
      {
        "state": "WA",
        "price": "230",
        "price_per_unit": "153",
        "price_unit": "G"
      },
      {
        "state": "SA",
        "price": "230",
        "price_per_unit": "153",
        "price_unit": "G"
      },
      {
        "state": "TAS",
        "price": "230",
        "price_per_unit": "153",
        "price_unit": "G"
      },
      {
        "state": "ACT",
        "price": "230",
        "price_per_unit": "153",
        "price_unit": "G"
      },
      {
        "state": "NT",
        "price": "240",
        "price_per_unit": "160",
        "price_unit": "G"
      }
    ]
  },
  {
    "source_url": "https://www.woolworths.com.au/shop/productdetails/229231/pandaroo-japanese-ginger-sushi",
    "name": "Pandaroo Japanese Ginger Sushi 200g",
    "image_url": "https://cdn1.woolworths.media/content/wowproductimages/large/229231.jpg",
    "source_id": "Woolworths - 229231",
    "barcode": "9319224800299",
    "shop": "Woolworths",
    "weight": "100G",
    "prices": [
      {
        "state": "NSW",
        "price": "370",
        "price_per_unit": "185",
        "price_unit": "G"
      },
      {
        "state": "VIC",
        "price": "370",
        "price_per_unit": "185",
        "price_unit": "G"
      },
      {
        "state": "QLD",
        "price": "370",
        "price_per_unit": "185",
        "price_unit": "G"
      },
      {
        "state": "WA",
        "price": "370",
        "price_per_unit": "185",
        "price_unit": "G"
      },
      {
        "state": "SA",
        "price": "370",
        "price_per_unit": "185",
        "price_unit": "G"
      },
      {
        "state": "TAS",
        "price": "370",
        "price_per_unit": "185",
        "price_unit": "G"
      },
      {
        "state": "ACT",
        "price": "370",
        "price_per_unit": "185",
        "price_unit": "G"
      },
      {
        "state": "NT",
        "price": "370",
        "price_per_unit": "185",
        "price_unit": "G"
      }
    ]
  },
  {
    "source_url": "https://www.woolworths.com.au/shop/productdetails/702364/pandaroo-japanese-instant-miso-soup-fried-tofu",
    "name": "Pandaroo Japanese Instant Miso Soup Fried Tofu 12g",
    "image_url": "https://cdn1.woolworths.media/content/wowproductimages/large/702364.jpg",
    "source_id": "Woolworths - 702364",
    "barcode": "9319224802521",
    "shop": "Woolworths",
    "weight": "100G",
    "prices": [
      {
        "state": "NSW",
        "price": "300",
        "price_per_unit": "2500",
        "price_unit": "G"
      },
      {
        "state": "VIC",
        "price": "300",
        "price_per_unit": "2500",
        "price_unit": "G"
      },
      {
        "state": "QLD",
        "price": "300",
        "price_per_unit": "2500",
        "price_unit": "G"
      },
      {
        "state": "WA",
        "price": "300",
        "price_per_unit": "2500",
        "price_unit": "G"
      },
      {
        "state": "SA",
        "price": "300",
        "price_per_unit": "2500",
        "price_unit": "G"
      },
      {
        "state": "TAS",
        "price": "300",
        "price_per_unit": "2500",
        "price_unit": "G"
      },
      {
        "state": "ACT",
        "price": "300",
        "price_per_unit": "2500",
        "price_unit": "G"
      },
      {
        "state": "NT",
        "price": "300",
        "price_per_unit": "2500",
        "price_unit": "G"
      }
    ]
  },
  {
    "source_url": "https://www.woolworths.com.au/shop/productdetails/702359/pandaroo-japanese-instant-miso-soup-spinach",
    "name": "Pandaroo Japanese Instant Miso Soup Spinach 12g",
    "image_url": "https://cdn1.woolworths.media/content/wowproductimages/large/702359.jpg",
    "source_id": "Woolworths - 702359",
    "barcode": "9319224802538",
    "shop": "Woolworths",
    "weight": "100G",
    "prices": [
      {
        "state": "NSW",
        "price": "300",
        "price_per_unit": "2500",
        "price_unit": "G"
      },
      {
        "state": "VIC",
        "price": "300",
        "price_per_unit": "2500",
        "price_unit": "G"
      },
      {
        "state": "QLD",
        "price": "300",
        "price_per_unit": "2500",
        "price_unit": "G"
      },
      {
        "state": "WA",
        "price": "300",
        "price_per_unit": "2500",
        "price_unit": "G"
      },
      {
        "state": "SA",
        "price": "300",
        "price_per_unit": "2500",
        "price_unit": "G"
      },
      {
        "state": "TAS",
        "price": "300",
        "price_per_unit": "2500",
        "price_unit": "G"
      },
      {
        "state": "ACT",
        "price": "300",
        "price_per_unit": "2500",
        "price_unit": "G"
      },
      {
        "state": "NT",
        "price": "300",
        "price_per_unit": "2500",
        "price_unit": "G"
      }
    ]
  },
  {
    "source_url": "https://www.woolworths.com.au/shop/productdetails/229229/pandaroo-japanese-sushi-bamboo-mat-24cm",
    "name": "Pandaroo Japanese Sushi Bamboo Mat 24cm Each",
    "image_url": "https://cdn1.woolworths.media/content/wowproductimages/large/229229.jpg",
    "source_id": "Woolworths - 229229",
    "barcode": "9319224800282",
    "shop": "Woolworths",
    "weight": "1EA",
    "prices": [
      {
        "state": "NSW",
        "price": "150",
        "price_per_unit": "150",
        "price_unit": "EA"
      },
      {
        "state": "VIC",
        "price": "150",
        "price_per_unit": "150",
        "price_unit": "EA"
      },
      {
        "state": "QLD",
        "price": "150",
        "price_per_unit": "150",
        "price_unit": "EA"
      },
      {
        "state": "WA",
        "price": "150",
        "price_per_unit": "150",
        "price_unit": "EA"
      },
      {
        "state": "SA",
        "price": "150",
        "price_per_unit": "150",
        "price_unit": "EA"
      },
      {
        "state": "TAS",
        "price": "215",
        "price_per_unit": "215",
        "price_unit": "EA"
      },
      {
        "state": "ACT",
        "price": "215",
        "price_per_unit": "215",
        "price_unit": "EA"
      },
      {
        "state": "NT",
        "price": "225",
        "price_per_unit": "225",
        "price_unit": "EA"
      }
    ]
  },
  {
    "source_url": "https://www.woolworths.com.au/shop/productdetails/744256/pandaroo-lite-coconut-cream",
    "name": "Pandaroo Lite Coconut Cream 400ml",
    "image_url": "https://cdn1.woolworths.media/content/wowproductimages/large/744256.jpg",
    "source_id": "Woolworths - 744256",
    "barcode": "9319224992895",
    "shop": "Woolworths",
    "weight": "100ML",
    "prices": [
      {
        "state": "NSW",
        "price": "200",
        "price_per_unit": "50",
        "price_unit": "ML"
      },
      {
        "state": "VIC",
        "price": "200",
        "price_per_unit": "50",
        "price_unit": "ML"
      },
      {
        "state": "QLD",
        "price": "200",
        "price_per_unit": "50",
        "price_unit": "ML"
      },
      {
        "state": "WA",
        "price": "200",
        "price_per_unit": "50",
        "price_unit": "ML"
      },
      {
        "state": "SA",
        "price": "200",
        "price_per_unit": "50",
        "price_unit": "ML"
      },
      {
        "state": "TAS",
        "price": "200",
        "price_per_unit": "50",
        "price_unit": "ML"
      },
      {
        "state": "ACT",
        "price": "200",
        "price_per_unit": "50",
        "price_unit": "ML"
      },
      {
        "state": "NT",
        "price": "200",
        "price_per_unit": "50",
        "price_unit": "ML"
      }
    ]
  },
  {
    "source_url": "https://www.woolworths.com.au/shop/productdetails/744243/pandaroo-lite-coconut-milk",
    "name": "Pandaroo Lite Coconut Milk 165ml",
    "image_url": "https://cdn1.woolworths.media/content/wowproductimages/large/744243.jpg",
    "source_id": "Woolworths - 744243",
    "barcode": "9319224800244",
    "shop": "Woolworths",
    "weight": "100ML",
    "prices": [
      {
        "state": "NSW",
        "price": "110",
        "price_per_unit": "67",
        "price_unit": "ML"
      },
      {
        "state": "VIC",
        "price": "110",
        "price_per_unit": "67",
        "price_unit": "ML"
      },
      {
        "state": "QLD",
        "price": "110",
        "price_per_unit": "67",
        "price_unit": "ML"
      },
      {
        "state": "WA",
        "price": "110",
        "price_per_unit": "67",
        "price_unit": "ML"
      },
      {
        "state": "SA",
        "price": "110",
        "price_per_unit": "67",
        "price_unit": "ML"
      },
      {
        "state": "TAS",
        "price": "130",
        "price_per_unit": "79",
        "price_unit": "ML"
      },
      {
        "state": "ACT",
        "price": "130",
        "price_per_unit": "79",
        "price_unit": "ML"
      },
      {
        "state": "NT",
        "price": "140",
        "price_per_unit": "85",
        "price_unit": "ML"
      }
    ]
  },
  {
    "source_url": "https://www.woolworths.com.au/shop/productdetails/189721/pandaroo-lite-coconut-milk",
    "name": "Pandaroo Lite Coconut Milk 400ml",
    "image_url": "https://cdn1.woolworths.media/content/wowproductimages/large/189721.jpg",
    "source_id": "Woolworths - 189721",
    "barcode": "9319224992925",
    "shop": "Woolworths",
    "weight": "100ML",
    "prices": [
      {
        "state": "NSW",
        "price": "165",
        "price_per_unit": "41",
        "price_unit": "ML"
      },
      {
        "state": "VIC",
        "price": "165",
        "price_per_unit": "41",
        "price_unit": "ML"
      },
      {
        "state": "QLD",
        "price": "165",
        "price_per_unit": "41",
        "price_unit": "ML"
      },
      {
        "state": "WA",
        "price": "165",
        "price_per_unit": "41",
        "price_unit": "ML"
      },
      {
        "state": "SA",
        "price": "165",
        "price_per_unit": "41",
        "price_unit": "ML"
      },
      {
        "state": "TAS",
        "price": "165",
        "price_per_unit": "41",
        "price_unit": "ML"
      },
      {
        "state": "ACT",
        "price": "165",
        "price_per_unit": "41",
        "price_unit": "ML"
      },
      {
        "state": "NT",
        "price": "165",
        "price_per_unit": "41",
        "price_unit": "ML"
      }
    ]
  },
  {
    "source_url": "https://www.woolworths.com.au/shop/productdetails/110323/pandaroo-noodles-thin-egg",
    "name": "Pandaroo Noodles Thin Egg 375g",
    "image_url": "https://cdn1.woolworths.media/content/wowproductimages/large/110323.jpg",
    "source_id": "Woolworths - 110323",
    "barcode": "9319224990259",
    "shop": "Woolworths",
    "weight": "100G",
    "prices": [
      {
        "state": "NSW",
        "price": "300",
        "price_per_unit": "80",
        "price_unit": "G"
      },
      {
        "state": "VIC",
        "price": "300",
        "price_per_unit": "80",
        "price_unit": "G"
      },
      {
        "state": "QLD",
        "price": "300",
        "price_per_unit": "80",
        "price_unit": "G"
      },
      {
        "state": "WA",
        "price": "300",
        "price_per_unit": "80",
        "price_unit": "G"
      },
      {
        "state": "SA",
        "price": "300",
        "price_per_unit": "80",
        "price_unit": "G"
      },
      {
        "state": "TAS",
        "price": "350",
        "price_per_unit": "93",
        "price_unit": "G"
      },
      {
        "state": "ACT",
        "price": "350",
        "price_per_unit": "93",
        "price_unit": "G"
      },
      {
        "state": "NT",
        "price": "370",
        "price_per_unit": "99",
        "price_unit": "G"
      }
    ]
  },
  {
    "source_url": "https://www.woolworths.com.au/shop/productdetails/789366/pandaroo-salad-dressing-vietnamese",
    "name": "Pandaroo Salad Dressing Vietnamese 270ml",
    "image_url": "https://cdn1.woolworths.media/content/wowproductimages/large/789366.jpg",
    "source_id": "Woolworths - 789366",
    "barcode": "9319224803047",
    "shop": "Woolworths",
    "weight": "100ML",
    "prices": [
      {
        "state": "NSW",
        "price": "320",
        "price_per_unit": "119",
        "price_unit": "ML"
      },
      {
        "state": "VIC",
        "price": "320",
        "price_per_unit": "119",
        "price_unit": "ML"
      },
      {
        "state": "QLD",
        "price": "320",
        "price_per_unit": "119",
        "price_unit": "ML"
      },
      {
        "state": "WA",
        "price": "320",
        "price_per_unit": "119",
        "price_unit": "ML"
      },
      {
        "state": "SA",
        "price": "320",
        "price_per_unit": "119",
        "price_unit": "ML"
      },
      {
        "state": "TAS",
        "price": "370",
        "price_per_unit": "137",
        "price_unit": "ML"
      },
      {
        "state": "ACT",
        "price": "370",
        "price_per_unit": "137",
        "price_unit": "ML"
      },
      {
        "state": "NT",
        "price": "370",
        "price_per_unit": "137",
        "price_unit": "ML"
      }
    ]
  },
  {
    "source_url": "https://www.woolworths.com.au/shop/productdetails/307669/pandaroo-snacks-jelly-fruit-mini-cups",
    "name": "Pandaroo Snacks Jelly Fruit Mini Cups 380g",
    "image_url": "https://cdn1.woolworths.media/content/wowproductimages/large/307669.jpg",
    "source_id": "Woolworths - 307669",
    "barcode": "9319224801159",
    "shop": "Woolworths",
    "weight": "100G",
    "prices": [
      {
        "state": "NSW",
        "price": "250",
        "price_per_unit": "66",
        "price_unit": "G"
      },
      {
        "state": "VIC",
        "price": "250",
        "price_per_unit": "66",
        "price_unit": "G"
      },
      {
        "state": "QLD",
        "price": "250",
        "price_per_unit": "66",
        "price_unit": "G"
      },
      {
        "state": "WA",
        "price": "250",
        "price_per_unit": "66",
        "price_unit": "G"
      },
      {
        "state": "SA",
        "price": "250",
        "price_per_unit": "66",
        "price_unit": "G"
      },
      {
        "state": "TAS",
        "price": "250",
        "price_per_unit": "66",
        "price_unit": "G"
      },
      {
        "state": "ACT",
        "price": "250",
        "price_per_unit": "66",
        "price_unit": "G"
      },
      {
        "state": "NT",
        "price": "250",
        "price_per_unit": "66",
        "price_unit": "G"
      }
    ]
  },
  {
    "source_url": "https://www.woolworths.com.au/shop/productdetails/229234/pandaroo-sushi-rice",
    "name": "Pandaroo Sushi Rice 1kg",
    "image_url": "https://cdn1.woolworths.media/content/wowproductimages/large/229234.jpg",
    "source_id": "Woolworths - 229234",
    "barcode": "9319224800336",
    "shop": "Woolworths",
    "weight": "100G",
    "prices": [
      {
        "state": "NSW",
        "price": "550",
        "price_per_unit": "55",
        "price_unit": "G"
      },
      {
        "state": "VIC",
        "price": "550",
        "price_per_unit": "55",
        "price_unit": "G"
      },
      {
        "state": "QLD",
        "price": "550",
        "price_per_unit": "55",
        "price_unit": "G"
      },
      {
        "state": "WA",
        "price": "550",
        "price_per_unit": "55",
        "price_unit": "G"
      },
      {
        "state": "SA",
        "price": "550",
        "price_per_unit": "55",
        "price_unit": "G"
      },
      {
        "state": "TAS",
        "price": "550",
        "price_per_unit": "55",
        "price_unit": "G"
      },
      {
        "state": "ACT",
        "price": "550",
        "price_per_unit": "55",
        "price_unit": "G"
      },
      {
        "state": "NT",
        "price": "550",
        "price_per_unit": "55",
        "price_unit": "G"
      }
    ]
  },
  {
    "source_url": "https://www.woolworths.com.au/shop/productdetails/861611/pandaroo-sweetened-condensed-coconut-milk",
    "name": "Pandaroo Sweetened Condensed Coconut Milk 320g",
    "image_url": "https://cdn1.woolworths.media/content/wowproductimages/large/861611.jpg",
    "source_id": "Woolworths - 861611",
    "barcode": "9319224803269",
    "shop": "Woolworths",
    "weight": "100G",
    "prices": [
      {
        "state": "NSW",
        "price": "520",
        "price_per_unit": "163",
        "price_unit": "G"
      },
      {
        "state": "VIC",
        "price": "520",
        "price_per_unit": "163",
        "price_unit": "G"
      },
      {
        "state": "QLD",
        "price": "520",
        "price_per_unit": "163",
        "price_unit": "G"
      },
      {
        "state": "WA",
        "price": "520",
        "price_per_unit": "163",
        "price_unit": "G"
      },
      {
        "state": "SA",
        "price": "520",
        "price_per_unit": "163",
        "price_unit": "G"
      },
      {
        "state": "TAS",
        "price": "520",
        "price_per_unit": "163",
        "price_unit": "G"
      },
      {
        "state": "ACT",
        "price": "520",
        "price_per_unit": "163",
        "price_unit": "G"
      },
      {
        "state": "NT",
        "price": "520",
        "price_per_unit": "163",
        "price_unit": "G"
      }
    ]
  },
  {
    "source_url": "https://www.woolworths.com.au/shop/productdetails/772585/pandaroo-thai-palm-sugar",
    "name": "Pandaroo Thai Palm Sugar 220g",
    "image_url": "https://cdn1.woolworths.media/content/wowproductimages/large/772585.jpg",
    "source_id": "Woolworths - 772585",
    "barcode": "9319224803986",
    "shop": "Woolworths",
    "weight": "100G",
    "prices": [
      {
        "state": "NSW",
        "price": "275",
        "price_per_unit": "125",
        "price_unit": "G"
      },
      {
        "state": "VIC",
        "price": "275",
        "price_per_unit": "125",
        "price_unit": "G"
      },
      {
        "state": "QLD",
        "price": "275",
        "price_per_unit": "125",
        "price_unit": "G"
      },
      {
        "state": "WA",
        "price": "275",
        "price_per_unit": "125",
        "price_unit": "G"
      },
      {
        "state": "SA",
        "price": "275",
        "price_per_unit": "125",
        "price_unit": "G"
      },
      {
        "state": "TAS",
        "price": "275",
        "price_per_unit": "125",
        "price_unit": "G"
      },
      {
        "state": "ACT",
        "price": "275",
        "price_per_unit": "125",
        "price_unit": "G"
      },
      {
        "state": "NT",
        "price": "290",
        "price_per_unit": "132",
        "price_unit": "G"
      }
    ]
  },
  {
    "source_url": "https://www.woolworths.com.au/shop/productdetails/125623/pandaroo-thai-rice-noodles",
    "name": "Pandaroo Thai Rice Noodles 200g",
    "image_url": "https://cdn1.woolworths.media/content/wowproductimages/large/125623.jpg",
    "source_id": "Woolworths - 125623",
    "barcode": "9319224990334",
    "shop": "Woolworths",
    "weight": "100G",
    "prices": [
      {
        "state": "NSW",
        "price": "210",
        "price_per_unit": "105",
        "price_unit": "G"
      },
      {
        "state": "VIC",
        "price": "210",
        "price_per_unit": "105",
        "price_unit": "G"
      },
      {
        "state": "QLD",
        "price": "210",
        "price_per_unit": "105",
        "price_unit": "G"
      },
      {
        "state": "WA",
        "price": "210",
        "price_per_unit": "105",
        "price_unit": "G"
      },
      {
        "state": "SA",
        "price": "210",
        "price_per_unit": "105",
        "price_unit": "G"
      },
      {
        "state": "TAS",
        "price": "210",
        "price_per_unit": "105",
        "price_unit": "G"
      },
      {
        "state": "ACT",
        "price": "210",
        "price_per_unit": "105",
        "price_unit": "G"
      },
      {
        "state": "NT",
        "price": "210",
        "price_per_unit": "105",
        "price_unit": "G"
      }
    ]
  },
  {
    "source_url": "https://www.woolworths.com.au/shop/productdetails/121530/pandaroo-vermicelli-bean-thread",
    "name": "Pandaroo Vermicelli Bean Thread 250g",
    "image_url": "https://cdn1.woolworths.media/content/wowproductimages/large/121530.jpg",
    "source_id": "Woolworths - 121530",
    "barcode": "9319224990457",
    "shop": "Woolworths",
    "weight": "100G",
    "prices": [
      {
        "state": "NSW",
        "price": "220",
        "price_per_unit": "88",
        "price_unit": "G"
      },
      {
        "state": "VIC",
        "price": "220",
        "price_per_unit": "88",
        "price_unit": "G"
      },
      {
        "state": "QLD",
        "price": "220",
        "price_per_unit": "88",
        "price_unit": "G"
      },
      {
        "state": "WA",
        "price": "220",
        "price_per_unit": "88",
        "price_unit": "G"
      },
      {
        "state": "SA",
        "price": "220",
        "price_per_unit": "88",
        "price_unit": "G"
      },
      {
        "state": "TAS",
        "price": "220",
        "price_per_unit": "88",
        "price_unit": "G"
      },
      {
        "state": "ACT",
        "price": "220",
        "price_per_unit": "88",
        "price_unit": "G"
      },
      {
        "state": "NT",
        "price": "220",
        "price_per_unit": "88",
        "price_unit": "G"
      }
    ]
  },
  {
    "source_url": "https://www.woolworths.com.au/shop/productdetails/789413/pandaroo-vermicelli-brown-rice",
    "name": "Pandaroo Vermicelli Brown Rice 200g",
    "image_url": "https://cdn1.woolworths.media/content/wowproductimages/large/789413.jpg",
    "source_id": "Woolworths - 789413",
    "barcode": "9319224803191",
    "shop": "Woolworths",
    "weight": "100G",
    "prices": [
      {
        "state": "NSW",
        "price": "275",
        "price_per_unit": "138",
        "price_unit": "G"
      },
      {
        "state": "VIC",
        "price": "275",
        "price_per_unit": "138",
        "price_unit": "G"
      },
      {
        "state": "QLD",
        "price": "275",
        "price_per_unit": "138",
        "price_unit": "G"
      },
      {
        "state": "WA",
        "price": "275",
        "price_per_unit": "138",
        "price_unit": "G"
      },
      {
        "state": "SA",
        "price": "275",
        "price_per_unit": "138",
        "price_unit": "G"
      },
      {
        "state": "TAS",
        "price": "275",
        "price_per_unit": "138",
        "price_unit": "G"
      },
      {
        "state": "ACT",
        "price": "275",
        "price_per_unit": "138",
        "price_unit": "G"
      },
      {
        "state": "NT",
        "price": "275",
        "price_per_unit": "138",
        "price_unit": "G"
      }
    ]
  },
  {
    "source_url": "https://www.woolworths.com.au/shop/productdetails/489739/passage-to-asia-cantonese-beef-stir-fry-sauce",
    "name": "Passage To Asia Cantonese Beef Stir-Fry Sauce 200mL",
    "image_url": "https://cdn1.woolworths.media/content/wowproductimages/large/489739.jpg",
    "source_id": "Woolworths - 489739",
    "barcode": "9334279007059",
    "shop": "Woolworths",
    "weight": "100G",
    "prices": [
      {
        "state": "NSW",
        "price": "380",
        "price_per_unit": "190",
        "price_unit": "G"
      },
      {
        "state": "VIC",
        "price": "380",
        "price_per_unit": "190",
        "price_unit": "G"
      },
      {
        "state": "QLD",
        "price": "380",
        "price_per_unit": "190",
        "price_unit": "G"
      },
      {
        "state": "WA",
        "price": "380",
        "price_per_unit": "190",
        "price_unit": "G"
      },
      {
        "state": "SA",
        "price": "380",
        "price_per_unit": "190",
        "price_unit": "G"
      },
      {
        "state": "TAS",
        "price": "380",
        "price_per_unit": "190",
        "price_unit": "G"
      },
      {
        "state": "ACT",
        "price": "300",
        "price_per_unit": "150",
        "price_unit": "G"
      },
      {
        "state": "NT",
        "price": "300",
        "price_per_unit": "150",
        "price_unit": "G"
      }
    ]
  },
  {
    "source_url": "https://www.woolworths.com.au/shop/productdetails/63925/passage-to-asia-chinese-hoisin-stir-fry-sauce",
    "name": "Passage To Asia Chinese Hoisin Stir Fry Sauce 200G",
    "image_url": "https://cdn1.woolworths.media/content/wowproductimages/large/063925.jpg",
    "source_id": "Woolworths - 63925",
    "barcode": "9334279006182",
    "shop": "Woolworths",
    "weight": "100G",
    "prices": [
      {
        "state": "NSW",
        "price": "380",
        "price_per_unit": "190",
        "price_unit": "G"
      },
      {
        "state": "VIC",
        "price": "380",
        "price_per_unit": "190",
        "price_unit": "G"
      },
      {
        "state": "QLD",
        "price": "380",
        "price_per_unit": "190",
        "price_unit": "G"
      },
      {
        "state": "WA",
        "price": "380",
        "price_per_unit": "190",
        "price_unit": "G"
      },
      {
        "state": "SA",
        "price": "380",
        "price_per_unit": "190",
        "price_unit": "G"
      },
      {
        "state": "TAS",
        "price": "380",
        "price_per_unit": "190",
        "price_unit": "G"
      },
      {
        "state": "ACT",
        "price": "300",
        "price_per_unit": "150",
        "price_unit": "G"
      },
      {
        "state": "NT",
        "price": "300",
        "price_per_unit": "150",
        "price_unit": "G"
      }
    ]
  },
  {
    "source_url": "https://www.woolworths.com.au/shop/productdetails/488754/passage-to-asia-filipino-adobo-simmer-sauce",
    "name": "Passage To Asia Filipino Adobo Simmer Sauce 200g",
    "image_url": "https://cdn1.woolworths.media/content/wowproductimages/large/488754.jpg",
    "source_id": "Woolworths - 488754",
    "barcode": "9334279008650",
    "shop": "Woolworths",
    "weight": "100G",
    "prices": [
      {
        "state": "NSW",
        "price": "380",
        "price_per_unit": "190",
        "price_unit": "G"
      },
      {
        "state": "VIC",
        "price": "380",
        "price_per_unit": "190",
        "price_unit": "G"
      },
      {
        "state": "QLD",
        "price": "380",
        "price_per_unit": "190",
        "price_unit": "G"
      },
      {
        "state": "WA",
        "price": "380",
        "price_per_unit": "190",
        "price_unit": "G"
      },
      {
        "state": "SA",
        "price": "380",
        "price_per_unit": "190",
        "price_unit": "G"
      },
      {
        "state": "TAS",
        "price": "380",
        "price_per_unit": "190",
        "price_unit": "G"
      },
      {
        "state": "ACT",
        "price": "300",
        "price_per_unit": "150",
        "price_unit": "G"
      },
      {
        "state": "NT",
        "price": "300",
        "price_per_unit": "150",
        "price_unit": "G"
      }
    ]
  },
  {
    "source_url": "https://www.woolworths.com.au/shop/productdetails/64673/passage-to-asia-green-thai-sauce",
    "name": "Passage To Asia Green Thai Sauce 200G",
    "image_url": "https://cdn1.woolworths.media/content/wowproductimages/large/064673.jpg",
    "source_id": "Woolworths - 64673",
    "barcode": "9334279006175",
    "shop": "Woolworths",
    "weight": "100G",
    "prices": [
      {
        "state": "NSW",
        "price": "380",
        "price_per_unit": "190",
        "price_unit": "G"
      },
      {
        "state": "VIC",
        "price": "380",
        "price_per_unit": "190",
        "price_unit": "G"
      },
      {
        "state": "QLD",
        "price": "380",
        "price_per_unit": "190",
        "price_unit": "G"
      },
      {
        "state": "WA",
        "price": "380",
        "price_per_unit": "190",
        "price_unit": "G"
      },
      {
        "state": "SA",
        "price": "380",
        "price_per_unit": "190",
        "price_unit": "G"
      },
      {
        "state": "TAS",
        "price": "380",
        "price_per_unit": "190",
        "price_unit": "G"
      },
      {
        "state": "ACT",
        "price": "300",
        "price_per_unit": "150",
        "price_unit": "G"
      },
      {
        "state": "NT",
        "price": "300",
        "price_per_unit": "150",
        "price_unit": "G"
      }
    ]
  },
  {
    "source_url": "https://www.woolworths.com.au/shop/productdetails/703584/passage-to-asia-honey-soy-chicken-stir-fry-sauce",
    "name": "Passage To Asia Honey & Soy Chicken Stir Fry Sauce 200G",
    "image_url": "https://cdn1.woolworths.media/content/wowproductimages/large/703584.jpg",
    "source_id": "Woolworths - 703584",
    "barcode": "9334279001699",
    "shop": "Woolworths",
    "weight": "100G",
    "prices": [
      {
        "state": "NSW",
        "price": "380",
        "price_per_unit": "190",
        "price_unit": "G"
      },
      {
        "state": "VIC",
        "price": "380",
        "price_per_unit": "190",
        "price_unit": "G"
      },
      {
        "state": "QLD",
        "price": "380",
        "price_per_unit": "190",
        "price_unit": "G"
      },
      {
        "state": "WA",
        "price": "380",
        "price_per_unit": "190",
        "price_unit": "G"
      },
      {
        "state": "SA",
        "price": "380",
        "price_per_unit": "190",
        "price_unit": "G"
      },
      {
        "state": "TAS",
        "price": "380",
        "price_per_unit": "190",
        "price_unit": "G"
      },
      {
        "state": "ACT",
        "price": "300",
        "price_per_unit": "150",
        "price_unit": "G"
      },
      {
        "state": "NT",
        "price": "300",
        "price_per_unit": "150",
        "price_unit": "G"
      }
    ]
  },
  {
    "source_url": "https://www.woolworths.com.au/shop/productdetails/307476/passage-to-asia-pad-thai",
    "name": "Passage To Asia Pad Thai 200G",
    "image_url": "https://cdn1.woolworths.media/content/wowproductimages/large/307476.jpg",
    "source_id": "Woolworths - 307476",
    "barcode": "9334279000258",
    "shop": "Woolworths",
    "weight": "100G",
    "prices": [
      {
        "state": "NSW",
        "price": "380",
        "price_per_unit": "190",
        "price_unit": "G"
      },
      {
        "state": "VIC",
        "price": "380",
        "price_per_unit": "190",
        "price_unit": "G"
      },
      {
        "state": "QLD",
        "price": "380",
        "price_per_unit": "190",
        "price_unit": "G"
      },
      {
        "state": "WA",
        "price": "380",
        "price_per_unit": "190",
        "price_unit": "G"
      },
      {
        "state": "SA",
        "price": "380",
        "price_per_unit": "190",
        "price_unit": "G"
      },
      {
        "state": "TAS",
        "price": "380",
        "price_per_unit": "190",
        "price_unit": "G"
      },
      {
        "state": "ACT",
        "price": "300",
        "price_per_unit": "150",
        "price_unit": "G"
      },
      {
        "state": "NT",
        "price": "300",
        "price_per_unit": "150",
        "price_unit": "G"
      }
    ]
  },
  {
    "source_url": "https://www.woolworths.com.au/shop/productdetails/703559/passage-to-asia-satay-chicken",
    "name": "Passage To Asia Satay Chicken 200G",
    "image_url": "https://cdn1.woolworths.media/content/wowproductimages/large/703559.jpg",
    "source_id": "Woolworths - 703559",
    "barcode": "9334279001668",
    "shop": "Woolworths",
    "weight": "100G",
    "prices": [
      {
        "state": "NSW",
        "price": "380",
        "price_per_unit": "190",
        "price_unit": "G"
      },
      {
        "state": "VIC",
        "price": "380",
        "price_per_unit": "190",
        "price_unit": "G"
      },
      {
        "state": "QLD",
        "price": "380",
        "price_per_unit": "190",
        "price_unit": "G"
      },
      {
        "state": "WA",
        "price": "380",
        "price_per_unit": "190",
        "price_unit": "G"
      },
      {
        "state": "SA",
        "price": "380",
        "price_per_unit": "190",
        "price_unit": "G"
      },
      {
        "state": "TAS",
        "price": "380",
        "price_per_unit": "190",
        "price_unit": "G"
      },
      {
        "state": "ACT",
        "price": "300",
        "price_per_unit": "150",
        "price_unit": "G"
      },
      {
        "state": "NT",
        "price": "300",
        "price_per_unit": "150",
        "price_unit": "G"
      }
    ]
  },
  {
    "source_url": "https://www.woolworths.com.au/shop/productdetails/743586/passage-to-asia-singapore-noodles",
    "name": "Passage To Asia Singapore Noodles 200G",
    "image_url": "https://cdn1.woolworths.media/content/wowproductimages/large/743586.jpg",
    "source_id": "Woolworths - 743586",
    "barcode": "9334279002122",
    "shop": "Woolworths",
    "weight": "100G",
    "prices": [
      {
        "state": "NSW",
        "price": "380",
        "price_per_unit": "190",
        "price_unit": "G"
      },
      {
        "state": "VIC",
        "price": "380",
        "price_per_unit": "190",
        "price_unit": "G"
      },
      {
        "state": "QLD",
        "price": "380",
        "price_per_unit": "190",
        "price_unit": "G"
      },
      {
        "state": "WA",
        "price": "380",
        "price_per_unit": "190",
        "price_unit": "G"
      },
      {
        "state": "SA",
        "price": "380",
        "price_per_unit": "190",
        "price_unit": "G"
      },
      {
        "state": "TAS",
        "price": "380",
        "price_per_unit": "190",
        "price_unit": "G"
      },
      {
        "state": "ACT",
        "price": "300",
        "price_per_unit": "150",
        "price_unit": "G"
      },
      {
        "state": "NT",
        "price": "300",
        "price_per_unit": "150",
        "price_unit": "G"
      }
    ]
  },
  {
    "source_url": "https://www.woolworths.com.au/shop/productdetails/703375/passage-to-asia-teriyaki-chicken",
    "name": "Passage To Asia Teriyaki Chicken 200G",
    "image_url": "https://cdn1.woolworths.media/content/wowproductimages/large/703375.jpg",
    "source_id": "Woolworths - 703375",
    "barcode": "9334279001675",
    "shop": "Woolworths",
    "weight": "100G",
    "prices": [
      {
        "state": "NSW",
        "price": "380",
        "price_per_unit": "190",
        "price_unit": "G"
      },
      {
        "state": "VIC",
        "price": "380",
        "price_per_unit": "190",
        "price_unit": "G"
      },
      {
        "state": "QLD",
        "price": "380",
        "price_per_unit": "190",
        "price_unit": "G"
      },
      {
        "state": "WA",
        "price": "380",
        "price_per_unit": "190",
        "price_unit": "G"
      },
      {
        "state": "SA",
        "price": "380",
        "price_per_unit": "190",
        "price_unit": "G"
      },
      {
        "state": "TAS",
        "price": "380",
        "price_per_unit": "190",
        "price_unit": "G"
      },
      {
        "state": "ACT",
        "price": "300",
        "price_per_unit": "150",
        "price_unit": "G"
      },
      {
        "state": "NT",
        "price": "300",
        "price_per_unit": "150",
        "price_unit": "G"
      }
    ]
  },
  {
    "source_url": "https://www.woolworths.com.au/shop/productdetails/307473/passage-to-asia-thai-basil-sweet-chilli",
    "name": "Passage To Asia Thai Basil & Sweet Chilli 200g",
    "image_url": "https://cdn1.woolworths.media/content/wowproductimages/large/307473.jpg",
    "source_id": "Woolworths - 307473",
    "barcode": "9334279000241",
    "shop": "Woolworths",
    "weight": "100G",
    "prices": [
      {
        "state": "NSW",
        "price": "380",
        "price_per_unit": "190",
        "price_unit": "G"
      },
      {
        "state": "VIC",
        "price": "380",
        "price_per_unit": "190",
        "price_unit": "G"
      },
      {
        "state": "QLD",
        "price": "380",
        "price_per_unit": "190",
        "price_unit": "G"
      },
      {
        "state": "WA",
        "price": "380",
        "price_per_unit": "190",
        "price_unit": "G"
      },
      {
        "state": "SA",
        "price": "380",
        "price_per_unit": "190",
        "price_unit": "G"
      },
      {
        "state": "TAS",
        "price": "380",
        "price_per_unit": "190",
        "price_unit": "G"
      },
      {
        "state": "ACT",
        "price": "300",
        "price_per_unit": "150",
        "price_unit": "G"
      },
      {
        "state": "NT",
        "price": "300",
        "price_per_unit": "150",
        "price_unit": "G"
      }
    ]
  },
  {
    "source_url": "https://www.woolworths.com.au/shop/productdetails/310223/pearl-river-bridge-dark-soy-sauce",
    "name": "Pearl River Bridge Dark Soy Sauce 500mL",
    "image_url": "https://cdn1.woolworths.media/content/wowproductimages/large/310223.jpg",
    "source_id": "Woolworths - 310223",
    "barcode": "6921180820087",
    "shop": "Woolworths",
    "weight": "100ML",
    "prices": [
      {
        "state": "NSW",
        "price": "420",
        "price_per_unit": "84",
        "price_unit": "ML"
      },
      {
        "state": "VIC",
        "price": "420",
        "price_per_unit": "84",
        "price_unit": "ML"
      },
      {
        "state": "QLD",
        "price": "420",
        "price_per_unit": "84",
        "price_unit": "ML"
      },
      {
        "state": "WA",
        "price": "420",
        "price_per_unit": "84",
        "price_unit": "ML"
      },
      {
        "state": "SA",
        "price": "420",
        "price_per_unit": "84",
        "price_unit": "ML"
      },
      {
        "state": "TAS",
        "price": "420",
        "price_per_unit": "84",
        "price_unit": "ML"
      },
      {
        "state": "ACT",
        "price": "420",
        "price_per_unit": "84",
        "price_unit": "ML"
      },
      {
        "state": "NT",
        "price": "440",
        "price_per_unit": "88",
        "price_unit": "ML"
      }
    ]
  },
  {
    "source_url": "https://www.woolworths.com.au/shop/productdetails/98446/pearl-river-bridge-soy-sauce-mushroom",
    "name": "Pearl River Bridge Soy Sauce Mushroom 500ml",
    "image_url": "https://cdn1.woolworths.media/content/wowproductimages/large/098446.jpg",
    "source_id": "Woolworths - 98446",
    "barcode": "9310432160328",
    "shop": "Woolworths",
    "weight": "100ML",
    "prices": [
      {
        "state": "NSW",
        "price": "280",
        "price_per_unit": "56",
        "price_unit": "ML"
      },
      {
        "state": "VIC",
        "price": "280",
        "price_per_unit": "56",
        "price_unit": "ML"
      },
      {
        "state": "QLD",
        "price": "280",
        "price_per_unit": "56",
        "price_unit": "ML"
      },
      {
        "state": "WA",
        "price": "280",
        "price_per_unit": "56",
        "price_unit": "ML"
      },
      {
        "state": "SA",
        "price": "280",
        "price_per_unit": "56",
        "price_unit": "ML"
      },
      {
        "state": "TAS",
        "price": "280",
        "price_per_unit": "56",
        "price_unit": "ML"
      },
      {
        "state": "ACT",
        "price": "280",
        "price_per_unit": "56",
        "price_unit": "ML"
      },
      {
        "state": "NT",
        "price": "280",
        "price_per_unit": "56",
        "price_unit": "ML"
      }
    ]
  },
  {
    "source_url": "https://www.woolworths.com.au/shop/productdetails/86/pearl-river-bridge-soy-sauce-superior-light",
    "name": "Pearl River Bridge Soy Sauce Superior Light 500ml",
    "image_url": "https://cdn1.woolworths.media/content/wowproductimages/large/000086.jpg",
    "source_id": "Woolworths - 86",
    "barcode": "9310432160212",
    "shop": "Woolworths",
    "weight": "100ML",
    "prices": [
      {
        "state": "NSW",
        "price": "280",
        "price_per_unit": "56",
        "price_unit": "ML"
      },
      {
        "state": "VIC",
        "price": "280",
        "price_per_unit": "56",
        "price_unit": "ML"
      },
      {
        "state": "QLD",
        "price": "280",
        "price_per_unit": "56",
        "price_unit": "ML"
      },
      {
        "state": "WA",
        "price": "280",
        "price_per_unit": "56",
        "price_unit": "ML"
      },
      {
        "state": "SA",
        "price": "280",
        "price_per_unit": "56",
        "price_unit": "ML"
      },
      {
        "state": "TAS",
        "price": "330",
        "price_per_unit": "66",
        "price_unit": "ML"
      },
      {
        "state": "ACT",
        "price": "330",
        "price_per_unit": "66",
        "price_unit": "ML"
      },
      {
        "state": "NT",
        "price": "330",
        "price_per_unit": "66",
        "price_unit": "ML"
      }
    ]
  },
  {
    "source_url": "https://www.woolworths.com.au/shop/productdetails/186810/pigeon-baby-corn-in-brine",
    "name": "Pigeon Baby Corn In Brine 425g",
    "image_url": "https://cdn1.woolworths.media/content/wowproductimages/large/186810.jpg",
    "source_id": "Woolworths - 186810",
    "barcode": "8850035103083",
    "shop": "Woolworths",
    "weight": "100G",
    "prices": [
      {
        "state": "NSW",
        "price": "200",
        "price_per_unit": "47",
        "price_unit": "G"
      },
      {
        "state": "VIC",
        "price": "200",
        "price_per_unit": "47",
        "price_unit": "G"
      },
      {
        "state": "QLD",
        "price": "200",
        "price_per_unit": "47",
        "price_unit": "G"
      },
      {
        "state": "WA",
        "price": "200",
        "price_per_unit": "47",
        "price_unit": "G"
      },
      {
        "state": "SA",
        "price": "200",
        "price_per_unit": "47",
        "price_unit": "G"
      },
      {
        "state": "TAS",
        "price": "200",
        "price_per_unit": "47",
        "price_unit": "G"
      },
      {
        "state": "ACT",
        "price": "200",
        "price_per_unit": "47",
        "price_unit": "G"
      },
      {
        "state": "NT",
        "price": "210",
        "price_per_unit": "49",
        "price_unit": "G"
      }
    ]
  },
  {
    "source_url": "https://www.woolworths.com.au/shop/productdetails/67916/pocky-chocolate-value-pack",
    "name": "Pocky Chocolate Value Pack 8 Pack",
    "image_url": "https://cdn1.woolworths.media/content/wowproductimages/large/067916.jpg",
    "source_id": "Woolworths - 67916",
    "barcode": "8851019310251",
    "shop": "Woolworths",
    "weight": "100G",
    "prices": [
      {
        "state": "NSW",
        "price": "750",
        "price_per_unit": "426",
        "price_unit": "G"
      },
      {
        "state": "VIC",
        "price": "750",
        "price_per_unit": "426",
        "price_unit": "G"
      },
      {
        "state": "QLD",
        "price": "750",
        "price_per_unit": "426",
        "price_unit": "G"
      },
      {
        "state": "WA",
        "price": "750",
        "price_per_unit": "426",
        "price_unit": "G"
      },
      {
        "state": "SA",
        "price": "750",
        "price_per_unit": "426",
        "price_unit": "G"
      },
      {
        "state": "TAS",
        "price": "650",
        "price_per_unit": "369",
        "price_unit": "G"
      },
      {
        "state": "ACT",
        "price": "650",
        "price_per_unit": "369",
        "price_unit": "G"
      },
      {
        "state": "NT",
        "price": "685",
        "price_per_unit": "389",
        "price_unit": "G"
      }
    ]
  },
  {
    "source_url": "https://www.woolworths.com.au/shop/productdetails/65696/pocky-strawberry-value-pack",
    "name": "Pocky Strawberry Value Pack 8 Pack",
    "image_url": "https://cdn1.woolworths.media/content/wowproductimages/large/065696.jpg",
    "source_id": "Woolworths - 65696",
    "barcode": "8851019310268",
    "shop": "Woolworths",
    "weight": "100G",
    "prices": [
      {
        "state": "NSW",
        "price": "750",
        "price_per_unit": "446",
        "price_unit": "G"
      },
      {
        "state": "VIC",
        "price": "750",
        "price_per_unit": "446",
        "price_unit": "G"
      },
      {
        "state": "QLD",
        "price": "750",
        "price_per_unit": "446",
        "price_unit": "G"
      },
      {
        "state": "WA",
        "price": "750",
        "price_per_unit": "446",
        "price_unit": "G"
      },
      {
        "state": "SA",
        "price": "750",
        "price_per_unit": "446",
        "price_unit": "G"
      },
      {
        "state": "TAS",
        "price": "650",
        "price_per_unit": "387",
        "price_unit": "G"
      },
      {
        "state": "ACT",
        "price": "650",
        "price_per_unit": "387",
        "price_unit": "G"
      },
      {
        "state": "NT",
        "price": "685",
        "price_per_unit": "408",
        "price_unit": "G"
      }
    ]
  },
  {
    "source_url": "https://www.woolworths.com.au/shop/productdetails/52427/poonsin-canned-stir-fry-vegetables-mixed",
    "name": "Poonsin Canned Stir Fry Vegetables Mixed 425g",
    "image_url": "https://cdn1.woolworths.media/content/wowproductimages/large/052427.jpg",
    "source_id": "Woolworths - 52427",
    "barcode": "78578994762",
    "shop": "Woolworths",
    "weight": "1KG",
    "prices": [
      {
        "state": "NSW",
        "price": "330",
        "price_per_unit": "776",
        "price_unit": "KG"
      },
      {
        "state": "VIC",
        "price": "330",
        "price_per_unit": "776",
        "price_unit": "KG"
      },
      {
        "state": "QLD",
        "price": "330",
        "price_per_unit": "776",
        "price_unit": "KG"
      },
      {
        "state": "WA",
        "price": "330",
        "price_per_unit": "776",
        "price_unit": "KG"
      },
      {
        "state": "SA",
        "price": "330",
        "price_per_unit": "776",
        "price_unit": "KG"
      },
      {
        "state": "TAS",
        "price": "330",
        "price_per_unit": "776",
        "price_unit": "KG"
      },
      {
        "state": "ACT",
        "price": "330",
        "price_per_unit": "776",
        "price_unit": "KG"
      },
      {
        "state": "NT",
        "price": "330",
        "price_per_unit": "776",
        "price_unit": "KG"
      }
    ]
  },
  {
    "source_url": "https://www.woolworths.com.au/shop/productdetails/228978/poonsin-vietnamese-dipping-sauce-for-spring-roll",
    "name": "Poonsin Vietnamese Dipping Sauce For Spring Roll 300ml",
    "image_url": "https://cdn1.woolworths.media/content/wowproductimages/large/228978.jpg",
    "source_id": "Woolworths - 228978",
    "barcode": "78578996667",
    "shop": "Woolworths",
    "weight": "100ML",
    "prices": [
      {
        "state": "NSW",
        "price": "350",
        "price_per_unit": "117",
        "price_unit": "ML"
      },
      {
        "state": "VIC",
        "price": "350",
        "price_per_unit": "117",
        "price_unit": "ML"
      },
      {
        "state": "QLD",
        "price": "350",
        "price_per_unit": "117",
        "price_unit": "ML"
      },
      {
        "state": "WA",
        "price": "350",
        "price_per_unit": "117",
        "price_unit": "ML"
      },
      {
        "state": "SA",
        "price": "350",
        "price_per_unit": "117",
        "price_unit": "ML"
      },
      {
        "state": "TAS",
        "price": "350",
        "price_per_unit": "117",
        "price_unit": "ML"
      },
      {
        "state": "ACT",
        "price": "350",
        "price_per_unit": "117",
        "price_unit": "ML"
      },
      {
        "state": "NT",
        "price": "350",
        "price_per_unit": "117",
        "price_unit": "ML"
      }
    ]
  },
  {
    "source_url": "https://www.woolworths.com.au/shop/productdetails/1075347118/power-super-foods-certified-organic-natural-nori-flakes-40g",
    "name": "Power Super Foods Certified Organic Natural Nori Flakes 40g",
    "image_url": "https://cdn1.woolworths.media/content/wowproductimages/large/1075347118.jpg",
    "source_id": "Woolworths - 1075347118",
    "barcode": null,
    "shop": "Woolworths",
    "weight": "100G",
    "prices": [
      {
        "state": "NSW",
        "price": "1895",
        "price_per_unit": "4738",
        "price_unit": "G"
      },
      {
        "state": "VIC",
        "price": "1895",
        "price_per_unit": "4738",
        "price_unit": "G"
      },
      {
        "state": "QLD",
        "price": "1895",
        "price_per_unit": "4738",
        "price_unit": "G"
      },
      {
        "state": "WA",
        "price": "1895",
        "price_per_unit": "4738",
        "price_unit": "G"
      },
      {
        "state": "SA",
        "price": "1895",
        "price_per_unit": "4738",
        "price_unit": "G"
      },
      {
        "state": "TAS",
        "price": "1895",
        "price_per_unit": "4738",
        "price_unit": "G"
      },
      {
        "state": "ACT",
        "price": "1895",
        "price_per_unit": "4738",
        "price_unit": "G"
      },
      {
        "state": "NT",
        "price": "1895",
        "price_per_unit": "4738",
        "price_unit": "G"
      }
    ]
  },
  {
    "source_url": "https://www.woolworths.com.au/shop/productdetails/1075346496/power-super-foods-dulse-leaf-50g",
    "name": "Power Super Foods Dulse Leaf 50g",
    "image_url": "https://cdn1.woolworths.media/content/wowproductimages/large/1075346496.jpg",
    "source_id": "Woolworths - 1075346496",
    "barcode": null,
    "shop": "Woolworths",
    "weight": "1KG",
    "prices": [
      {
        "state": "NSW",
        "price": "2295",
        "price_per_unit": "45900",
        "price_unit": "KG"
      },
      {
        "state": "VIC",
        "price": "2295",
        "price_per_unit": "45900",
        "price_unit": "KG"
      },
      {
        "state": "QLD",
        "price": "2295",
        "price_per_unit": "45900",
        "price_unit": "KG"
      },
      {
        "state": "WA",
        "price": "2295",
        "price_per_unit": "45900",
        "price_unit": "KG"
      },
      {
        "state": "SA",
        "price": "2295",
        "price_per_unit": "45900",
        "price_unit": "KG"
      },
      {
        "state": "TAS",
        "price": "2295",
        "price_per_unit": "45900",
        "price_unit": "KG"
      },
      {
        "state": "ACT",
        "price": "2295",
        "price_per_unit": "45900",
        "price_unit": "KG"
      },
      {
        "state": "NT",
        "price": "2295",
        "price_per_unit": "45900",
        "price_unit": "KG"
      }
    ]
  },
  {
    "source_url": "https://www.woolworths.com.au/shop/productdetails/1075345436/power-super-foods-wakame-flake-50g",
    "name": "Power Super Foods Wakame Flake 50g",
    "image_url": "https://cdn1.woolworths.media/content/wowproductimages/large/1075345436.jpg",
    "source_id": "Woolworths - 1075345436",
    "barcode": null,
    "shop": "Woolworths",
    "weight": "100G",
    "prices": [
      {
        "state": "NSW",
        "price": "1395",
        "price_per_unit": "2790",
        "price_unit": "G"
      },
      {
        "state": "VIC",
        "price": "1395",
        "price_per_unit": "2790",
        "price_unit": "G"
      },
      {
        "state": "QLD",
        "price": "1395",
        "price_per_unit": "2790",
        "price_unit": "G"
      },
      {
        "state": "WA",
        "price": "1395",
        "price_per_unit": "2790",
        "price_unit": "G"
      },
      {
        "state": "SA",
        "price": "1395",
        "price_per_unit": "2790",
        "price_unit": "G"
      },
      {
        "state": "TAS",
        "price": "1395",
        "price_per_unit": "2790",
        "price_unit": "G"
      },
      {
        "state": "ACT",
        "price": "1395",
        "price_per_unit": "2790",
        "price_unit": "G"
      },
      {
        "state": "NT",
        "price": "1395",
        "price_per_unit": "2790",
        "price_unit": "G"
      }
    ]
  },
  {
    "source_url": "https://www.woolworths.com.au/shop/productdetails/1075565151/quest-tortilla-style-protein-chips-ranch-8pc-32g",
    "name": "Quest Tortilla Style Protein Chips Ranch 8pc 32g",
    "image_url": "https://cdn1.woolworths.media/content/wowproductimages/large/default.png",
    "source_id": "Woolworths - 1075565151",
    "barcode": null,
    "shop": "Woolworths",
    "weight": "1EA",
    "prices": [
      {
        "state": "NSW",
        "price": "6480",
        "price_per_unit": "6480",
        "price_unit": "EA"
      },
      {
        "state": "VIC",
        "price": "6480",
        "price_per_unit": "6480",
        "price_unit": "EA"
      },
      {
        "state": "QLD",
        "price": "6480",
        "price_per_unit": "6480",
        "price_unit": "EA"
      },
      {
        "state": "WA",
        "price": "6480",
        "price_per_unit": "6480",
        "price_unit": "EA"
      },
      {
        "state": "SA",
        "price": "6480",
        "price_per_unit": "6480",
        "price_unit": "EA"
      },
      {
        "state": "TAS",
        "price": "6480",
        "price_per_unit": "6480",
        "price_unit": "EA"
      },
      {
        "state": "ACT",
        "price": "6480",
        "price_per_unit": "6480",
        "price_unit": "EA"
      },
      {
        "state": "NT",
        "price": "6480",
        "price_per_unit": "6480",
        "price_unit": "EA"
      }
    ]
  },
  {
    "source_url": "https://www.woolworths.com.au/shop/productdetails/70270/regent-cheese-ring",
    "name": "Regent Cheese Ring 60g",
    "image_url": "https://cdn1.woolworths.media/content/wowproductimages/large/070270.jpg",
    "source_id": "Woolworths - 70270",
    "barcode": "4801688103511",
    "shop": "Woolworths",
    "weight": "100G",
    "prices": [
      {
        "state": "NSW",
        "price": "150",
        "price_per_unit": "250",
        "price_unit": "G"
      },
      {
        "state": "ACT",
        "price": "150",
        "price_per_unit": "250",
        "price_unit": "G"
      },
      {
        "state": "NT",
        "price": "150",
        "price_per_unit": "250",
        "price_unit": "G"
      }
    ]
  },
  {
    "source_url": "https://www.woolworths.com.au/shop/productdetails/513463/roll-d-chilli-mayo-sauce",
    "name": "Roll'd Chilli Mayo Sauce 375mL",
    "image_url": "https://cdn1.woolworths.media/content/wowproductimages/large/513463.jpg",
    "source_id": "Woolworths - 513463",
    "barcode": "9322335003558",
    "shop": "Woolworths",
    "weight": "100ML",
    "prices": [
      {
        "state": "NSW",
        "price": "600",
        "price_per_unit": "160",
        "price_unit": "ML"
      },
      {
        "state": "VIC",
        "price": "600",
        "price_per_unit": "160",
        "price_unit": "ML"
      },
      {
        "state": "QLD",
        "price": "600",
        "price_per_unit": "160",
        "price_unit": "ML"
      },
      {
        "state": "WA",
        "price": "600",
        "price_per_unit": "160",
        "price_unit": "ML"
      },
      {
        "state": "SA",
        "price": "600",
        "price_per_unit": "160",
        "price_unit": "ML"
      },
      {
        "state": "TAS",
        "price": "500",
        "price_per_unit": "133",
        "price_unit": "ML"
      },
      {
        "state": "ACT",
        "price": "500",
        "price_per_unit": "133",
        "price_unit": "ML"
      },
      {
        "state": "NT",
        "price": "500",
        "price_per_unit": "133",
        "price_unit": "ML"
      }
    ]
  },
  {
    "source_url": "https://www.woolworths.com.au/shop/productdetails/523894/roll-d-hoisin-sauce",
    "name": "Roll'd Hoisin Sauce 375mL",
    "image_url": "https://cdn1.woolworths.media/content/wowproductimages/large/523894.jpg",
    "source_id": "Woolworths - 523894",
    "barcode": "9322335003503",
    "shop": "Woolworths",
    "weight": "100ML",
    "prices": [
      {
        "state": "NSW",
        "price": "600",
        "price_per_unit": "160",
        "price_unit": "ML"
      },
      {
        "state": "VIC",
        "price": "600",
        "price_per_unit": "160",
        "price_unit": "ML"
      },
      {
        "state": "QLD",
        "price": "600",
        "price_per_unit": "160",
        "price_unit": "ML"
      },
      {
        "state": "WA",
        "price": "600",
        "price_per_unit": "160",
        "price_unit": "ML"
      },
      {
        "state": "SA",
        "price": "600",
        "price_per_unit": "160",
        "price_unit": "ML"
      },
      {
        "state": "TAS",
        "price": "500",
        "price_per_unit": "133",
        "price_unit": "ML"
      },
      {
        "state": "ACT",
        "price": "500",
        "price_per_unit": "133",
        "price_unit": "ML"
      },
      {
        "state": "NT",
        "price": "500",
        "price_per_unit": "133",
        "price_unit": "ML"
      }
    ]
  },
  {
    "source_url": "https://www.woolworths.com.au/shop/productdetails/682519/s-b-curry-mix-golden-medium-hot",
    "name": "S&B Curry Mix Golden Medium Hot 92g",
    "image_url": "https://cdn1.woolworths.media/content/wowproductimages/large/682519.jpg",
    "source_id": "Woolworths - 682519",
    "barcode": "4901002156565",
    "shop": "Woolworths",
    "weight": "100G",
    "prices": [
      {
        "state": "NSW",
        "price": "500",
        "price_per_unit": "543",
        "price_unit": "G"
      },
      {
        "state": "VIC",
        "price": "500",
        "price_per_unit": "543",
        "price_unit": "G"
      },
      {
        "state": "QLD",
        "price": "500",
        "price_per_unit": "543",
        "price_unit": "G"
      },
      {
        "state": "WA",
        "price": "500",
        "price_per_unit": "543",
        "price_unit": "G"
      },
      {
        "state": "SA",
        "price": "500",
        "price_per_unit": "543",
        "price_unit": "G"
      },
      {
        "state": "TAS",
        "price": "500",
        "price_per_unit": "543",
        "price_unit": "G"
      },
      {
        "state": "ACT",
        "price": "500",
        "price_per_unit": "543",
        "price_unit": "G"
      },
      {
        "state": "NT",
        "price": "520",
        "price_per_unit": "565",
        "price_unit": "G"
      }
    ]
  },
  {
    "source_url": "https://www.woolworths.com.au/shop/productdetails/682528/s-b-golden-curry-mix-hot",
    "name": "S&B Golden Curry Mix Hot 92g",
    "image_url": "https://cdn1.woolworths.media/content/wowproductimages/large/682528.jpg",
    "source_id": "Woolworths - 682528",
    "barcode": "4901002156572",
    "shop": "Woolworths",
    "weight": "100G",
    "prices": [
      {
        "state": "NSW",
        "price": "500",
        "price_per_unit": "543",
        "price_unit": "G"
      },
      {
        "state": "VIC",
        "price": "500",
        "price_per_unit": "543",
        "price_unit": "G"
      },
      {
        "state": "QLD",
        "price": "500",
        "price_per_unit": "543",
        "price_unit": "G"
      },
      {
        "state": "WA",
        "price": "500",
        "price_per_unit": "543",
        "price_unit": "G"
      },
      {
        "state": "SA",
        "price": "500",
        "price_per_unit": "543",
        "price_unit": "G"
      },
      {
        "state": "TAS",
        "price": "500",
        "price_per_unit": "543",
        "price_unit": "G"
      },
      {
        "state": "ACT",
        "price": "500",
        "price_per_unit": "543",
        "price_unit": "G"
      },
      {
        "state": "NT",
        "price": "520",
        "price_per_unit": "565",
        "price_unit": "G"
      }
    ]
  },
  {
    "source_url": "https://www.woolworths.com.au/shop/productdetails/682526/s-b-golden-curry-mix-mild",
    "name": "S&B Golden Curry Mix Mild 92g",
    "image_url": "https://cdn1.woolworths.media/content/wowproductimages/large/682526.jpg",
    "source_id": "Woolworths - 682526",
    "barcode": "4901002156558",
    "shop": "Woolworths",
    "weight": "100G",
    "prices": [
      {
        "state": "NSW",
        "price": "500",
        "price_per_unit": "543",
        "price_unit": "G"
      },
      {
        "state": "VIC",
        "price": "500",
        "price_per_unit": "543",
        "price_unit": "G"
      },
      {
        "state": "QLD",
        "price": "500",
        "price_per_unit": "543",
        "price_unit": "G"
      },
      {
        "state": "WA",
        "price": "500",
        "price_per_unit": "543",
        "price_unit": "G"
      },
      {
        "state": "SA",
        "price": "500",
        "price_per_unit": "543",
        "price_unit": "G"
      },
      {
        "state": "TAS",
        "price": "500",
        "price_per_unit": "543",
        "price_unit": "G"
      },
      {
        "state": "ACT",
        "price": "500",
        "price_per_unit": "543",
        "price_unit": "G"
      },
      {
        "state": "NT",
        "price": "520",
        "price_per_unit": "565",
        "price_unit": "G"
      }
    ]
  },
  {
    "source_url": "https://www.woolworths.com.au/shop/productdetails/19614/s-b-japanese-hot-curry-sauce-with-vegetables",
    "name": "S&B Japanese Hot Curry Sauce With Vegetables 210g",
    "image_url": "https://cdn1.woolworths.media/content/wowproductimages/large/019614.jpg",
    "source_id": "Woolworths - 19614",
    "barcode": "74880061727",
    "shop": "Woolworths",
    "weight": "100G",
    "prices": [
      {
        "state": "NSW",
        "price": "300",
        "price_per_unit": "143",
        "price_unit": "G"
      },
      {
        "state": "VIC",
        "price": "300",
        "price_per_unit": "143",
        "price_unit": "G"
      },
      {
        "state": "QLD",
        "price": "300",
        "price_per_unit": "143",
        "price_unit": "G"
      },
      {
        "state": "WA",
        "price": "300",
        "price_per_unit": "143",
        "price_unit": "G"
      },
      {
        "state": "SA",
        "price": "300",
        "price_per_unit": "143",
        "price_unit": "G"
      },
      {
        "state": "TAS",
        "price": "300",
        "price_per_unit": "143",
        "price_unit": "G"
      },
      {
        "state": "ACT",
        "price": "300",
        "price_per_unit": "143",
        "price_unit": "G"
      },
      {
        "state": "NT",
        "price": "315",
        "price_per_unit": "150",
        "price_unit": "G"
      }
    ]
  },
  {
    "source_url": "https://www.woolworths.com.au/shop/productdetails/731766/s-b-japanese-style-mil-curry-sauce-with-vegetables",
    "name": "S&B Japanese Style Mil Curry Sauce With Vegetables 210g",
    "image_url": "https://cdn1.woolworths.media/content/wowproductimages/large/731766.jpg",
    "source_id": "Woolworths - 731766",
    "barcode": "74880061703",
    "shop": "Woolworths",
    "weight": "100G",
    "prices": [
      {
        "state": "NSW",
        "price": "300",
        "price_per_unit": "143",
        "price_unit": "G"
      },
      {
        "state": "VIC",
        "price": "300",
        "price_per_unit": "143",
        "price_unit": "G"
      },
      {
        "state": "QLD",
        "price": "300",
        "price_per_unit": "143",
        "price_unit": "G"
      },
      {
        "state": "WA",
        "price": "300",
        "price_per_unit": "143",
        "price_unit": "G"
      },
      {
        "state": "SA",
        "price": "300",
        "price_per_unit": "143",
        "price_unit": "G"
      },
      {
        "state": "TAS",
        "price": "300",
        "price_per_unit": "143",
        "price_unit": "G"
      },
      {
        "state": "ACT",
        "price": "300",
        "price_per_unit": "143",
        "price_unit": "G"
      },
      {
        "state": "NT",
        "price": "315",
        "price_per_unit": "150",
        "price_unit": "G"
      }
    ]
  },
  {
    "source_url": "https://www.woolworths.com.au/shop/productdetails/54429/s-b-japanese-wasabi-tube-paste",
    "name": "S&B Japanese Wasabi Tube Paste 43g",
    "image_url": "https://cdn1.woolworths.media/content/wowproductimages/large/054429.jpg",
    "source_id": "Woolworths - 54429",
    "barcode": "74880020021",
    "shop": "Woolworths",
    "weight": "100G",
    "prices": [
      {
        "state": "NSW",
        "price": "330",
        "price_per_unit": "767",
        "price_unit": "G"
      },
      {
        "state": "VIC",
        "price": "330",
        "price_per_unit": "767",
        "price_unit": "G"
      },
      {
        "state": "QLD",
        "price": "330",
        "price_per_unit": "767",
        "price_unit": "G"
      },
      {
        "state": "WA",
        "price": "330",
        "price_per_unit": "767",
        "price_unit": "G"
      },
      {
        "state": "SA",
        "price": "330",
        "price_per_unit": "767",
        "price_unit": "G"
      },
      {
        "state": "TAS",
        "price": "330",
        "price_per_unit": "767",
        "price_unit": "G"
      },
      {
        "state": "ACT",
        "price": "330",
        "price_per_unit": "767",
        "price_unit": "G"
      },
      {
        "state": "NT",
        "price": "350",
        "price_per_unit": "814",
        "price_unit": "G"
      }
    ]
  },
  {
    "source_url": "https://www.woolworths.com.au/shop/productdetails/856776/s-b-miso-soup-aka",
    "name": "S&B Miso Soup Aka 30g",
    "image_url": "https://cdn1.woolworths.media/content/wowproductimages/large/856776.jpg",
    "source_id": "Woolworths - 856776",
    "barcode": "4901002141714",
    "shop": "Woolworths",
    "weight": "100G",
    "prices": [
      {
        "state": "NSW",
        "price": "420",
        "price_per_unit": "1400",
        "price_unit": "G"
      },
      {
        "state": "VIC",
        "price": "420",
        "price_per_unit": "1400",
        "price_unit": "G"
      },
      {
        "state": "QLD",
        "price": "420",
        "price_per_unit": "1400",
        "price_unit": "G"
      },
      {
        "state": "WA",
        "price": "420",
        "price_per_unit": "1400",
        "price_unit": "G"
      },
      {
        "state": "SA",
        "price": "420",
        "price_per_unit": "1400",
        "price_unit": "G"
      },
      {
        "state": "TAS",
        "price": "420",
        "price_per_unit": "1400",
        "price_unit": "G"
      },
      {
        "state": "ACT",
        "price": "420",
        "price_per_unit": "1400",
        "price_unit": "G"
      },
      {
        "state": "NT",
        "price": "440",
        "price_per_unit": "1467",
        "price_unit": "G"
      }
    ]
  },
  {
    "source_url": "https://www.woolworths.com.au/shop/productdetails/856773/s-b-miso-soup-tofu",
    "name": "S&B Miso Soup Tofu 30g",
    "image_url": "https://cdn1.woolworths.media/content/wowproductimages/large/856773.jpg",
    "source_id": "Woolworths - 856773",
    "barcode": "4901002141738",
    "shop": "Woolworths",
    "weight": "100G",
    "prices": [
      {
        "state": "NSW",
        "price": "420",
        "price_per_unit": "1400",
        "price_unit": "G"
      },
      {
        "state": "VIC",
        "price": "420",
        "price_per_unit": "1400",
        "price_unit": "G"
      },
      {
        "state": "QLD",
        "price": "420",
        "price_per_unit": "1400",
        "price_unit": "G"
      },
      {
        "state": "WA",
        "price": "420",
        "price_per_unit": "1400",
        "price_unit": "G"
      },
      {
        "state": "SA",
        "price": "420",
        "price_per_unit": "1400",
        "price_unit": "G"
      },
      {
        "state": "TAS",
        "price": "420",
        "price_per_unit": "1400",
        "price_unit": "G"
      },
      {
        "state": "ACT",
        "price": "420",
        "price_per_unit": "1400",
        "price_unit": "G"
      },
      {
        "state": "NT",
        "price": "440",
        "price_per_unit": "1467",
        "price_unit": "G"
      }
    ]
  },
  {
    "source_url": "https://www.woolworths.com.au/shop/productdetails/805741/samyang-ramen-hot-chicken-2x-spicy",
    "name": "Samyang Ramen Hot Chicken 2x Spicy 5 Pack",
    "image_url": "https://cdn1.woolworths.media/content/wowproductimages/large/805741.jpg",
    "source_id": "Woolworths - 805741",
    "barcode": "8801073141896",
    "shop": "Woolworths",
    "weight": "100G",
    "prices": [
      {
        "state": "VIC",
        "price": "1250",
        "price_per_unit": "179",
        "price_unit": "G"
      },
      {
        "state": "QLD",
        "price": "1250",
        "price_per_unit": "179",
        "price_unit": "G"
      },
      {
        "state": "WA",
        "price": "1250",
        "price_per_unit": "179",
        "price_unit": "G"
      },
      {
        "state": "SA",
        "price": "1250",
        "price_per_unit": "179",
        "price_unit": "G"
      },
      {
        "state": "TAS",
        "price": "1250",
        "price_per_unit": "179",
        "price_unit": "G"
      },
      {
        "state": "ACT",
        "price": "1250",
        "price_per_unit": "179",
        "price_unit": "G"
      },
      {
        "state": "NT",
        "price": "1250",
        "price_per_unit": "179",
        "price_unit": "G"
      }
    ]
  },
  {
    "source_url": "https://www.woolworths.com.au/shop/productdetails/805129/samyang-ramen-hot-chicken-carbonara",
    "name": "Samyang Ramen Hot Chicken Carbonara 5 Pack",
    "image_url": "https://cdn1.woolworths.media/content/wowproductimages/large/805129.jpg",
    "source_id": "Woolworths - 805129",
    "barcode": "8801073142312",
    "shop": "Woolworths",
    "weight": "100G",
    "prices": [
      {
        "state": "NSW",
        "price": "1250",
        "price_per_unit": "192",
        "price_unit": "G"
      },
      {
        "state": "VIC",
        "price": "1250",
        "price_per_unit": "192",
        "price_unit": "G"
      },
      {
        "state": "QLD",
        "price": "1250",
        "price_per_unit": "192",
        "price_unit": "G"
      },
      {
        "state": "WA",
        "price": "1250",
        "price_per_unit": "192",
        "price_unit": "G"
      },
      {
        "state": "SA",
        "price": "1250",
        "price_per_unit": "192",
        "price_unit": "G"
      },
      {
        "state": "TAS",
        "price": "1250",
        "price_per_unit": "192",
        "price_unit": "G"
      },
      {
        "state": "ACT",
        "price": "1250",
        "price_per_unit": "192",
        "price_unit": "G"
      },
      {
        "state": "NT",
        "price": "1250",
        "price_per_unit": "192",
        "price_unit": "G"
      }
    ]
  },
  {
    "source_url": "https://www.woolworths.com.au/shop/productdetails/805128/samyang-ramen-hot-chicken-original",
    "name": "Samyang Ramen Hot Chicken Original 5 Pack",
    "image_url": "https://cdn1.woolworths.media/content/wowproductimages/large/805128.jpg",
    "source_id": "Woolworths - 805128",
    "barcode": "8801073140578",
    "shop": "Woolworths",
    "weight": "100G",
    "prices": [
      {
        "state": "NSW",
        "price": "1250",
        "price_per_unit": "179",
        "price_unit": "G"
      },
      {
        "state": "VIC",
        "price": "1250",
        "price_per_unit": "179",
        "price_unit": "G"
      },
      {
        "state": "QLD",
        "price": "1250",
        "price_per_unit": "179",
        "price_unit": "G"
      },
      {
        "state": "WA",
        "price": "1250",
        "price_per_unit": "179",
        "price_unit": "G"
      },
      {
        "state": "SA",
        "price": "1250",
        "price_per_unit": "179",
        "price_unit": "G"
      },
      {
        "state": "TAS",
        "price": "1250",
        "price_per_unit": "179",
        "price_unit": "G"
      },
      {
        "state": "ACT",
        "price": "1250",
        "price_per_unit": "179",
        "price_unit": "G"
      },
      {
        "state": "NT",
        "price": "1250",
        "price_per_unit": "179",
        "price_unit": "G"
      }
    ]
  },
  {
    "source_url": "https://www.woolworths.com.au/shop/productdetails/770034/sangaria-grape-ramu-bottle",
    "name": "Sangaria Grape Ramu Bottle 500ml",
    "image_url": "https://cdn1.woolworths.media/content/wowproductimages/large/770034.jpg",
    "source_id": "Woolworths - 770034",
    "barcode": "4902179014290",
    "shop": "Woolworths",
    "weight": "1L",
    "prices": [
      {
        "state": "NSW",
        "price": "460",
        "price_per_unit": "920",
        "price_unit": "L"
      }
    ]
  },
  {
    "source_url": "https://www.woolworths.com.au/shop/productdetails/134222/sangaria-melon-soda",
    "name": "Sangaria Melon Soda 500ml",
    "image_url": "https://cdn1.woolworths.media/content/wowproductimages/large/134222.jpg",
    "source_id": "Woolworths - 134222",
    "barcode": "4902179008824",
    "shop": "Woolworths",
    "weight": "1L",
    "prices": [
      {
        "state": "NSW",
        "price": "460",
        "price_per_unit": "920",
        "price_unit": "L"
      },
      {
        "state": "SA",
        "price": "450",
        "price_per_unit": "900",
        "price_unit": "L"
      }
    ]
  },
  {
    "source_url": "https://www.woolworths.com.au/shop/productdetails/274883/sangaria-ramu-bottle",
    "name": "Sangaria Ramu Bottle 500ml",
    "image_url": "https://cdn1.woolworths.media/content/wowproductimages/large/274883.jpg",
    "source_id": "Woolworths - 274883",
    "barcode": "4902179007292",
    "shop": "Woolworths",
    "weight": "1L",
    "prices": [
      {
        "state": "NSW",
        "price": "460",
        "price_per_unit": "920",
        "price_unit": "L"
      }
    ]
  },
  {
    "source_url": "https://www.woolworths.com.au/shop/productdetails/66810/sashi-s-secret-curry-laksa-kit",
    "name": "Sashi's Secret Curry Laksa Kit 460g",
    "image_url": "https://cdn1.woolworths.media/content/wowproductimages/large/066810.jpg",
    "source_id": "Woolworths - 66810",
    "barcode": "9317471189549",
    "shop": "Woolworths",
    "weight": "100G",
    "prices": [
      {
        "state": "NSW",
        "price": "450",
        "price_per_unit": "98",
        "price_unit": "G"
      },
      {
        "state": "VIC",
        "price": "450",
        "price_per_unit": "98",
        "price_unit": "G"
      },
      {
        "state": "QLD",
        "price": "450",
        "price_per_unit": "98",
        "price_unit": "G"
      },
      {
        "state": "WA",
        "price": "450",
        "price_per_unit": "98",
        "price_unit": "G"
      },
      {
        "state": "SA",
        "price": "450",
        "price_per_unit": "98",
        "price_unit": "G"
      },
      {
        "state": "TAS",
        "price": "450",
        "price_per_unit": "98",
        "price_unit": "G"
      },
      {
        "state": "ACT",
        "price": "750",
        "price_per_unit": "163",
        "price_unit": "G"
      },
      null
    ]
  },
  {
    "source_url": "https://www.woolworths.com.au/shop/productdetails/70383/sashi-s-secret-malaysian-chicken-curry-kit",
    "name": "Sashi's Secret Malaysian Chicken Curry Kit 350g",
    "image_url": "https://cdn1.woolworths.media/content/wowproductimages/large/070383.jpg",
    "source_id": "Woolworths - 70383",
    "barcode": "9317471189570",
    "shop": "Woolworths",
    "weight": "100G",
    "prices": [
      {
        "state": "NSW",
        "price": "450",
        "price_per_unit": "129",
        "price_unit": "G"
      },
      {
        "state": "VIC",
        "price": "450",
        "price_per_unit": "129",
        "price_unit": "G"
      },
      {
        "state": "QLD",
        "price": "450",
        "price_per_unit": "129",
        "price_unit": "G"
      },
      {
        "state": "WA",
        "price": "450",
        "price_per_unit": "129",
        "price_unit": "G"
      },
      {
        "state": "SA",
        "price": "450",
        "price_per_unit": "129",
        "price_unit": "G"
      },
      {
        "state": "TAS",
        "price": "450",
        "price_per_unit": "129",
        "price_unit": "G"
      },
      {
        "state": "ACT",
        "price": "750",
        "price_per_unit": "214",
        "price_unit": "G"
      },
      {
        "state": "NT",
        "price": "790",
        "price_per_unit": "226",
        "price_unit": "G"
      }
    ]
  },
  {
    "source_url": "https://www.woolworths.com.au/shop/productdetails/68083/sashi-s-secret-nasi-goreng-kit",
    "name": "Sashi's Secret Nasi Goreng Kit 340g",
    "image_url": "https://cdn1.woolworths.media/content/wowproductimages/large/068083.jpg",
    "source_id": "Woolworths - 68083",
    "barcode": "9317471189563",
    "shop": "Woolworths",
    "weight": "100G",
    "prices": [
      {
        "state": "VIC",
        "price": "450",
        "price_per_unit": "132",
        "price_unit": "G"
      },
      {
        "state": "QLD",
        "price": "450",
        "price_per_unit": "132",
        "price_unit": "G"
      },
      {
        "state": "WA",
        "price": "450",
        "price_per_unit": "132",
        "price_unit": "G"
      },
      {
        "state": "SA",
        "price": "450",
        "price_per_unit": "132",
        "price_unit": "G"
      },
      {
        "state": "TAS",
        "price": "450",
        "price_per_unit": "132",
        "price_unit": "G"
      },
      {
        "state": "ACT",
        "price": "750",
        "price_per_unit": "221",
        "price_unit": "G"
      },
      {
        "state": "NT",
        "price": "790",
        "price_per_unit": "232",
        "price_unit": "G"
      }
    ]
  },
  {
    "source_url": "https://www.woolworths.com.au/shop/productdetails/308171/savour-canned-spicy-beans-broad",
    "name": "Savour Canned Spicy Beans Broad 100g",
    "image_url": "https://cdn1.woolworths.media/content/wowproductimages/large/308171.jpg",
    "source_id": "Woolworths - 308171",
    "barcode": "9310432001539",
    "shop": "Woolworths",
    "weight": "1KG",
    "prices": [
      {
        "state": "VIC",
        "price": "150",
        "price_per_unit": "1500",
        "price_unit": "KG"
      },
      {
        "state": "QLD",
        "price": "150",
        "price_per_unit": "1500",
        "price_unit": "KG"
      },
      {
        "state": "WA",
        "price": "150",
        "price_per_unit": "1500",
        "price_unit": "KG"
      },
      {
        "state": "SA",
        "price": "150",
        "price_per_unit": "1500",
        "price_unit": "KG"
      },
      {
        "state": "TAS",
        "price": "200",
        "price_per_unit": "2000",
        "price_unit": "KG"
      },
      {
        "state": "ACT",
        "price": "200",
        "price_per_unit": "2000",
        "price_unit": "KG"
      },
      {
        "state": "NT",
        "price": "210",
        "price_per_unit": "2100",
        "price_unit": "KG"
      }
    ]
  },
  {
    "source_url": "https://www.woolworths.com.au/shop/productdetails/308172/savour-snacks-peas-wasabi-flavoured",
    "name": "Savour Snacks Peas Wasabi Flavoured 100g",
    "image_url": "https://cdn1.woolworths.media/content/wowproductimages/large/308172.jpg",
    "source_id": "Woolworths - 308172",
    "barcode": "9310432001454",
    "shop": "Woolworths",
    "weight": "1KG",
    "prices": [
      {
        "state": "NSW",
        "price": "150",
        "price_per_unit": "1500",
        "price_unit": "KG"
      },
      {
        "state": "VIC",
        "price": "150",
        "price_per_unit": "1500",
        "price_unit": "KG"
      },
      {
        "state": "QLD",
        "price": "150",
        "price_per_unit": "1500",
        "price_unit": "KG"
      },
      {
        "state": "WA",
        "price": "150",
        "price_per_unit": "1500",
        "price_unit": "KG"
      },
      {
        "state": "SA",
        "price": "150",
        "price_per_unit": "1500",
        "price_unit": "KG"
      },
      {
        "state": "TAS",
        "price": "200",
        "price_per_unit": "2000",
        "price_unit": "KG"
      },
      {
        "state": "ACT",
        "price": "200",
        "price_per_unit": "2000",
        "price_unit": "KG"
      },
      {
        "state": "NT",
        "price": "210",
        "price_per_unit": "2100",
        "price_unit": "KG"
      }
    ]
  },
  {
    "source_url": "https://www.woolworths.com.au/shop/productdetails/124021/saxi-soft-drink",
    "name": "Saxi Soft Drink 330mL",
    "image_url": "https://cdn1.woolworths.media/content/wowproductimages/large/124021.jpg",
    "source_id": "Woolworths - 124021",
    "barcode": "8935015402544",
    "shop": "Woolworths",
    "weight": "1L",
    "prices": [
      {
        "state": "NSW",
        "price": "165",
        "price_per_unit": "500",
        "price_unit": "L"
      }
    ]
  },
  {
    "source_url": "https://www.woolworths.com.au/shop/productdetails/813764/sea-friend-roasted-seaweed",
    "name": "Sea Friend Roasted Seaweed 8 Pack",
    "image_url": "https://cdn1.woolworths.media/content/wowproductimages/large/813764.jpg",
    "source_id": "Woolworths - 813764",
    "barcode": "8809063751209",
    "shop": "Woolworths",
    "weight": "100G",
    "prices": [
      {
        "state": "NSW",
        "price": "450",
        "price_per_unit": "1125",
        "price_unit": "G"
      },
      {
        "state": "VIC",
        "price": "450",
        "price_per_unit": "1125",
        "price_unit": "G"
      },
      {
        "state": "QLD",
        "price": "450",
        "price_per_unit": "1125",
        "price_unit": "G"
      },
      {
        "state": "WA",
        "price": "450",
        "price_per_unit": "1125",
        "price_unit": "G"
      },
      {
        "state": "SA",
        "price": "450",
        "price_per_unit": "1125",
        "price_unit": "G"
      },
      {
        "state": "TAS",
        "price": "450",
        "price_per_unit": "1125",
        "price_unit": "G"
      },
      {
        "state": "ACT",
        "price": "450",
        "price_per_unit": "1125",
        "price_unit": "G"
      },
      {
        "state": "NT",
        "price": "550",
        "price_per_unit": "1375",
        "price_unit": "G"
      }
    ]
  },
  {
    "source_url": "https://www.woolworths.com.au/shop/productdetails/103162/sea-friend-spicy-kimchi-seasoned-seaweed",
    "name": "Sea Friend Spicy Kimchi Seasoned Seaweed 8 Pack",
    "image_url": "https://cdn1.woolworths.media/content/wowproductimages/large/103162.jpg",
    "source_id": "Woolworths - 103162",
    "barcode": "8809063750349",
    "shop": "Woolworths",
    "weight": "100G",
    "prices": [
      {
        "state": "SA",
        "price": "450",
        "price_per_unit": "1125",
        "price_unit": "G"
      },
      null,
      null,
      {
        "state": "NT",
        "price": "450",
        "price_per_unit": "1125",
        "price_unit": "G"
      }
    ]
  },
  {
    "source_url": "https://www.woolworths.com.au/shop/productdetails/102957/sea-friend-wasabi-seasoned-seaweed",
    "name": "Sea Friend Wasabi Seasoned Seaweed 8 Pack",
    "image_url": "https://cdn1.woolworths.media/content/wowproductimages/large/102957.jpg",
    "source_id": "Woolworths - 102957",
    "barcode": "8809063750332",
    "shop": "Woolworths",
    "weight": "100G",
    "prices": [
      null,
      null,
      {
        "state": "NT",
        "price": "450",
        "price_per_unit": "1125",
        "price_unit": "G"
      }
    ]
  },
  {
    "source_url": "https://www.woolworths.com.au/shop/productdetails/24333/six-fortune-snacks-rice-crackers",
    "name": "Six Fortune Snacks Rice Crackers 112g",
    "image_url": "https://cdn1.woolworths.media/content/wowproductimages/large/024333.jpg",
    "source_id": "Woolworths - 24333",
    "barcode": "79763110998",
    "shop": "Woolworths",
    "weight": "100G",
    "prices": [
      {
        "state": "NSW",
        "price": "360",
        "price_per_unit": "321",
        "price_unit": "G"
      },
      {
        "state": "VIC",
        "price": "360",
        "price_per_unit": "321",
        "price_unit": "G"
      },
      {
        "state": "QLD",
        "price": "360",
        "price_per_unit": "321",
        "price_unit": "G"
      },
      {
        "state": "WA",
        "price": "360",
        "price_per_unit": "321",
        "price_unit": "G"
      },
      {
        "state": "SA",
        "price": "360",
        "price_per_unit": "321",
        "price_unit": "G"
      },
      {
        "state": "TAS",
        "price": "360",
        "price_per_unit": "321",
        "price_unit": "G"
      },
      {
        "state": "ACT",
        "price": "360",
        "price_per_unit": "321",
        "price_unit": "G"
      },
      {
        "state": "NT",
        "price": "360",
        "price_per_unit": "321",
        "price_unit": "G"
      }
    ]
  },
  {
    "source_url": "https://www.woolworths.com.au/shop/productdetails/1075531515/social-eats-herb-and-garlic-dip-mix-65g",
    "name": "Social Eats Herb and Garlic Dip Mix 65g",
    "image_url": "https://cdn1.woolworths.media/content/wowproductimages/large/1075531515.jpg",
    "source_id": "Woolworths - 1075531515",
    "barcode": null,
    "shop": "Woolworths",
    "weight": "100G",
    "prices": [
      {
        "state": "NSW",
        "price": "995",
        "price_per_unit": "1244",
        "price_unit": "G"
      },
      {
        "state": "VIC",
        "price": "995",
        "price_per_unit": "1244",
        "price_unit": "G"
      },
      {
        "state": "QLD",
        "price": "995",
        "price_per_unit": "1244",
        "price_unit": "G"
      },
      {
        "state": "WA",
        "price": "995",
        "price_per_unit": "1244",
        "price_unit": "G"
      },
      {
        "state": "SA",
        "price": "995",
        "price_per_unit": "1244",
        "price_unit": "G"
      },
      {
        "state": "TAS",
        "price": "995",
        "price_per_unit": "1244",
        "price_unit": "G"
      },
      {
        "state": "ACT",
        "price": "995",
        "price_per_unit": "1244",
        "price_unit": "G"
      },
      {
        "state": "NT",
        "price": "995",
        "price_per_unit": "1244",
        "price_unit": "G"
      }
    ]
  },
  {
    "source_url": "https://www.woolworths.com.au/shop/productdetails/359963/soul-papa-furikake-rice-seasoning-seaweed",
    "name": "Soul Papa Furikake Rice Seasoning Seaweed 100g",
    "image_url": "https://cdn1.woolworths.media/content/wowproductimages/large/359963.jpg",
    "source_id": "Woolworths - 359963",
    "barcode": "9333328000829",
    "shop": "Woolworths",
    "weight": "100G",
    "prices": [
      {
        "state": "NSW",
        "price": "650",
        "price_per_unit": "650",
        "price_unit": "G"
      },
      {
        "state": "VIC",
        "price": "650",
        "price_per_unit": "650",
        "price_unit": "G"
      },
      {
        "state": "QLD",
        "price": "650",
        "price_per_unit": "650",
        "price_unit": "G"
      },
      {
        "state": "WA",
        "price": "650",
        "price_per_unit": "650",
        "price_unit": "G"
      },
      {
        "state": "SA",
        "price": "650",
        "price_per_unit": "650",
        "price_unit": "G"
      },
      {
        "state": "TAS",
        "price": "650",
        "price_per_unit": "650",
        "price_unit": "G"
      },
      {
        "state": "ACT",
        "price": "650",
        "price_per_unit": "650",
        "price_unit": "G"
      },
      {
        "state": "NT",
        "price": "650",
        "price_per_unit": "650",
        "price_unit": "G"
      }
    ]
  },
  {
    "source_url": "https://www.woolworths.com.au/shop/productdetails/1075345309/spiral-organic-shiitake-mushrooms-50g",
    "name": "Spiral Organic Shiitake Mushrooms 50g",
    "image_url": "https://cdn1.woolworths.media/content/wowproductimages/large/1075345309.jpg",
    "source_id": "Woolworths - 1075345309",
    "barcode": null,
    "shop": "Woolworths",
    "weight": "1KG",
    "prices": [
      {
        "state": "NSW",
        "price": "1399",
        "price_per_unit": "27980",
        "price_unit": "KG"
      },
      {
        "state": "VIC",
        "price": "1399",
        "price_per_unit": "27980",
        "price_unit": "KG"
      },
      {
        "state": "QLD",
        "price": "1399",
        "price_per_unit": "27980",
        "price_unit": "KG"
      },
      {
        "state": "WA",
        "price": "1399",
        "price_per_unit": "27980",
        "price_unit": "KG"
      },
      {
        "state": "SA",
        "price": "1399",
        "price_per_unit": "27980",
        "price_unit": "KG"
      },
      {
        "state": "TAS",
        "price": "1399",
        "price_per_unit": "27980",
        "price_unit": "KG"
      },
      {
        "state": "ACT",
        "price": "1399",
        "price_per_unit": "27980",
        "price_unit": "KG"
      },
      {
        "state": "NT",
        "price": "1399",
        "price_per_unit": "27980",
        "price_unit": "KG"
      }
    ]
  },
  {
    "source_url": "https://www.woolworths.com.au/shop/productdetails/99484/squid-brand-fish-sauce",
    "name": "Squid Brand Fish Sauce 300ml",
    "image_url": "https://cdn1.woolworths.media/content/wowproductimages/large/099484.jpg",
    "source_id": "Woolworths - 99484",
    "barcode": "8850620888234",
    "shop": "Woolworths",
    "weight": "100ML",
    "prices": [
      {
        "state": "NSW",
        "price": "285",
        "price_per_unit": "95",
        "price_unit": "ML"
      },
      {
        "state": "VIC",
        "price": "285",
        "price_per_unit": "95",
        "price_unit": "ML"
      },
      {
        "state": "QLD",
        "price": "285",
        "price_per_unit": "95",
        "price_unit": "ML"
      },
      {
        "state": "WA",
        "price": "285",
        "price_per_unit": "95",
        "price_unit": "ML"
      },
      {
        "state": "SA",
        "price": "285",
        "price_per_unit": "95",
        "price_unit": "ML"
      },
      {
        "state": "TAS",
        "price": "285",
        "price_per_unit": "95",
        "price_unit": "ML"
      },
      {
        "state": "ACT",
        "price": "285",
        "price_per_unit": "95",
        "price_unit": "ML"
      },
      {
        "state": "NT",
        "price": "300",
        "price_per_unit": "100",
        "price_unit": "ML"
      }
    ]
  },
  {
    "source_url": "https://www.woolworths.com.au/shop/productdetails/345551/squid-brand-premium-fish-sauce",
    "name": "Squid Brand Premium Fish Sauce 300ml",
    "image_url": "https://cdn1.woolworths.media/content/wowproductimages/large/345551.jpg",
    "source_id": "Woolworths - 345551",
    "barcode": "8850620888098",
    "shop": "Woolworths",
    "weight": "100ML",
    "prices": [
      {
        "state": "NSW",
        "price": "450",
        "price_per_unit": "150",
        "price_unit": "ML"
      },
      {
        "state": "VIC",
        "price": "450",
        "price_per_unit": "150",
        "price_unit": "ML"
      },
      {
        "state": "QLD",
        "price": "450",
        "price_per_unit": "150",
        "price_unit": "ML"
      },
      {
        "state": "WA",
        "price": "450",
        "price_per_unit": "150",
        "price_unit": "ML"
      },
      {
        "state": "SA",
        "price": "450",
        "price_per_unit": "150",
        "price_unit": "ML"
      },
      {
        "state": "TAS",
        "price": "450",
        "price_per_unit": "150",
        "price_unit": "ML"
      },
      {
        "state": "ACT",
        "price": "450",
        "price_per_unit": "150",
        "price_unit": "ML"
      },
      {
        "state": "NT",
        "price": "450",
        "price_per_unit": "150",
        "price_unit": "ML"
      }
    ]
  },
  {
    "source_url": "https://www.woolworths.com.au/shop/productdetails/686564/ssm-uht-natural-coconut-cream",
    "name": "SSM UHT Natural Coconut Cream 200mL",
    "image_url": "https://cdn1.woolworths.media/content/wowproductimages/large/686564.jpg",
    "source_id": "Woolworths - 686564",
    "barcode": "9338823000732",
    "shop": "Woolworths",
    "weight": "100ML",
    "prices": [
      {
        "state": "NSW",
        "price": "190",
        "price_per_unit": "95",
        "price_unit": "ML"
      },
      {
        "state": "VIC",
        "price": "190",
        "price_per_unit": "95",
        "price_unit": "ML"
      },
      {
        "state": "QLD",
        "price": "190",
        "price_per_unit": "95",
        "price_unit": "ML"
      },
      {
        "state": "WA",
        "price": "190",
        "price_per_unit": "95",
        "price_unit": "ML"
      },
      {
        "state": "SA",
        "price": "190",
        "price_per_unit": "95",
        "price_unit": "ML"
      },
      {
        "state": "ACT",
        "price": "190",
        "price_per_unit": "95",
        "price_unit": "ML"
      },
      {
        "state": "NT",
        "price": "190",
        "price_per_unit": "95",
        "price_unit": "ML"
      }
    ]
  },
  {
    "source_url": "https://www.woolworths.com.au/shop/productdetails/861530/sunrice-koshihikari-sushi-rice",
    "name": "Sunrice Koshihikari Sushi Rice 750g",
    "image_url": "https://cdn1.woolworths.media/content/wowproductimages/large/861530.jpg",
    "source_id": "Woolworths - 861530",
    "barcode": "9310140007304",
    "shop": "Woolworths",
    "weight": "100G",
    "prices": [
      {
        "state": "NSW",
        "price": "500",
        "price_per_unit": "67",
        "price_unit": "G"
      },
      {
        "state": "VIC",
        "price": "500",
        "price_per_unit": "67",
        "price_unit": "G"
      },
      {
        "state": "QLD",
        "price": "500",
        "price_per_unit": "67",
        "price_unit": "G"
      },
      {
        "state": "WA",
        "price": "500",
        "price_per_unit": "67",
        "price_unit": "G"
      },
      {
        "state": "SA",
        "price": "500",
        "price_per_unit": "67",
        "price_unit": "G"
      },
      {
        "state": "TAS",
        "price": "500",
        "price_per_unit": "67",
        "price_unit": "G"
      },
      {
        "state": "NT",
        "price": "505",
        "price_per_unit": "67",
        "price_unit": "G"
      }
    ]
  },
  {
    "source_url": "https://www.woolworths.com.au/shop/productdetails/1074032653/sushi-nori-roasted-seaweed-50-sheets-125g",
    "name": "Sushi Nori Roasted Seaweed 50 Sheets 125g",
    "image_url": "https://cdn1.woolworths.media/content/wowproductimages/large/1074032653.jpg",
    "source_id": "Woolworths - 1074032653",
    "barcode": null,
    "shop": "Woolworths",
    "weight": null,
    "prices": [
      null,
      null
    ]
  },
  {
    "source_url": "https://www.woolworths.com.au/shop/productdetails/123983/suthera-thai-coconut-roll-original",
    "name": "Suthera Thai Coconut Roll Original 70g",
    "image_url": "https://cdn1.woolworths.media/content/wowproductimages/large/123983.jpg",
    "source_id": "Woolworths - 123983",
    "barcode": "8853445019333",
    "shop": "Woolworths",
    "weight": "100G",
    "prices": [
      {
        "state": "NSW",
        "price": "250",
        "price_per_unit": "357",
        "price_unit": "G"
      },
      {
        "state": "VIC",
        "price": "250",
        "price_per_unit": "357",
        "price_unit": "G"
      },
      {
        "state": "QLD",
        "price": "250",
        "price_per_unit": "357",
        "price_unit": "G"
      },
      {
        "state": "WA",
        "price": "250",
        "price_per_unit": "357",
        "price_unit": "G"
      },
      {
        "state": "SA",
        "price": "250",
        "price_per_unit": "357",
        "price_unit": "G"
      },
      {
        "state": "TAS",
        "price": "500",
        "price_per_unit": "714",
        "price_unit": "G"
      },
      {
        "state": "NT",
        "price": "500",
        "price_per_unit": "714",
        "price_unit": "G"
      }
    ]
  },
  {
    "source_url": "https://www.woolworths.com.au/shop/productdetails/123908/suthera-thai-coconut-roll-strawberry",
    "name": "Suthera Thai Coconut Roll Strawberry 70g",
    "image_url": "https://cdn1.woolworths.media/content/wowproductimages/large/123908.jpg",
    "source_id": "Woolworths - 123908",
    "barcode": "8853445019531",
    "shop": "Woolworths",
    "weight": "100G",
    "prices": [
      {
        "state": "NSW",
        "price": "250",
        "price_per_unit": "357",
        "price_unit": "G"
      },
      {
        "state": "VIC",
        "price": "250",
        "price_per_unit": "357",
        "price_unit": "G"
      },
      {
        "state": "QLD",
        "price": "250",
        "price_per_unit": "357",
        "price_unit": "G"
      },
      {
        "state": "WA",
        "price": "250",
        "price_per_unit": "357",
        "price_unit": "G"
      },
      {
        "state": "SA",
        "price": "250",
        "price_per_unit": "357",
        "price_unit": "G"
      },
      {
        "state": "TAS",
        "price": "500",
        "price_per_unit": "714",
        "price_unit": "G"
      },
      {
        "state": "NT",
        "price": "500",
        "price_per_unit": "714",
        "price_unit": "G"
      }
    ]
  },
  {
    "source_url": "https://www.woolworths.com.au/shop/productdetails/862909/tcc-coconut-cream",
    "name": "TCC Coconut Cream 400ml",
    "image_url": "https://cdn1.woolworths.media/content/wowproductimages/large/862909.jpg",
    "source_id": "Woolworths - 862909",
    "barcode": "8850367992102",
    "shop": "Woolworths",
    "weight": "100G",
    "prices": [
      {
        "state": "NSW",
        "price": "290",
        "price_per_unit": "73",
        "price_unit": "G"
      },
      {
        "state": "VIC",
        "price": "290",
        "price_per_unit": "73",
        "price_unit": "G"
      },
      {
        "state": "QLD",
        "price": "290",
        "price_per_unit": "73",
        "price_unit": "G"
      },
      {
        "state": "WA",
        "price": "290",
        "price_per_unit": "73",
        "price_unit": "G"
      },
      {
        "state": "SA",
        "price": "290",
        "price_per_unit": "73",
        "price_unit": "G"
      },
      {
        "state": "TAS",
        "price": "290",
        "price_per_unit": "73",
        "price_unit": "G"
      },
      {
        "state": "NT",
        "price": "305",
        "price_per_unit": "76",
        "price_unit": "G"
      }
    ]
  },
  {
    "source_url": "https://www.woolworths.com.au/shop/productdetails/168/tcc-coconut-milk",
    "name": "TCC Coconut Milk 400ml",
    "image_url": "https://cdn1.woolworths.media/content/wowproductimages/large/000168.jpg",
    "source_id": "Woolworths - 168",
    "barcode": "44738018371",
    "shop": "Woolworths",
    "weight": "100ML",
    "prices": [
      {
        "state": "NSW",
        "price": "230",
        "price_per_unit": "58",
        "price_unit": "ML"
      },
      {
        "state": "VIC",
        "price": "230",
        "price_per_unit": "58",
        "price_unit": "ML"
      },
      {
        "state": "QLD",
        "price": "230",
        "price_per_unit": "58",
        "price_unit": "ML"
      },
      {
        "state": "WA",
        "price": "230",
        "price_per_unit": "58",
        "price_unit": "ML"
      },
      {
        "state": "SA",
        "price": "230",
        "price_per_unit": "58",
        "price_unit": "ML"
      },
      {
        "state": "TAS",
        "price": "230",
        "price_per_unit": "58",
        "price_unit": "ML"
      },
      {
        "state": "NT",
        "price": "230",
        "price_per_unit": "58",
        "price_unit": "ML"
      }
    ]
  },
  {
    "source_url": "https://www.woolworths.com.au/shop/productdetails/58926/tcc-coconut-milk-lite",
    "name": "TCC Coconut Milk Lite 400ml",
    "image_url": "https://cdn1.woolworths.media/content/wowproductimages/large/058926.jpg",
    "source_id": "Woolworths - 58926",
    "barcode": "44738215961",
    "shop": "Woolworths",
    "weight": "100ML",
    "prices": [
      {
        "state": "NSW",
        "price": "230",
        "price_per_unit": "58",
        "price_unit": "ML"
      },
      {
        "state": "VIC",
        "price": "230",
        "price_per_unit": "58",
        "price_unit": "ML"
      },
      {
        "state": "QLD",
        "price": "230",
        "price_per_unit": "58",
        "price_unit": "ML"
      },
      {
        "state": "WA",
        "price": "230",
        "price_per_unit": "58",
        "price_unit": "ML"
      },
      {
        "state": "SA",
        "price": "230",
        "price_per_unit": "58",
        "price_unit": "ML"
      },
      {
        "state": "TAS",
        "price": "230",
        "price_per_unit": "58",
        "price_unit": "ML"
      },
      {
        "state": "NT",
        "price": "230",
        "price_per_unit": "58",
        "price_unit": "ML"
      }
    ]
  },
  {
    "source_url": "https://www.woolworths.com.au/shop/productdetails/132541/tean-s-gourmet-rendang-paste",
    "name": "Tean's Gourmet Rendang Paste 200g",
    "image_url": "https://cdn1.woolworths.media/content/wowproductimages/large/132541.jpg",
    "source_id": "Woolworths - 132541",
    "barcode": "9555144301595",
    "shop": "Woolworths",
    "weight": "100G",
    "prices": [
      {
        "state": "NSW",
        "price": "345",
        "price_per_unit": "173",
        "price_unit": "G"
      },
      {
        "state": "VIC",
        "price": "345",
        "price_per_unit": "173",
        "price_unit": "G"
      },
      {
        "state": "QLD",
        "price": "345",
        "price_per_unit": "173",
        "price_unit": "G"
      },
      {
        "state": "WA",
        "price": "345",
        "price_per_unit": "173",
        "price_unit": "G"
      },
      {
        "state": "SA",
        "price": "345",
        "price_per_unit": "173",
        "price_unit": "G"
      },
      {
        "state": "TAS",
        "price": "345",
        "price_per_unit": "173",
        "price_unit": "G"
      },
      null
    ]
  },
  {
    "source_url": "https://www.woolworths.com.au/shop/productdetails/235625/the-han-kitchen-beef-ramyun",
    "name": "The Han Kitchen Beef Ramyun 4 Pack",
    "image_url": "https://cdn1.woolworths.media/content/wowproductimages/large/235625.jpg",
    "source_id": "Woolworths - 235625",
    "barcode": "9333328000614",
    "shop": "Woolworths",
    "weight": "100G",
    "prices": [
      {
        "state": "NSW",
        "price": "750",
        "price_per_unit": "160",
        "price_unit": "G"
      },
      {
        "state": "VIC",
        "price": "750",
        "price_per_unit": "160",
        "price_unit": "G"
      },
      {
        "state": "QLD",
        "price": "750",
        "price_per_unit": "160",
        "price_unit": "G"
      },
      {
        "state": "WA",
        "price": "750",
        "price_per_unit": "160",
        "price_unit": "G"
      },
      {
        "state": "SA",
        "price": "750",
        "price_per_unit": "160",
        "price_unit": "G"
      },
      {
        "state": "TAS",
        "price": "1050",
        "price_per_unit": "224",
        "price_unit": "G"
      },
      {
        "state": "NT",
        "price": "1050",
        "price_per_unit": "224",
        "price_unit": "G"
      }
    ]
  },
  {
    "source_url": "https://www.woolworths.com.au/shop/productdetails/235063/the-han-kitchen-budae-ramyun",
    "name": "The Han Kitchen Budae Ramyun 4 Pack",
    "image_url": "https://cdn1.woolworths.media/content/wowproductimages/large/235063.jpg",
    "source_id": "Woolworths - 235063",
    "barcode": "9333328000607",
    "shop": "Woolworths",
    "weight": "100G",
    "prices": [
      {
        "state": "NSW",
        "price": "750",
        "price_per_unit": "158",
        "price_unit": "G"
      },
      {
        "state": "VIC",
        "price": "750",
        "price_per_unit": "158",
        "price_unit": "G"
      },
      {
        "state": "QLD",
        "price": "750",
        "price_per_unit": "158",
        "price_unit": "G"
      },
      {
        "state": "WA",
        "price": "750",
        "price_per_unit": "158",
        "price_unit": "G"
      },
      {
        "state": "SA",
        "price": "750",
        "price_per_unit": "158",
        "price_unit": "G"
      },
      {
        "state": "TAS",
        "price": "1050",
        "price_per_unit": "221",
        "price_unit": "G"
      },
      {
        "state": "NT",
        "price": "1050",
        "price_per_unit": "221",
        "price_unit": "G"
      }
    ]
  },
  {
    "source_url": "https://www.woolworths.com.au/shop/productdetails/322923/the-han-kitchen-flaming-chicken-carbonara-noodles",
    "name": "The Han Kitchen Flaming Chicken Carbonara Noodles 4 Pack",
    "image_url": "https://cdn1.woolworths.media/content/wowproductimages/large/322923.jpg",
    "source_id": "Woolworths - 322923",
    "barcode": "9333328000980",
    "shop": "Woolworths",
    "weight": "100G",
    "prices": [
      {
        "state": "NSW",
        "price": "750",
        "price_per_unit": "139",
        "price_unit": "G"
      },
      {
        "state": "VIC",
        "price": "750",
        "price_per_unit": "139",
        "price_unit": "G"
      },
      {
        "state": "QLD",
        "price": "750",
        "price_per_unit": "139",
        "price_unit": "G"
      },
      {
        "state": "WA",
        "price": "750",
        "price_per_unit": "139",
        "price_unit": "G"
      },
      {
        "state": "SA",
        "price": "750",
        "price_per_unit": "139",
        "price_unit": "G"
      },
      {
        "state": "TAS",
        "price": "1050",
        "price_per_unit": "194",
        "price_unit": "G"
      },
      {
        "state": "NT",
        "price": "1050",
        "price_per_unit": "194",
        "price_unit": "G"
      }
    ]
  },
  {
    "source_url": "https://www.woolworths.com.au/shop/productdetails/320689/the-han-kitchen-flaming-chicken-stir-fried-noodles-original",
    "name": "The Han Kitchen Flaming Chicken Stir Fried Noodles Original 4 Pack",
    "image_url": "https://cdn1.woolworths.media/content/wowproductimages/large/320689.jpg",
    "source_id": "Woolworths - 320689",
    "barcode": "9333328000966",
    "shop": "Woolworths",
    "weight": "100G",
    "prices": [
      {
        "state": "NSW",
        "price": "750",
        "price_per_unit": "136",
        "price_unit": "G"
      },
      {
        "state": "VIC",
        "price": "750",
        "price_per_unit": "136",
        "price_unit": "G"
      },
      {
        "state": "QLD",
        "price": "750",
        "price_per_unit": "136",
        "price_unit": "G"
      },
      {
        "state": "WA",
        "price": "750",
        "price_per_unit": "136",
        "price_unit": "G"
      },
      {
        "state": "SA",
        "price": "750",
        "price_per_unit": "136",
        "price_unit": "G"
      },
      {
        "state": "TAS",
        "price": "1050",
        "price_per_unit": "190",
        "price_unit": "G"
      },
      {
        "state": "NT",
        "price": "1050",
        "price_per_unit": "190",
        "price_unit": "G"
      }
    ]
  },
  {
    "source_url": "https://www.woolworths.com.au/shop/productdetails/322071/the-han-kitchen-gomtang-bowl-ramyun",
    "name": "The Han Kitchen Gomtang Bowl Ramyun 107g",
    "image_url": "https://cdn1.woolworths.media/content/wowproductimages/large/322071.jpg",
    "source_id": "Woolworths - 322071",
    "barcode": "9333328001048",
    "shop": "Woolworths",
    "weight": "100G",
    "prices": [
      {
        "state": "NSW",
        "price": "175",
        "price_per_unit": "164",
        "price_unit": "G"
      },
      {
        "state": "VIC",
        "price": "175",
        "price_per_unit": "164",
        "price_unit": "G"
      },
      {
        "state": "QLD",
        "price": "175",
        "price_per_unit": "164",
        "price_unit": "G"
      },
      {
        "state": "WA",
        "price": "175",
        "price_per_unit": "164",
        "price_unit": "G"
      },
      {
        "state": "SA",
        "price": "175",
        "price_per_unit": "164",
        "price_unit": "G"
      },
      {
        "state": "TAS",
        "price": "350",
        "price_per_unit": "327",
        "price_unit": "G"
      },
      {
        "state": "NT",
        "price": "350",
        "price_per_unit": "327",
        "price_unit": "G"
      }
    ]
  },
  {
    "source_url": "https://www.woolworths.com.au/shop/productdetails/322982/the-han-kitchen-pocha-bowl-ramyun",
    "name": "The Han Kitchen Pocha Bowl Ramyun 108g",
    "image_url": "https://cdn1.woolworths.media/content/wowproductimages/large/322982.jpg",
    "source_id": "Woolworths - 322982",
    "barcode": "9333328001055",
    "shop": "Woolworths",
    "weight": "100G",
    "prices": [
      {
        "state": "NSW",
        "price": "175",
        "price_per_unit": "162",
        "price_unit": "G"
      },
      {
        "state": "VIC",
        "price": "175",
        "price_per_unit": "162",
        "price_unit": "G"
      },
      {
        "state": "QLD",
        "price": "175",
        "price_per_unit": "162",
        "price_unit": "G"
      },
      {
        "state": "WA",
        "price": "175",
        "price_per_unit": "162",
        "price_unit": "G"
      },
      {
        "state": "TAS",
        "price": "350",
        "price_per_unit": "324",
        "price_unit": "G"
      },
      {
        "state": "NT",
        "price": "350",
        "price_per_unit": "324",
        "price_unit": "G"
      }
    ]
  },
  {
    "source_url": "https://www.woolworths.com.au/shop/productdetails/235055/the-han-kitchen-pocha-ramyun",
    "name": "The Han Kitchen Pocha Ramyun 4 Pack",
    "image_url": "https://cdn1.woolworths.media/content/wowproductimages/large/235055.jpg",
    "source_id": "Woolworths - 235055",
    "barcode": "9333328000591",
    "shop": "Woolworths",
    "weight": "100G",
    "prices": [
      {
        "state": "NSW",
        "price": "750",
        "price_per_unit": "159",
        "price_unit": "G"
      },
      {
        "state": "VIC",
        "price": "750",
        "price_per_unit": "159",
        "price_unit": "G"
      },
      {
        "state": "QLD",
        "price": "750",
        "price_per_unit": "159",
        "price_unit": "G"
      },
      {
        "state": "WA",
        "price": "750",
        "price_per_unit": "159",
        "price_unit": "G"
      },
      {
        "state": "SA",
        "price": "750",
        "price_per_unit": "159",
        "price_unit": "G"
      },
      {
        "state": "TAS",
        "price": "1050",
        "price_per_unit": "222",
        "price_unit": "G"
      },
      {
        "state": "NT",
        "price": "1050",
        "price_per_unit": "222",
        "price_unit": "G"
      }
    ]
  },
  {
    "source_url": "https://www.woolworths.com.au/shop/productdetails/359087/the-han-kitchen-topokki-original",
    "name": "The Han Kitchen Topokki Original 140g",
    "image_url": "https://cdn1.woolworths.media/content/wowproductimages/large/359087.jpg",
    "source_id": "Woolworths - 359087",
    "barcode": "9333328001093",
    "shop": "Woolworths",
    "weight": "100G",
    "prices": [
      {
        "state": "NSW",
        "price": "550",
        "price_per_unit": "393",
        "price_unit": "G"
      },
      {
        "state": "VIC",
        "price": "550",
        "price_per_unit": "393",
        "price_unit": "G"
      },
      {
        "state": "QLD",
        "price": "550",
        "price_per_unit": "393",
        "price_unit": "G"
      },
      {
        "state": "WA",
        "price": "550",
        "price_per_unit": "393",
        "price_unit": "G"
      },
      {
        "state": "SA",
        "price": "550",
        "price_per_unit": "393",
        "price_unit": "G"
      },
      {
        "state": "TAS",
        "price": "550",
        "price_per_unit": "393",
        "price_unit": "G"
      },
      {
        "state": "NT",
        "price": "550",
        "price_per_unit": "393",
        "price_unit": "G"
      }
    ]
  },
  {
    "source_url": "https://www.woolworths.com.au/shop/productdetails/525816/the-jelly-co-konjac-jelly-fresh-lychee",
    "name": "The Jelly Co Konjac Jelly Fresh Lychee 150g",
    "image_url": "https://cdn1.woolworths.media/content/wowproductimages/large/525816.jpg",
    "source_id": "Woolworths - 525816",
    "barcode": "9333328001420",
    "shop": "Woolworths",
    "weight": "100G",
    "prices": [
      {
        "state": "VIC",
        "price": "100",
        "price_per_unit": "67",
        "price_unit": "G"
      },
      {
        "state": "QLD",
        "price": "100",
        "price_per_unit": "67",
        "price_unit": "G"
      },
      {
        "state": "WA",
        "price": "100",
        "price_per_unit": "67",
        "price_unit": "G"
      },
      {
        "state": "SA",
        "price": "100",
        "price_per_unit": "67",
        "price_unit": "G"
      },
      null,
      {
        "state": "NT",
        "price": "360",
        "price_per_unit": "240",
        "price_unit": "G"
      }
    ]
  },
  {
    "source_url": "https://www.woolworths.com.au/shop/productdetails/528211/the-jelly-co-konjac-jelly-juicy-peach",
    "name": "The Jelly Co Konjac Jelly Juicy Peach 150g",
    "image_url": "https://cdn1.woolworths.media/content/wowproductimages/large/528211.jpg",
    "source_id": "Woolworths - 528211",
    "barcode": "9333328001406",
    "shop": "Woolworths",
    "weight": "100G",
    "prices": [
      {
        "state": "VIC",
        "price": "100",
        "price_per_unit": "67",
        "price_unit": "G"
      },
      {
        "state": "QLD",
        "price": "100",
        "price_per_unit": "67",
        "price_unit": "G"
      },
      {
        "state": "WA",
        "price": "100",
        "price_per_unit": "67",
        "price_unit": "G"
      },
      {
        "state": "SA",
        "price": "100",
        "price_per_unit": "67",
        "price_unit": "G"
      },
      {
        "state": "TAS",
        "price": "100",
        "price_per_unit": "67",
        "price_unit": "G"
      },
      null
    ]
  },
  {
    "source_url": "https://www.woolworths.com.au/shop/productdetails/1075807850/the-snak-yard-sweet-potato-sticks-6-x-80g",
    "name": "The Snak Yard Sweet Potato Sticks 6 x 80g",
    "image_url": "https://cdn1.woolworths.media/content/wowproductimages/large/1075807850.jpg",
    "source_id": "Woolworths - 1075807850",
    "barcode": null,
    "shop": "Woolworths",
    "weight": "1KG",
    "prices": [
      {
        "state": "NSW",
        "price": "3449",
        "price_per_unit": "7185",
        "price_unit": "KG"
      },
      {
        "state": "VIC",
        "price": "3449",
        "price_per_unit": "7185",
        "price_unit": "KG"
      },
      {
        "state": "QLD",
        "price": "3449",
        "price_per_unit": "7185",
        "price_unit": "KG"
      },
      {
        "state": "WA",
        "price": "3449",
        "price_per_unit": "7185",
        "price_unit": "KG"
      },
      {
        "state": "SA",
        "price": "3449",
        "price_per_unit": "7185",
        "price_unit": "KG"
      },
      {
        "state": "TAS",
        "price": "3449",
        "price_per_unit": "7185",
        "price_unit": "KG"
      },
      {
        "state": "NT",
        "price": "3449",
        "price_per_unit": "7185",
        "price_unit": "KG"
      }
    ]
  },
  {
    "source_url": "https://www.woolworths.com.au/shop/productdetails/866199/the-spice-tailor-indonesian-rendang-curry-kit",
    "name": "The Spice Tailor Indonesian Rendang Curry Kit 275g",
    "image_url": "https://cdn1.woolworths.media/content/wowproductimages/large/866199.jpg",
    "source_id": "Woolworths - 866199",
    "barcode": "5052675000958",
    "shop": "Woolworths",
    "weight": "100G",
    "prices": [
      {
        "state": "NSW",
        "price": "620",
        "price_per_unit": "225",
        "price_unit": "G"
      },
      {
        "state": "VIC",
        "price": "620",
        "price_per_unit": "225",
        "price_unit": "G"
      },
      {
        "state": "QLD",
        "price": "620",
        "price_per_unit": "225",
        "price_unit": "G"
      },
      {
        "state": "WA",
        "price": "620",
        "price_per_unit": "225",
        "price_unit": "G"
      },
      {
        "state": "SA",
        "price": "620",
        "price_per_unit": "225",
        "price_unit": "G"
      },
      {
        "state": "TAS",
        "price": "620",
        "price_per_unit": "225",
        "price_unit": "G"
      },
      {
        "state": "NT",
        "price": "495",
        "price_per_unit": "180",
        "price_unit": "G"
      }
    ]
  },
  {
    "source_url": "https://www.woolworths.com.au/shop/productdetails/862713/the-spice-tailor-thai-green-curry-kit",
    "name": "The Spice Tailor Thai Green Curry Kit 275g",
    "image_url": "https://cdn1.woolworths.media/content/wowproductimages/large/862713.jpg",
    "source_id": "Woolworths - 862713",
    "barcode": "5052675000989",
    "shop": "Woolworths",
    "weight": "100G",
    "prices": [
      {
        "state": "NSW",
        "price": "620",
        "price_per_unit": "225",
        "price_unit": "G"
      },
      {
        "state": "VIC",
        "price": "620",
        "price_per_unit": "225",
        "price_unit": "G"
      },
      {
        "state": "QLD",
        "price": "620",
        "price_per_unit": "225",
        "price_unit": "G"
      },
      {
        "state": "WA",
        "price": "620",
        "price_per_unit": "225",
        "price_unit": "G"
      },
      {
        "state": "SA",
        "price": "620",
        "price_per_unit": "225",
        "price_unit": "G"
      },
      {
        "state": "TAS",
        "price": "620",
        "price_per_unit": "225",
        "price_unit": "G"
      },
      {
        "state": "ACT",
        "price": "495",
        "price_per_unit": "180",
        "price_unit": "G"
      },
      {
        "state": "NT",
        "price": "495",
        "price_per_unit": "180",
        "price_unit": "G"
      }
    ]
  },
  {
    "source_url": "https://www.woolworths.com.au/shop/productdetails/3414/the-spice-tailor-thai-massaman-curry-kit",
    "name": "The Spice Tailor Thai Massaman Curry Kit 275g",
    "image_url": "https://cdn1.woolworths.media/content/wowproductimages/large/003414.jpg",
    "source_id": "Woolworths - 3414",
    "barcode": "5052675000996",
    "shop": "Woolworths",
    "weight": "100G",
    "prices": [
      {
        "state": "NSW",
        "price": "620",
        "price_per_unit": "225",
        "price_unit": "G"
      },
      {
        "state": "VIC",
        "price": "620",
        "price_per_unit": "225",
        "price_unit": "G"
      },
      {
        "state": "QLD",
        "price": "620",
        "price_per_unit": "225",
        "price_unit": "G"
      },
      {
        "state": "WA",
        "price": "620",
        "price_per_unit": "225",
        "price_unit": "G"
      },
      {
        "state": "SA",
        "price": "620",
        "price_per_unit": "225",
        "price_unit": "G"
      },
      {
        "state": "TAS",
        "price": "620",
        "price_per_unit": "225",
        "price_unit": "G"
      },
      {
        "state": "ACT",
        "price": "495",
        "price_per_unit": "180",
        "price_unit": "G"
      },
      {
        "state": "NT",
        "price": "495",
        "price_per_unit": "180",
        "price_unit": "G"
      }
    ]
  },
  {
    "source_url": "https://www.woolworths.com.au/shop/productdetails/866153/the-spice-tailor-thai-red-curry-kit",
    "name": "The Spice Tailor Thai Red Curry Kit 275g",
    "image_url": "https://cdn1.woolworths.media/content/wowproductimages/large/866153.jpg",
    "source_id": "Woolworths - 866153",
    "barcode": "5052675000972",
    "shop": "Woolworths",
    "weight": "100G",
    "prices": [
      {
        "state": "NSW",
        "price": "620",
        "price_per_unit": "225",
        "price_unit": "G"
      },
      {
        "state": "VIC",
        "price": "620",
        "price_per_unit": "225",
        "price_unit": "G"
      },
      {
        "state": "QLD",
        "price": "620",
        "price_per_unit": "225",
        "price_unit": "G"
      },
      {
        "state": "WA",
        "price": "620",
        "price_per_unit": "225",
        "price_unit": "G"
      },
      {
        "state": "SA",
        "price": "620",
        "price_per_unit": "225",
        "price_unit": "G"
      },
      {
        "state": "TAS",
        "price": "620",
        "price_per_unit": "225",
        "price_unit": "G"
      },
      {
        "state": "ACT",
        "price": "495",
        "price_per_unit": "180",
        "price_unit": "G"
      },
      {
        "state": "NT",
        "price": "495",
        "price_per_unit": "180",
        "price_unit": "G"
      }
    ]
  },
  {
    "source_url": "https://www.woolworths.com.au/shop/productdetails/1075479459/the-whole-foodies-kelp-noodles-original-340g",
    "name": "The Whole Foodies Kelp Noodles Original 340G",
    "image_url": "https://cdn1.woolworths.media/content/wowproductimages/large/1075479459.jpg",
    "source_id": "Woolworths - 1075479459",
    "barcode": null,
    "shop": "Woolworths",
    "weight": "100G",
    "prices": [
      {
        "state": "NSW",
        "price": "1495",
        "price_per_unit": "440",
        "price_unit": "G"
      },
      {
        "state": "VIC",
        "price": "1495",
        "price_per_unit": "440",
        "price_unit": "G"
      },
      {
        "state": "QLD",
        "price": "1495",
        "price_per_unit": "440",
        "price_unit": "G"
      },
      {
        "state": "WA",
        "price": "1495",
        "price_per_unit": "440",
        "price_unit": "G"
      },
      {
        "state": "SA",
        "price": "1495",
        "price_per_unit": "440",
        "price_unit": "G"
      },
      {
        "state": "TAS",
        "price": "1495",
        "price_per_unit": "440",
        "price_unit": "G"
      },
      {
        "state": "ACT",
        "price": "1495",
        "price_per_unit": "440",
        "price_unit": "G"
      },
      {
        "state": "NT",
        "price": "1495",
        "price_per_unit": "440",
        "price_unit": "G"
      }
    ]
  },
  {
    "source_url": "https://www.woolworths.com.au/shop/productdetails/1074496682/tradition-chicken-style-instant-noodle-soup-cup-65g-x-6",
    "name": "Tradition Chicken Style Instant Noodle Soup Cup 65g x 6",
    "image_url": "https://cdn1.woolworths.media/content/wowproductimages/large/1074496682.jpg",
    "source_id": "Woolworths - 1074496682",
    "barcode": null,
    "shop": "Woolworths",
    "weight": "1EA",
    "prices": [
      {
        "state": "NSW",
        "price": "4199",
        "price_per_unit": "700",
        "price_unit": "EA"
      },
      {
        "state": "VIC",
        "price": "4199",
        "price_per_unit": "700",
        "price_unit": "EA"
      },
      {
        "state": "QLD",
        "price": "4199",
        "price_per_unit": "700",
        "price_unit": "EA"
      },
      {
        "state": "WA",
        "price": "4199",
        "price_per_unit": "700",
        "price_unit": "EA"
      },
      {
        "state": "SA",
        "price": "4199",
        "price_per_unit": "700",
        "price_unit": "EA"
      },
      {
        "state": "TAS",
        "price": "4199",
        "price_per_unit": "700",
        "price_unit": "EA"
      },
      {
        "state": "ACT",
        "price": "4199",
        "price_per_unit": "700",
        "price_unit": "EA"
      },
      {
        "state": "NT",
        "price": "4199",
        "price_per_unit": "700",
        "price_unit": "EA"
      }
    ]
  },
  {
    "source_url": "https://www.woolworths.com.au/shop/productdetails/661665/ufc-banana-sauce",
    "name": "UFC Banana Sauce 550g",
    "image_url": "https://cdn1.woolworths.media/content/wowproductimages/large/661665.jpg",
    "source_id": "Woolworths - 661665",
    "barcode": "14285001010",
    "shop": "Woolworths",
    "weight": "100G",
    "prices": [
      {
        "state": "NSW",
        "price": "290",
        "price_per_unit": "53",
        "price_unit": "G"
      },
      {
        "state": "NT",
        "price": "290",
        "price_per_unit": "53",
        "price_unit": "G"
      }
    ]
  },
  {
    "source_url": "https://www.woolworths.com.au/shop/productdetails/1075531392/undivided-food-co-good-fat-jumbo-mayo-425g",
    "name": "Undivided Food Co Good Fat Jumbo Mayo 425g",
    "image_url": "https://cdn1.woolworths.media/content/wowproductimages/large/1075531392.jpg",
    "source_id": "Woolworths - 1075531392",
    "barcode": null,
    "shop": "Woolworths",
    "weight": "100G",
    "prices": [
      {
        "state": "NSW",
        "price": "2150",
        "price_per_unit": "239",
        "price_unit": "G"
      },
      {
        "state": "VIC",
        "price": "2150",
        "price_per_unit": "239",
        "price_unit": "G"
      },
      {
        "state": "QLD",
        "price": "2150",
        "price_per_unit": "239",
        "price_unit": "G"
      },
      {
        "state": "WA",
        "price": "2150",
        "price_per_unit": "239",
        "price_unit": "G"
      },
      {
        "state": "SA",
        "price": "2150",
        "price_per_unit": "239",
        "price_unit": "G"
      },
      {
        "state": "TAS",
        "price": "2150",
        "price_per_unit": "239",
        "price_unit": "G"
      },
      {
        "state": "ACT",
        "price": "2150",
        "price_per_unit": "239",
        "price_unit": "G"
      },
      {
        "state": "NT",
        "price": "2150",
        "price_per_unit": "239",
        "price_unit": "G"
      }
    ]
  },
  {
    "source_url": "https://www.woolworths.com.au/shop/productdetails/1075797839/undivided-food-co-good-sauce-satay-260g",
    "name": "Undivided Food Co GOOD Sauce Satay 260g",
    "image_url": "https://cdn1.woolworths.media/content/wowproductimages/large/1075797839.jpg",
    "source_id": "Woolworths - 1075797839",
    "barcode": null,
    "shop": "Woolworths",
    "weight": "100G",
    "prices": [
      {
        "state": "NSW",
        "price": "995",
        "price_per_unit": "369",
        "price_unit": "G"
      },
      {
        "state": "VIC",
        "price": "995",
        "price_per_unit": "369",
        "price_unit": "G"
      },
      {
        "state": "QLD",
        "price": "995",
        "price_per_unit": "369",
        "price_unit": "G"
      },
      {
        "state": "WA",
        "price": "995",
        "price_per_unit": "369",
        "price_unit": "G"
      },
      {
        "state": "SA",
        "price": "995",
        "price_per_unit": "369",
        "price_unit": "G"
      },
      {
        "state": "TAS",
        "price": "995",
        "price_per_unit": "369",
        "price_unit": "G"
      },
      {
        "state": "ACT",
        "price": "995",
        "price_per_unit": "369",
        "price_unit": "G"
      },
      {
        "state": "NT",
        "price": "995",
        "price_per_unit": "369",
        "price_unit": "G"
      }
    ]
  },
  {
    "source_url": "https://www.woolworths.com.au/shop/productdetails/829216/v-soy-milk-multi-grain",
    "name": "V-Soy Milk-Multi Grain 300ml",
    "image_url": "https://cdn1.woolworths.media/content/wowproductimages/large/829216.jpg",
    "source_id": "Woolworths - 829216",
    "barcode": "8851028001690",
    "shop": "Woolworths",
    "weight": "1L",
    "prices": [
      {
        "state": "NSW",
        "price": "165",
        "price_per_unit": "550",
        "price_unit": "L"
      },
      {
        "state": "VIC",
        "price": "165",
        "price_per_unit": "550",
        "price_unit": "L"
      },
      {
        "state": "QLD",
        "price": "165",
        "price_per_unit": "550",
        "price_unit": "L"
      },
      {
        "state": "WA",
        "price": "165",
        "price_per_unit": "550",
        "price_unit": "L"
      },
      {
        "state": "TAS",
        "price": "165",
        "price_per_unit": "550",
        "price_unit": "L"
      },
      {
        "state": "ACT",
        "price": "165",
        "price_per_unit": "550",
        "price_unit": "L"
      },
      {
        "state": "NT",
        "price": "175",
        "price_per_unit": "583",
        "price_unit": "L"
      }
    ]
  },
  {
    "source_url": "https://www.woolworths.com.au/shop/productdetails/97730/valcom-canned-bamboo-shoots-sliced",
    "name": "Valcom Canned Bamboo Shoots Sliced 225g",
    "image_url": "https://cdn1.woolworths.media/content/wowproductimages/large/097730.jpg",
    "source_id": "Woolworths - 97730",
    "barcode": "9310432180210",
    "shop": "Woolworths",
    "weight": "1KG",
    "prices": [
      {
        "state": "NSW",
        "price": "160",
        "price_per_unit": "711",
        "price_unit": "KG"
      },
      {
        "state": "VIC",
        "price": "160",
        "price_per_unit": "711",
        "price_unit": "KG"
      },
      {
        "state": "QLD",
        "price": "160",
        "price_per_unit": "711",
        "price_unit": "KG"
      },
      {
        "state": "WA",
        "price": "160",
        "price_per_unit": "711",
        "price_unit": "KG"
      },
      {
        "state": "SA",
        "price": "160",
        "price_per_unit": "711",
        "price_unit": "KG"
      },
      {
        "state": "TAS",
        "price": "160",
        "price_per_unit": "711",
        "price_unit": "KG"
      },
      {
        "state": "ACT",
        "price": "160",
        "price_per_unit": "711",
        "price_unit": "KG"
      },
      {
        "state": "NT",
        "price": "160",
        "price_per_unit": "711",
        "price_unit": "KG"
      }
    ]
  },
  {
    "source_url": "https://www.woolworths.com.au/shop/productdetails/38882/valcom-canned-chestnuts-water-sliced",
    "name": "Valcom Canned Chestnuts Water Sliced 227g",
    "image_url": "https://cdn1.woolworths.media/content/wowproductimages/large/038882.jpg",
    "source_id": "Woolworths - 38882",
    "barcode": "9310432180043",
    "shop": "Woolworths",
    "weight": "100G",
    "prices": [
      {
        "state": "NSW",
        "price": "160",
        "price_per_unit": "70",
        "price_unit": "G"
      },
      {
        "state": "VIC",
        "price": "160",
        "price_per_unit": "70",
        "price_unit": "G"
      },
      {
        "state": "QLD",
        "price": "160",
        "price_per_unit": "70",
        "price_unit": "G"
      },
      {
        "state": "WA",
        "price": "160",
        "price_per_unit": "70",
        "price_unit": "G"
      },
      {
        "state": "SA",
        "price": "160",
        "price_per_unit": "70",
        "price_unit": "G"
      },
      {
        "state": "TAS",
        "price": "160",
        "price_per_unit": "70",
        "price_unit": "G"
      },
      {
        "state": "ACT",
        "price": "160",
        "price_per_unit": "70",
        "price_unit": "G"
      },
      {
        "state": "NT",
        "price": "160",
        "price_per_unit": "70",
        "price_unit": "G"
      }
    ]
  },
  {
    "source_url": "https://www.woolworths.com.au/shop/productdetails/250298/valcom-paste-laksa",
    "name": "Valcom Paste Laksa 230g",
    "image_url": "https://cdn1.woolworths.media/content/wowproductimages/large/250298.jpg",
    "source_id": "Woolworths - 250298",
    "barcode": "9310432180517",
    "shop": "Woolworths",
    "weight": "100G",
    "prices": [
      {
        "state": "NSW",
        "price": "430",
        "price_per_unit": "187",
        "price_unit": "G"
      },
      {
        "state": "VIC",
        "price": "430",
        "price_per_unit": "187",
        "price_unit": "G"
      },
      {
        "state": "QLD",
        "price": "430",
        "price_per_unit": "187",
        "price_unit": "G"
      },
      {
        "state": "WA",
        "price": "430",
        "price_per_unit": "187",
        "price_unit": "G"
      },
      {
        "state": "SA",
        "price": "430",
        "price_per_unit": "187",
        "price_unit": "G"
      },
      {
        "state": "TAS",
        "price": "430",
        "price_per_unit": "187",
        "price_unit": "G"
      },
      {
        "state": "ACT",
        "price": "430",
        "price_per_unit": "187",
        "price_unit": "G"
      },
      {
        "state": "NT",
        "price": "450",
        "price_per_unit": "196",
        "price_unit": "G"
      }
    ]
  },
  {
    "source_url": "https://www.woolworths.com.au/shop/productdetails/82128/valcom-paste-massaman-curry",
    "name": "Valcom Paste Massaman Curry 210g",
    "image_url": "https://cdn1.woolworths.media/content/wowproductimages/large/082128.jpg",
    "source_id": "Woolworths - 82128",
    "barcode": "9310432180715",
    "shop": "Woolworths",
    "weight": "100G",
    "prices": [
      {
        "state": "NSW",
        "price": "430",
        "price_per_unit": "205",
        "price_unit": "G"
      },
      {
        "state": "VIC",
        "price": "430",
        "price_per_unit": "205",
        "price_unit": "G"
      },
      {
        "state": "QLD",
        "price": "430",
        "price_per_unit": "205",
        "price_unit": "G"
      },
      {
        "state": "WA",
        "price": "430",
        "price_per_unit": "205",
        "price_unit": "G"
      },
      {
        "state": "SA",
        "price": "430",
        "price_per_unit": "205",
        "price_unit": "G"
      },
      {
        "state": "TAS",
        "price": "430",
        "price_per_unit": "205",
        "price_unit": "G"
      },
      {
        "state": "ACT",
        "price": "430",
        "price_per_unit": "205",
        "price_unit": "G"
      },
      {
        "state": "NT",
        "price": "450",
        "price_per_unit": "214",
        "price_unit": "G"
      }
    ]
  },
  {
    "source_url": "https://www.woolworths.com.au/shop/productdetails/250299/valcom-paste-pad-thai",
    "name": "Valcom Paste Pad Thai 240g",
    "image_url": "https://cdn1.woolworths.media/content/wowproductimages/large/250299.jpg",
    "source_id": "Woolworths - 250299",
    "barcode": "9310432180418",
    "shop": "Woolworths",
    "weight": "100G",
    "prices": [
      {
        "state": "NSW",
        "price": "430",
        "price_per_unit": "179",
        "price_unit": "G"
      },
      {
        "state": "VIC",
        "price": "430",
        "price_per_unit": "179",
        "price_unit": "G"
      },
      {
        "state": "QLD",
        "price": "430",
        "price_per_unit": "179",
        "price_unit": "G"
      },
      {
        "state": "WA",
        "price": "430",
        "price_per_unit": "179",
        "price_unit": "G"
      },
      {
        "state": "SA",
        "price": "430",
        "price_per_unit": "179",
        "price_unit": "G"
      },
      {
        "state": "TAS",
        "price": "430",
        "price_per_unit": "179",
        "price_unit": "G"
      },
      {
        "state": "ACT",
        "price": "430",
        "price_per_unit": "179",
        "price_unit": "G"
      },
      {
        "state": "NT",
        "price": "450",
        "price_per_unit": "188",
        "price_unit": "G"
      }
    ]
  },
  {
    "source_url": "https://www.woolworths.com.au/shop/productdetails/82125/valcom-paste-thai-green-curry",
    "name": "Valcom Paste Thai Green Curry 210g",
    "image_url": "https://cdn1.woolworths.media/content/wowproductimages/large/082125.jpg",
    "source_id": "Woolworths - 82125",
    "barcode": "9310432180692",
    "shop": "Woolworths",
    "weight": "100G",
    "prices": [
      {
        "state": "NSW",
        "price": "430",
        "price_per_unit": "205",
        "price_unit": "G"
      },
      {
        "state": "VIC",
        "price": "430",
        "price_per_unit": "205",
        "price_unit": "G"
      },
      {
        "state": "QLD",
        "price": "430",
        "price_per_unit": "205",
        "price_unit": "G"
      },
      {
        "state": "WA",
        "price": "430",
        "price_per_unit": "205",
        "price_unit": "G"
      },
      {
        "state": "SA",
        "price": "430",
        "price_per_unit": "205",
        "price_unit": "G"
      },
      {
        "state": "TAS",
        "price": "430",
        "price_per_unit": "205",
        "price_unit": "G"
      },
      {
        "state": "ACT",
        "price": "430",
        "price_per_unit": "205",
        "price_unit": "G"
      },
      {
        "state": "NT",
        "price": "450",
        "price_per_unit": "214",
        "price_unit": "G"
      }
    ]
  },
  {
    "source_url": "https://www.woolworths.com.au/shop/productdetails/82127/valcom-paste-thai-panaeng-curry",
    "name": "Valcom Paste Thai Panaeng Curry 210g",
    "image_url": "https://cdn1.woolworths.media/content/wowproductimages/large/082127.jpg",
    "source_id": "Woolworths - 82127",
    "barcode": "9310432180708",
    "shop": "Woolworths",
    "weight": "100G",
    "prices": [
      {
        "state": "NSW",
        "price": "430",
        "price_per_unit": "205",
        "price_unit": "G"
      },
      {
        "state": "VIC",
        "price": "430",
        "price_per_unit": "205",
        "price_unit": "G"
      },
      {
        "state": "QLD",
        "price": "430",
        "price_per_unit": "205",
        "price_unit": "G"
      },
      {
        "state": "WA",
        "price": "430",
        "price_per_unit": "205",
        "price_unit": "G"
      },
      {
        "state": "SA",
        "price": "430",
        "price_per_unit": "205",
        "price_unit": "G"
      },
      {
        "state": "TAS",
        "price": "430",
        "price_per_unit": "205",
        "price_unit": "G"
      },
      {
        "state": "ACT",
        "price": "430",
        "price_per_unit": "205",
        "price_unit": "G"
      },
      {
        "state": "NT",
        "price": "450",
        "price_per_unit": "214",
        "price_unit": "G"
      }
    ]
  },
  {
    "source_url": "https://www.woolworths.com.au/shop/productdetails/82126/valcom-paste-thai-red-curry",
    "name": "Valcom Paste Thai Red Curry 210g",
    "image_url": "https://cdn1.woolworths.media/content/wowproductimages/large/082126.jpg",
    "source_id": "Woolworths - 82126",
    "barcode": "9310432180685",
    "shop": "Woolworths",
    "weight": "100G",
    "prices": [
      {
        "state": "NSW",
        "price": "430",
        "price_per_unit": "205",
        "price_unit": "G"
      },
      {
        "state": "VIC",
        "price": "430",
        "price_per_unit": "205",
        "price_unit": "G"
      },
      {
        "state": "QLD",
        "price": "430",
        "price_per_unit": "205",
        "price_unit": "G"
      },
      {
        "state": "WA",
        "price": "430",
        "price_per_unit": "205",
        "price_unit": "G"
      },
      {
        "state": "SA",
        "price": "430",
        "price_per_unit": "205",
        "price_unit": "G"
      },
      {
        "state": "TAS",
        "price": "430",
        "price_per_unit": "205",
        "price_unit": "G"
      },
      {
        "state": "ACT",
        "price": "430",
        "price_per_unit": "205",
        "price_unit": "G"
      },
      {
        "state": "NT",
        "price": "450",
        "price_per_unit": "214",
        "price_unit": "G"
      }
    ]
  },
  {
    "source_url": "https://www.woolworths.com.au/shop/productdetails/82129/valcom-paste-tom-yum",
    "name": "Valcom Paste Tom Yum 210g",
    "image_url": "https://cdn1.woolworths.media/content/wowproductimages/large/082129.jpg",
    "source_id": "Woolworths - 82129",
    "barcode": "9310432180722",
    "shop": "Woolworths",
    "weight": "100G",
    "prices": [
      {
        "state": "NSW",
        "price": "430",
        "price_per_unit": "205",
        "price_unit": "G"
      },
      {
        "state": "VIC",
        "price": "430",
        "price_per_unit": "205",
        "price_unit": "G"
      },
      {
        "state": "QLD",
        "price": "430",
        "price_per_unit": "205",
        "price_unit": "G"
      },
      {
        "state": "WA",
        "price": "430",
        "price_per_unit": "205",
        "price_unit": "G"
      },
      {
        "state": "SA",
        "price": "430",
        "price_per_unit": "205",
        "price_unit": "G"
      },
      {
        "state": "TAS",
        "price": "430",
        "price_per_unit": "205",
        "price_unit": "G"
      },
      {
        "state": "ACT",
        "price": "430",
        "price_per_unit": "205",
        "price_unit": "G"
      },
      {
        "state": "NT",
        "price": "450",
        "price_per_unit": "214",
        "price_unit": "G"
      }
    ]
  },
  {
    "source_url": "https://www.woolworths.com.au/shop/productdetails/307724/valcom-paste-yellow-curry",
    "name": "Valcom Paste Yellow Curry 230g",
    "image_url": "https://cdn1.woolworths.media/content/wowproductimages/large/307724.jpg",
    "source_id": "Woolworths - 307724",
    "barcode": "9310432002109",
    "shop": "Woolworths",
    "weight": "100G",
    "prices": [
      {
        "state": "NSW",
        "price": "430",
        "price_per_unit": "187",
        "price_unit": "G"
      },
      {
        "state": "VIC",
        "price": "430",
        "price_per_unit": "187",
        "price_unit": "G"
      },
      {
        "state": "QLD",
        "price": "430",
        "price_per_unit": "187",
        "price_unit": "G"
      },
      {
        "state": "WA",
        "price": "430",
        "price_per_unit": "187",
        "price_unit": "G"
      },
      {
        "state": "SA",
        "price": "430",
        "price_per_unit": "187",
        "price_unit": "G"
      },
      {
        "state": "TAS",
        "price": "430",
        "price_per_unit": "187",
        "price_unit": "G"
      },
      {
        "state": "ACT",
        "price": "430",
        "price_per_unit": "187",
        "price_unit": "G"
      },
      {
        "state": "NT",
        "price": "450",
        "price_per_unit": "196",
        "price_unit": "G"
      }
    ]
  },
  {
    "source_url": "https://www.woolworths.com.au/shop/productdetails/539917/valcom-premium-coconut-milk",
    "name": "Valcom Premium Coconut Milk 1L",
    "image_url": "https://cdn1.woolworths.media/content/wowproductimages/large/539917.jpg",
    "source_id": "Woolworths - 539917",
    "barcode": "9310432007456",
    "shop": "Woolworths",
    "weight": "100ML",
    "prices": [
      {
        "state": "NSW",
        "price": "350",
        "price_per_unit": "35",
        "price_unit": "ML"
      },
      {
        "state": "VIC",
        "price": "350",
        "price_per_unit": "35",
        "price_unit": "ML"
      },
      {
        "state": "QLD",
        "price": "350",
        "price_per_unit": "35",
        "price_unit": "ML"
      },
      {
        "state": "WA",
        "price": "350",
        "price_per_unit": "35",
        "price_unit": "ML"
      },
      {
        "state": "SA",
        "price": "350",
        "price_per_unit": "35",
        "price_unit": "ML"
      },
      {
        "state": "TAS",
        "price": "350",
        "price_per_unit": "35",
        "price_unit": "ML"
      },
      {
        "state": "ACT",
        "price": "350",
        "price_per_unit": "35",
        "price_unit": "ML"
      },
      {
        "state": "NT",
        "price": "350",
        "price_per_unit": "35",
        "price_unit": "ML"
      }
    ]
  },
  {
    "source_url": "https://www.woolworths.com.au/shop/productdetails/360270/valcom-stir-fry-sauce-thai-basil-chilli",
    "name": "Valcom Stir Fry Sauce Thai Basil Chilli 100g",
    "image_url": "https://cdn1.woolworths.media/content/wowproductimages/large/360270.jpg",
    "source_id": "Woolworths - 360270",
    "barcode": "9310432005711",
    "shop": "Woolworths",
    "weight": "100G",
    "prices": [
      {
        "state": "NSW",
        "price": "130",
        "price_per_unit": "130",
        "price_unit": "G"
      },
      {
        "state": "VIC",
        "price": "130",
        "price_per_unit": "130",
        "price_unit": "G"
      },
      {
        "state": "QLD",
        "price": "130",
        "price_per_unit": "130",
        "price_unit": "G"
      },
      {
        "state": "WA",
        "price": "130",
        "price_per_unit": "130",
        "price_unit": "G"
      },
      {
        "state": "SA",
        "price": "130",
        "price_per_unit": "130",
        "price_unit": "G"
      },
      {
        "state": "TAS",
        "price": "260",
        "price_per_unit": "260",
        "price_unit": "G"
      },
      {
        "state": "ACT",
        "price": "260",
        "price_per_unit": "260",
        "price_unit": "G"
      },
      {
        "state": "NT",
        "price": "260",
        "price_per_unit": "260",
        "price_unit": "G"
      }
    ]
  },
  {
    "source_url": "https://www.woolworths.com.au/shop/productdetails/348554/valcom-thai-basil-fried-rice-stir-fry-sauce",
    "name": "Valcom Thai Basil Fried Rice Stir Fry Sauce 100g",
    "image_url": "https://cdn1.woolworths.media/content/wowproductimages/large/348554.jpg",
    "source_id": "Woolworths - 348554",
    "barcode": "9310432005728",
    "shop": "Woolworths",
    "weight": "100G",
    "prices": [
      {
        "state": "NSW",
        "price": "130",
        "price_per_unit": "130",
        "price_unit": "G"
      },
      {
        "state": "VIC",
        "price": "130",
        "price_per_unit": "130",
        "price_unit": "G"
      },
      {
        "state": "QLD",
        "price": "130",
        "price_per_unit": "130",
        "price_unit": "G"
      },
      {
        "state": "WA",
        "price": "130",
        "price_per_unit": "130",
        "price_unit": "G"
      },
      {
        "state": "SA",
        "price": "130",
        "price_per_unit": "130",
        "price_unit": "G"
      },
      {
        "state": "TAS",
        "price": "260",
        "price_per_unit": "260",
        "price_unit": "G"
      },
      {
        "state": "ACT",
        "price": "260",
        "price_per_unit": "260",
        "price_unit": "G"
      },
      {
        "state": "NT",
        "price": "260",
        "price_per_unit": "260",
        "price_unit": "G"
      }
    ]
  },
  {
    "source_url": "https://www.woolworths.com.au/shop/productdetails/347350/valcom-thai-curry-noodles-paste",
    "name": "Valcom Thai Curry Noodles Paste 210g",
    "image_url": "https://cdn1.woolworths.media/content/wowproductimages/large/347350.jpg",
    "source_id": "Woolworths - 347350",
    "barcode": "9310432006251",
    "shop": "Woolworths",
    "weight": "100G",
    "prices": [
      {
        "state": "NSW",
        "price": "430",
        "price_per_unit": "205",
        "price_unit": "G"
      },
      {
        "state": "VIC",
        "price": "430",
        "price_per_unit": "205",
        "price_unit": "G"
      },
      {
        "state": "QLD",
        "price": "430",
        "price_per_unit": "205",
        "price_unit": "G"
      },
      {
        "state": "WA",
        "price": "430",
        "price_per_unit": "205",
        "price_unit": "G"
      },
      {
        "state": "SA",
        "price": "430",
        "price_per_unit": "205",
        "price_unit": "G"
      },
      {
        "state": "TAS",
        "price": "430",
        "price_per_unit": "205",
        "price_unit": "G"
      },
      {
        "state": "ACT",
        "price": "430",
        "price_per_unit": "205",
        "price_unit": "G"
      },
      {
        "state": "NT",
        "price": "450",
        "price_per_unit": "214",
        "price_unit": "G"
      }
    ]
  },
  {
    "source_url": "https://www.woolworths.com.au/shop/productdetails/829194/vamino-soy-milk",
    "name": "Vamino Soy Milk 300ml",
    "image_url": "https://cdn1.woolworths.media/content/wowproductimages/large/829194.jpg",
    "source_id": "Woolworths - 829194",
    "barcode": "8851028000945",
    "shop": "Woolworths",
    "weight": "1L",
    "prices": [
      {
        "state": "NSW",
        "price": "140",
        "price_per_unit": "467",
        "price_unit": "L"
      },
      {
        "state": "VIC",
        "price": "140",
        "price_per_unit": "467",
        "price_unit": "L"
      },
      {
        "state": "QLD",
        "price": "140",
        "price_per_unit": "467",
        "price_unit": "L"
      },
      {
        "state": "WA",
        "price": "140",
        "price_per_unit": "467",
        "price_unit": "L"
      },
      {
        "state": "SA",
        "price": "140",
        "price_per_unit": "467",
        "price_unit": "L"
      },
      {
        "state": "TAS",
        "price": "170",
        "price_per_unit": "567",
        "price_unit": "L"
      },
      {
        "state": "ACT",
        "price": "170",
        "price_per_unit": "567",
        "price_unit": "L"
      },
      {
        "state": "NT",
        "price": "180",
        "price_per_unit": "600",
        "price_unit": "L"
      }
    ]
  },
  {
    "source_url": "https://www.woolworths.com.au/shop/productdetails/133309/vita-ceylon-lemon-tea",
    "name": "Vita Ceylon Lemon Tea 500ml",
    "image_url": "https://cdn1.woolworths.media/content/wowproductimages/large/133309.jpg",
    "source_id": "Woolworths - 133309",
    "barcode": "4891028706816",
    "shop": "Woolworths",
    "weight": "1L",
    "prices": [
      {
        "state": "NSW",
        "price": "350",
        "price_per_unit": "700",
        "price_unit": "L"
      }
    ]
  },
  {
    "source_url": "https://www.woolworths.com.au/shop/productdetails/133502/vita-japanese-peach-tea",
    "name": "Vita Japanese Peach Tea 500ml",
    "image_url": "https://cdn1.woolworths.media/content/wowproductimages/large/133502.jpg",
    "source_id": "Woolworths - 133502",
    "barcode": "4891028709190",
    "shop": "Woolworths",
    "weight": "1L",
    "prices": [
      {
        "state": "NSW",
        "price": "350",
        "price_per_unit": "700",
        "price_unit": "L"
      }
    ]
  },
  {
    "source_url": "https://www.woolworths.com.au/shop/productdetails/67238/vitamilk-soy-thai-tea",
    "name": "Vitamilk Soy Thai Tea 300ml",
    "image_url": "https://cdn1.woolworths.media/content/wowproductimages/large/067238.jpg",
    "source_id": "Woolworths - 67238",
    "barcode": "8851028003137",
    "shop": "Woolworths",
    "weight": "1L",
    "prices": [
      {
        "state": "NSW",
        "price": "195",
        "price_per_unit": "650",
        "price_unit": "L"
      },
      {
        "state": "VIC",
        "price": "195",
        "price_per_unit": "650",
        "price_unit": "L"
      },
      {
        "state": "QLD",
        "price": "195",
        "price_per_unit": "650",
        "price_unit": "L"
      },
      {
        "state": "WA",
        "price": "195",
        "price_per_unit": "650",
        "price_unit": "L"
      },
      {
        "state": "SA",
        "price": "195",
        "price_per_unit": "650",
        "price_unit": "L"
      },
      {
        "state": "TAS",
        "price": "175",
        "price_per_unit": "583",
        "price_unit": "L"
      },
      {
        "state": "ACT",
        "price": "195",
        "price_per_unit": "650",
        "price_unit": "L"
      },
      {
        "state": "NT",
        "price": "205",
        "price_per_unit": "683",
        "price_unit": "L"
      }
    ]
  },
  {
    "source_url": "https://www.woolworths.com.au/shop/productdetails/745435/wai-wai-bihoon-rice-vermicelli",
    "name": "Wai Wai Bihoon Rice Vermicelli 10x50g",
    "image_url": "https://cdn1.woolworths.media/content/wowproductimages/large/745435.jpg",
    "source_id": "Woolworths - 745435",
    "barcode": "8850100004888",
    "shop": "Woolworths",
    "weight": "100G",
    "prices": [
      {
        "state": "NSW",
        "price": "380",
        "price_per_unit": "76",
        "price_unit": "G"
      },
      {
        "state": "VIC",
        "price": "380",
        "price_per_unit": "76",
        "price_unit": "G"
      },
      {
        "state": "QLD",
        "price": "380",
        "price_per_unit": "76",
        "price_unit": "G"
      },
      {
        "state": "WA",
        "price": "380",
        "price_per_unit": "76",
        "price_unit": "G"
      },
      {
        "state": "TAS",
        "price": "380",
        "price_per_unit": "76",
        "price_unit": "G"
      },
      {
        "state": "ACT",
        "price": "380",
        "price_per_unit": "76",
        "price_unit": "G"
      },
      {
        "state": "NT",
        "price": "380",
        "price_per_unit": "76",
        "price_unit": "G"
      }
    ]
  },
  {
    "source_url": "https://www.woolworths.com.au/shop/productdetails/295163/wai-wai-noodles-instant-tom-yum-shrimp",
    "name": "Wai Wai Noodles Instant Tom Yum Shrimp 60g",
    "image_url": "https://cdn1.woolworths.media/content/wowproductimages/large/295163.jpg",
    "source_id": "Woolworths - 295163",
    "barcode": "8850100002495",
    "shop": "Woolworths",
    "weight": "100G",
    "prices": [
      {
        "state": "NSW",
        "price": "85",
        "price_per_unit": "142",
        "price_unit": "G"
      },
      {
        "state": "VIC",
        "price": "85",
        "price_per_unit": "142",
        "price_unit": "G"
      },
      {
        "state": "QLD",
        "price": "85",
        "price_per_unit": "142",
        "price_unit": "G"
      },
      {
        "state": "WA",
        "price": "85",
        "price_per_unit": "142",
        "price_unit": "G"
      },
      {
        "state": "TAS",
        "price": "85",
        "price_per_unit": "142",
        "price_unit": "G"
      },
      {
        "state": "ACT",
        "price": "85",
        "price_per_unit": "142",
        "price_unit": "G"
      },
      {
        "state": "NT",
        "price": "90",
        "price_per_unit": "150",
        "price_unit": "G"
      }
    ]
  },
  {
    "source_url": "https://www.woolworths.com.au/shop/productdetails/53389/wai-wai-noodles-rice-vermicelli-instant",
    "name": "Wai Wai Noodles Rice Vermicelli Instant 55g",
    "image_url": "https://cdn1.woolworths.media/content/wowproductimages/large/053389.jpg",
    "source_id": "Woolworths - 53389",
    "barcode": "8850100205032",
    "shop": "Woolworths",
    "weight": "100G",
    "prices": [
      {
        "state": "NSW",
        "price": "85",
        "price_per_unit": "155",
        "price_unit": "G"
      },
      {
        "state": "VIC",
        "price": "85",
        "price_per_unit": "155",
        "price_unit": "G"
      },
      {
        "state": "QLD",
        "price": "85",
        "price_per_unit": "155",
        "price_unit": "G"
      },
      {
        "state": "WA",
        "price": "85",
        "price_per_unit": "155",
        "price_unit": "G"
      },
      {
        "state": "TAS",
        "price": "85",
        "price_per_unit": "155",
        "price_unit": "G"
      },
      {
        "state": "ACT",
        "price": "85",
        "price_per_unit": "155",
        "price_unit": "G"
      },
      {
        "state": "NT",
        "price": "90",
        "price_per_unit": "164",
        "price_unit": "G"
      }
    ]
  },
  {
    "source_url": "https://www.woolworths.com.au/shop/productdetails/45955/wai-wai-oriental-instant-noodles",
    "name": "Wai Wai Oriental Instant Noodles 60g",
    "image_url": "https://cdn1.woolworths.media/content/wowproductimages/large/045955.jpg",
    "source_id": "Woolworths - 45955",
    "barcode": "9316397006121",
    "shop": "Woolworths",
    "weight": "100G",
    "prices": [
      {
        "state": "NSW",
        "price": "85",
        "price_per_unit": "142",
        "price_unit": "G"
      },
      {
        "state": "VIC",
        "price": "85",
        "price_per_unit": "142",
        "price_unit": "G"
      },
      {
        "state": "QLD",
        "price": "85",
        "price_per_unit": "142",
        "price_unit": "G"
      },
      {
        "state": "WA",
        "price": "85",
        "price_per_unit": "142",
        "price_unit": "G"
      },
      {
        "state": "TAS",
        "price": "85",
        "price_per_unit": "142",
        "price_unit": "G"
      },
      {
        "state": "ACT",
        "price": "85",
        "price_per_unit": "142",
        "price_unit": "G"
      },
      {
        "state": "NT",
        "price": "90",
        "price_per_unit": "150",
        "price_unit": "G"
      }
    ]
  },
  {
    "source_url": "https://www.woolworths.com.au/shop/productdetails/53333/wai-wai-rice-vermicelli",
    "name": "Wai Wai Rice Vermicelli 200g",
    "image_url": "https://cdn1.woolworths.media/content/wowproductimages/large/053333.jpg",
    "source_id": "Woolworths - 53333",
    "barcode": "8850100206022",
    "shop": "Woolworths",
    "weight": "100G",
    "prices": [
      {
        "state": "NSW",
        "price": "225",
        "price_per_unit": "113",
        "price_unit": "G"
      },
      {
        "state": "VIC",
        "price": "225",
        "price_per_unit": "113",
        "price_unit": "G"
      },
      {
        "state": "QLD",
        "price": "225",
        "price_per_unit": "113",
        "price_unit": "G"
      },
      {
        "state": "WA",
        "price": "225",
        "price_per_unit": "113",
        "price_unit": "G"
      },
      {
        "state": "TAS",
        "price": "225",
        "price_per_unit": "113",
        "price_unit": "G"
      },
      {
        "state": "ACT",
        "price": "225",
        "price_per_unit": "113",
        "price_unit": "G"
      },
      {
        "state": "NT",
        "price": "225",
        "price_per_unit": "113",
        "price_unit": "G"
      }
    ]
  },
  {
    "source_url": "https://www.woolworths.com.au/shop/productdetails/121315/want-want-ice-cream-bars-milk-flavour",
    "name": "Want Want Ice Cream Bars Milk Flavour 500g",
    "image_url": "https://cdn1.woolworths.media/content/wowproductimages/large/121315.jpg",
    "source_id": "Woolworths - 121315",
    "barcode": "6931958028461",
    "shop": "Woolworths",
    "weight": "100G",
    "prices": [
      {
        "state": "NSW",
        "price": "800",
        "price_per_unit": "160",
        "price_unit": "G"
      },
      {
        "state": "VIC",
        "price": "800",
        "price_per_unit": "160",
        "price_unit": "G"
      },
      {
        "state": "QLD",
        "price": "800",
        "price_per_unit": "160",
        "price_unit": "G"
      },
      {
        "state": "WA",
        "price": "800",
        "price_per_unit": "160",
        "price_unit": "G"
      },
      {
        "state": "TAS",
        "price": "800",
        "price_per_unit": "160",
        "price_unit": "G"
      },
      {
        "state": "ACT",
        "price": "800",
        "price_per_unit": "160",
        "price_unit": "G"
      },
      {
        "state": "NT",
        "price": "840",
        "price_per_unit": "168",
        "price_unit": "G"
      }
    ]
  },
  {
    "source_url": "https://www.woolworths.com.au/shop/productdetails/385678/want-want-lunar-new-year-gift-pack",
    "name": "Want Want Lunar New Year Gift Pack 500g",
    "image_url": "https://cdn1.woolworths.media/content/wowproductimages/large/385678.jpg",
    "source_id": "Woolworths - 385678",
    "barcode": "686352605737",
    "shop": "Woolworths",
    "weight": "100G",
    "prices": []
  },
  {
    "source_url": "https://www.woolworths.com.au/shop/productdetails/182663/want-want-rice-shelly-senbei",
    "name": "Want Want Rice Shelly Senbei 400g",
    "image_url": "https://cdn1.woolworths.media/content/wowproductimages/large/182663.jpg",
    "source_id": "Woolworths - 182663",
    "barcode": "686352603665",
    "shop": "Woolworths",
    "weight": "100G",
    "prices": [
      null,
      null
    ]
  },
  {
    "source_url": "https://www.woolworths.com.au/shop/productdetails/182664/want-want-senbei-rice-crackers",
    "name": "Want Want Senbei Rice Crackers 400g",
    "image_url": "https://cdn1.woolworths.media/content/wowproductimages/large/182664.jpg",
    "source_id": "Woolworths - 182664",
    "barcode": "686352603672",
    "shop": "Woolworths",
    "weight": "100G",
    "prices": [
      null,
      null
    ]
  },
  {
    "source_url": "https://www.woolworths.com.au/shop/productdetails/153757/wokka-noodles-golden-hokkien-shelf-fresh",
    "name": "Wokka Noodles Golden Hokkien Shelf Fresh 440g",
    "image_url": "https://cdn1.woolworths.media/content/wowproductimages/large/153757.jpg",
    "source_id": "Woolworths - 153757",
    "barcode": "9322586000252",
    "shop": "Woolworths",
    "weight": "100G",
    "prices": [
      {
        "state": "NSW",
        "price": "300",
        "price_per_unit": "68",
        "price_unit": "G"
      },
      {
        "state": "VIC",
        "price": "300",
        "price_per_unit": "68",
        "price_unit": "G"
      },
      {
        "state": "QLD",
        "price": "300",
        "price_per_unit": "68",
        "price_unit": "G"
      },
      {
        "state": "WA",
        "price": "300",
        "price_per_unit": "68",
        "price_unit": "G"
      },
      {
        "state": "TAS",
        "price": "300",
        "price_per_unit": "68",
        "price_unit": "G"
      },
      {
        "state": "ACT",
        "price": "300",
        "price_per_unit": "68",
        "price_unit": "G"
      },
      {
        "state": "NT",
        "price": "300",
        "price_per_unit": "68",
        "price_unit": "G"
      }
    ]
  },
  {
    "source_url": "https://www.woolworths.com.au/shop/productdetails/196948/wokka-noodles-singapore-style-shelf-fresh",
    "name": "Wokka Noodles Singapore Style Shelf Fresh 440g",
    "image_url": "https://cdn1.woolworths.media/content/wowproductimages/large/196948.jpg",
    "source_id": "Woolworths - 196948",
    "barcode": "9322586000689",
    "shop": "Woolworths",
    "weight": "100G",
    "prices": [
      {
        "state": "NSW",
        "price": "300",
        "price_per_unit": "68",
        "price_unit": "G"
      },
      {
        "state": "VIC",
        "price": "300",
        "price_per_unit": "68",
        "price_unit": "G"
      },
      {
        "state": "QLD",
        "price": "300",
        "price_per_unit": "68",
        "price_unit": "G"
      },
      {
        "state": "WA",
        "price": "300",
        "price_per_unit": "68",
        "price_unit": "G"
      },
      {
        "state": "TAS",
        "price": "300",
        "price_per_unit": "68",
        "price_unit": "G"
      },
      {
        "state": "ACT",
        "price": "300",
        "price_per_unit": "68",
        "price_unit": "G"
      },
      {
        "state": "NT",
        "price": "300",
        "price_per_unit": "68",
        "price_unit": "G"
      }
    ]
  },
  {
    "source_url": "https://www.woolworths.com.au/shop/productdetails/116839/wokka-noodles-thin-egg-style-stir-fry",
    "name": "Wokka Noodles Thin Egg Style Stir Fry 440g",
    "image_url": "https://cdn1.woolworths.media/content/wowproductimages/large/116839.jpg",
    "source_id": "Woolworths - 116839",
    "barcode": "9322586000306",
    "shop": "Woolworths",
    "weight": "100G",
    "prices": [
      {
        "state": "NSW",
        "price": "300",
        "price_per_unit": "68",
        "price_unit": "G"
      },
      {
        "state": "VIC",
        "price": "300",
        "price_per_unit": "68",
        "price_unit": "G"
      },
      {
        "state": "QLD",
        "price": "300",
        "price_per_unit": "68",
        "price_unit": "G"
      },
      {
        "state": "WA",
        "price": "300",
        "price_per_unit": "68",
        "price_unit": "G"
      },
      {
        "state": "TAS",
        "price": "300",
        "price_per_unit": "68",
        "price_unit": "G"
      },
      {
        "state": "ACT",
        "price": "300",
        "price_per_unit": "68",
        "price_unit": "G"
      },
      {
        "state": "NT",
        "price": "300",
        "price_per_unit": "68",
        "price_unit": "G"
      }
    ]
  },
  {
    "source_url": "https://www.woolworths.com.au/shop/productdetails/788315/wokka-noodles-wholegrain",
    "name": "Wokka Noodles Wholegrain 400g",
    "image_url": "https://cdn1.woolworths.media/content/wowproductimages/large/788315.jpg",
    "source_id": "Woolworths - 788315",
    "barcode": "9310560017860",
    "shop": "Woolworths",
    "weight": "100G",
    "prices": [
      {
        "state": "NSW",
        "price": "300",
        "price_per_unit": "75",
        "price_unit": "G"
      },
      {
        "state": "VIC",
        "price": "300",
        "price_per_unit": "75",
        "price_unit": "G"
      },
      {
        "state": "QLD",
        "price": "300",
        "price_per_unit": "75",
        "price_unit": "G"
      },
      {
        "state": "WA",
        "price": "300",
        "price_per_unit": "75",
        "price_unit": "G"
      },
      {
        "state": "TAS",
        "price": "300",
        "price_per_unit": "75",
        "price_unit": "G"
      },
      {
        "state": "ACT",
        "price": "300",
        "price_per_unit": "75",
        "price_unit": "G"
      },
      {
        "state": "NT",
        "price": "300",
        "price_per_unit": "75",
        "price_unit": "G"
      }
    ]
  },
  {
    "source_url": "https://www.woolworths.com.au/shop/productdetails/479870/wokka-ramen-noodles",
    "name": "Wokka Ramen Noodles 400g",
    "image_url": "https://cdn1.woolworths.media/content/wowproductimages/large/479870.jpg",
    "source_id": "Woolworths - 479870",
    "barcode": "9310560019307",
    "shop": "Woolworths",
    "weight": "100G",
    "prices": [
      {
        "state": "NSW",
        "price": "300",
        "price_per_unit": "75",
        "price_unit": "G"
      },
      {
        "state": "VIC",
        "price": "300",
        "price_per_unit": "75",
        "price_unit": "G"
      },
      {
        "state": "QLD",
        "price": "300",
        "price_per_unit": "75",
        "price_unit": "G"
      },
      {
        "state": "WA",
        "price": "300",
        "price_per_unit": "75",
        "price_unit": "G"
      },
      {
        "state": "TAS",
        "price": "300",
        "price_per_unit": "75",
        "price_unit": "G"
      },
      {
        "state": "ACT",
        "price": "300",
        "price_per_unit": "75",
        "price_unit": "G"
      },
      {
        "state": "NT",
        "price": "300",
        "price_per_unit": "75",
        "price_unit": "G"
      }
    ]
  },
  {
    "source_url": "https://www.woolworths.com.au/shop/productdetails/20439/wokka-rice-noodles",
    "name": "Wokka Rice Noodles 440g",
    "image_url": "https://cdn1.woolworths.media/content/wowproductimages/large/020439.jpg",
    "source_id": "Woolworths - 20439",
    "barcode": "9310560022376",
    "shop": "Woolworths",
    "weight": "100G",
    "prices": [
      {
        "state": "NSW",
        "price": "300",
        "price_per_unit": "68",
        "price_unit": "G"
      },
      {
        "state": "VIC",
        "price": "300",
        "price_per_unit": "68",
        "price_unit": "G"
      },
      {
        "state": "QLD",
        "price": "300",
        "price_per_unit": "68",
        "price_unit": "G"
      },
      {
        "state": "WA",
        "price": "300",
        "price_per_unit": "68",
        "price_unit": "G"
      },
      {
        "state": "TAS",
        "price": "300",
        "price_per_unit": "68",
        "price_unit": "G"
      },
      {
        "state": "ACT",
        "price": "300",
        "price_per_unit": "68",
        "price_unit": "G"
      },
      {
        "state": "NT",
        "price": "300",
        "price_per_unit": "68",
        "price_unit": "G"
      }
    ]
  },
  {
    "source_url": "https://www.woolworths.com.au/shop/productdetails/106256/wokka-shelf-fresh-thin-hokkien-noodles",
    "name": "Wokka Shelf Fresh Thin Hokkien Noodles 440g",
    "image_url": "https://cdn1.woolworths.media/content/wowproductimages/large/106256.jpg",
    "source_id": "Woolworths - 106256",
    "barcode": "9322586000238",
    "shop": "Woolworths",
    "weight": "100G",
    "prices": [
      {
        "state": "NSW",
        "price": "300",
        "price_per_unit": "68",
        "price_unit": "G"
      },
      {
        "state": "VIC",
        "price": "300",
        "price_per_unit": "68",
        "price_unit": "G"
      },
      {
        "state": "QLD",
        "price": "300",
        "price_per_unit": "68",
        "price_unit": "G"
      },
      {
        "state": "WA",
        "price": "300",
        "price_per_unit": "68",
        "price_unit": "G"
      },
      {
        "state": "TAS",
        "price": "300",
        "price_per_unit": "68",
        "price_unit": "G"
      },
      {
        "state": "ACT",
        "price": "300",
        "price_per_unit": "68",
        "price_unit": "G"
      },
      {
        "state": "NT",
        "price": "300",
        "price_per_unit": "68",
        "price_unit": "G"
      }
    ]
  },
  {
    "source_url": "https://www.woolworths.com.au/shop/productdetails/333412/wokka-stir-fry-sauce-honey-soy",
    "name": "Wokka Stir Fry Sauce Honey Soy 175g",
    "image_url": "https://cdn1.woolworths.media/content/wowproductimages/large/333412.jpg",
    "source_id": "Woolworths - 333412",
    "barcode": "9310560023977",
    "shop": "Woolworths",
    "weight": "100G",
    "prices": [
      {
        "state": "NSW",
        "price": "280",
        "price_per_unit": "160",
        "price_unit": "G"
      },
      {
        "state": "VIC",
        "price": "280",
        "price_per_unit": "160",
        "price_unit": "G"
      },
      {
        "state": "QLD",
        "price": "280",
        "price_per_unit": "160",
        "price_unit": "G"
      },
      {
        "state": "WA",
        "price": "280",
        "price_per_unit": "160",
        "price_unit": "G"
      },
      {
        "state": "TAS",
        "price": "350",
        "price_per_unit": "200",
        "price_unit": "G"
      },
      {
        "state": "ACT",
        "price": "350",
        "price_per_unit": "200",
        "price_unit": "G"
      },
      {
        "state": "NT",
        "price": "350",
        "price_per_unit": "200",
        "price_unit": "G"
      }
    ]
  },
  {
    "source_url": "https://www.woolworths.com.au/shop/productdetails/333267/wokka-stir-fry-sauce-teriyaki",
    "name": "Wokka Stir Fry Sauce Teriyaki 175g",
    "image_url": "https://cdn1.woolworths.media/content/wowproductimages/large/333267.jpg",
    "source_id": "Woolworths - 333267",
    "barcode": "9310560023984",
    "shop": "Woolworths",
    "weight": "100G",
    "prices": [
      {
        "state": "NSW",
        "price": "280",
        "price_per_unit": "160",
        "price_unit": "G"
      },
      {
        "state": "VIC",
        "price": "280",
        "price_per_unit": "160",
        "price_unit": "G"
      },
      {
        "state": "QLD",
        "price": "280",
        "price_per_unit": "160",
        "price_unit": "G"
      },
      {
        "state": "WA",
        "price": "280",
        "price_per_unit": "160",
        "price_unit": "G"
      },
      {
        "state": "TAS",
        "price": "350",
        "price_per_unit": "200",
        "price_unit": "G"
      },
      {
        "state": "ACT",
        "price": "350",
        "price_per_unit": "200",
        "price_unit": "G"
      },
      {
        "state": "NT",
        "price": "350",
        "price_per_unit": "200",
        "price_unit": "G"
      }
    ]
  },
  {
    "source_url": "https://www.woolworths.com.au/shop/productdetails/330857/wokka-stir-fry-sauce-thai-basil",
    "name": "Wokka Stir Fry Sauce Thai Basil 175g",
    "image_url": "https://cdn1.woolworths.media/content/wowproductimages/large/330857.jpg",
    "source_id": "Woolworths - 330857",
    "barcode": "9310560023991",
    "shop": "Woolworths",
    "weight": "100G",
    "prices": [
      {
        "state": "NSW",
        "price": "280",
        "price_per_unit": "160",
        "price_unit": "G"
      },
      {
        "state": "VIC",
        "price": "280",
        "price_per_unit": "160",
        "price_unit": "G"
      },
      {
        "state": "QLD",
        "price": "280",
        "price_per_unit": "160",
        "price_unit": "G"
      },
      {
        "state": "WA",
        "price": "280",
        "price_per_unit": "160",
        "price_unit": "G"
      },
      {
        "state": "TAS",
        "price": "350",
        "price_per_unit": "200",
        "price_unit": "G"
      },
      {
        "state": "ACT",
        "price": "350",
        "price_per_unit": "200",
        "price_unit": "G"
      },
      {
        "state": "NT",
        "price": "350",
        "price_per_unit": "200",
        "price_unit": "G"
      }
    ]
  },
  {
    "source_url": "https://www.woolworths.com.au/shop/productdetails/622972/wokka-udon-noodles",
    "name": "Wokka Udon Noodles 440g",
    "image_url": "https://cdn1.woolworths.media/content/wowproductimages/large/622972.jpg",
    "source_id": "Woolworths - 622972",
    "barcode": "9310560019475",
    "shop": "Woolworths",
    "weight": "100G",
    "prices": [
      {
        "state": "NSW",
        "price": "300",
        "price_per_unit": "68",
        "price_unit": "G"
      },
      {
        "state": "VIC",
        "price": "300",
        "price_per_unit": "68",
        "price_unit": "G"
      },
      {
        "state": "QLD",
        "price": "300",
        "price_per_unit": "68",
        "price_unit": "G"
      },
      {
        "state": "WA",
        "price": "300",
        "price_per_unit": "68",
        "price_unit": "G"
      },
      {
        "state": "TAS",
        "price": "300",
        "price_per_unit": "68",
        "price_unit": "G"
      },
      {
        "state": "ACT",
        "price": "300",
        "price_per_unit": "68",
        "price_unit": "G"
      },
      {
        "state": "NT",
        "price": "300",
        "price_per_unit": "68",
        "price_unit": "G"
      }
    ]
  },
  {
    "source_url": "https://www.woolworths.com.au/shop/productdetails/332567/yeo-s-drink-lychee",
    "name": "Yeo's Drink Lychee 300ml",
    "image_url": "https://cdn1.woolworths.media/content/wowproductimages/large/332567.jpg",
    "source_id": "Woolworths - 332567",
    "barcode": "9556156003439",
    "shop": "Woolworths",
    "weight": "1L",
    "prices": [
      {
        "state": "NSW",
        "price": "140",
        "price_per_unit": "467",
        "price_unit": "L"
      },
      {
        "state": "VIC",
        "price": "140",
        "price_per_unit": "467",
        "price_unit": "L"
      },
      {
        "state": "TAS",
        "price": "140",
        "price_per_unit": "467",
        "price_unit": "L"
      },
      {
        "state": "NT",
        "price": "150",
        "price_per_unit": "500",
        "price_unit": "L"
      }
    ]
  },
  {
    "source_url": "https://www.woolworths.com.au/shop/productdetails/39319/yeo-s-ingredients-sesame-oil",
    "name": "Yeo's Ingredients Sesame Oil 150ml",
    "image_url": "https://cdn1.woolworths.media/content/wowproductimages/large/039319.jpg",
    "source_id": "Woolworths - 39319",
    "barcode": "77521941013",
    "shop": "Woolworths",
    "weight": "100ML",
    "prices": [
      {
        "state": "NSW",
        "price": "500",
        "price_per_unit": "333",
        "price_unit": "ML"
      },
      {
        "state": "VIC",
        "price": "500",
        "price_per_unit": "333",
        "price_unit": "ML"
      },
      {
        "state": "TAS",
        "price": "500",
        "price_per_unit": "333",
        "price_unit": "ML"
      },
      {
        "state": "NT",
        "price": "500",
        "price_per_unit": "333",
        "price_unit": "ML"
      }
    ]
  },
  {
    "source_url": "https://www.woolworths.com.au/shop/productdetails/828413/yeo-s-isoy-soy-bean-milk-drink",
    "name": "Yeo's Isoy Soy Bean Milk Drink 300ml",
    "image_url": "https://cdn1.woolworths.media/content/wowproductimages/large/828413.jpg",
    "source_id": "Woolworths - 828413",
    "barcode": "77521321013",
    "shop": "Woolworths",
    "weight": "1L",
    "prices": [
      {
        "state": "NSW",
        "price": "140",
        "price_per_unit": "467",
        "price_unit": "L"
      },
      {
        "state": "VIC",
        "price": "140",
        "price_per_unit": "467",
        "price_unit": "L"
      },
      {
        "state": "TAS",
        "price": "140",
        "price_per_unit": "467",
        "price_unit": "L"
      },
      {
        "state": "NT",
        "price": "150",
        "price_per_unit": "500",
        "price_unit": "L"
      }
    ]
  },
  {
    "source_url": "https://www.woolworths.com.au/shop/productdetails/38339/yeo-s-satay-sauce-satay-bbq",
    "name": "Yeo's Satay Sauce Satay Bbq 250ml",
    "image_url": "https://cdn1.woolworths.media/content/wowproductimages/large/038339.jpg",
    "source_id": "Woolworths - 38339",
    "barcode": "77521273312",
    "shop": "Woolworths",
    "weight": "100ML",
    "prices": [
      {
        "state": "NSW",
        "price": "500",
        "price_per_unit": "200",
        "price_unit": "ML"
      },
      {
        "state": "VIC",
        "price": "500",
        "price_per_unit": "200",
        "price_unit": "ML"
      },
      {
        "state": "TAS",
        "price": "500",
        "price_per_unit": "200",
        "price_unit": "ML"
      },
      {
        "state": "NT",
        "price": "525",
        "price_per_unit": "210",
        "price_unit": "ML"
      }
    ]
  },
  {
    "source_url": "https://www.woolworths.com.au/shop/productdetails/254441/yoosh-aloe-vera-drink",
    "name": "Yoosh Aloe Vera Drink 500ml",
    "image_url": "https://cdn1.woolworths.media/content/wowproductimages/large/254441.jpg",
    "source_id": "Woolworths - 254441",
    "barcode": "9310432000631",
    "shop": "Woolworths",
    "weight": "1L",
    "prices": [
      {
        "state": "NSW",
        "price": "270",
        "price_per_unit": "540",
        "price_unit": "L"
      },
      {
        "state": "VIC",
        "price": "270",
        "price_per_unit": "540",
        "price_unit": "L"
      },
      {
        "state": "TAS",
        "price": "270",
        "price_per_unit": "540",
        "price_unit": "L"
      },
      {
        "state": "NT",
        "price": "350",
        "price_per_unit": "700",
        "price_unit": "L"
      }
    ]
  },
  {
    "source_url": "https://www.woolworths.com.au/shop/productdetails/1075407536/zerii-professional-electric-salt-and-pepper-grinders-ceramic-spice-mills-kitchen-2x",
    "name": "Zerii Professional Electric Salt And Pepper Grinders Ceramic Spice Mills Kitchen - 2x",
    "image_url": "https://cdn1.woolworths.media/content/wowproductimages/large/1075407536.jpg",
    "source_id": "Woolworths - 1075407536",
    "barcode": null,
    "shop": "Woolworths",
    "weight": "1EA",
    "prices": [
      {
        "state": "NSW",
        "price": "5190",
        "price_per_unit": "5190",
        "price_unit": "EA"
      },
      {
        "state": "VIC",
        "price": "5190",
        "price_per_unit": "5190",
        "price_unit": "EA"
      },
      {
        "state": "TAS",
        "price": "5190",
        "price_per_unit": "5190",
        "price_unit": "EA"
      }
    ]
  },
  {
    "source_url": "https://www.woolworths.com.au/shop/productdetails/1075397506/zerii-rice-storage-cereal-dispenser-grain-container-360-degree-rotating-dry-food-box-10l",
    "name": "Zerii Rice Storage Cereal Dispenser Grain Container 360 Degree Rotating Dry Food Box - 10L",
    "image_url": "https://cdn1.woolworths.media/content/wowproductimages/large/1075397506.jpg",
    "source_id": "Woolworths - 1075397506",
    "barcode": null,
    "shop": "Woolworths",
    "weight": "1EA",
    "prices": [
      {
        "state": "NSW",
        "price": "7938",
        "price_per_unit": "7938",
        "price_unit": "EA"
      },
      {
        "state": "VIC",
        "price": "7938",
        "price_per_unit": "7938",
        "price_unit": "EA"
      },
      {
        "state": "TAS",
        "price": "7938",
        "price_per_unit": "7938",
        "price_unit": "EA"
      }
    ]
  },
  {
    "source_url": "https://www.woolworths.com.au/shop/productdetails/1075407853/zerii-salt-and-pepper-grinder-set-rechargeable-salt-and-pepper-mill-2pcs",
    "name": "Zerii Salt And Pepper Grinder Set Rechargeable Salt And Pepper Mill - 2pcs",
    "image_url": "https://cdn1.woolworths.media/content/wowproductimages/large/1075407853.jpg",
    "source_id": "Woolworths - 1075407853",
    "barcode": null,
    "shop": "Woolworths",
    "weight": "1EA",
    "prices": [
      {
        "state": "NSW",
        "price": "7738",
        "price_per_unit": "7738",
        "price_unit": "EA"
      },
      {
        "state": "VIC",
        "price": "7738",
        "price_per_unit": "7738",
        "price_unit": "EA"
      },
      {
        "state": "TAS",
        "price": "7738",
        "price_per_unit": "7738",
        "price_unit": "EA"
      }
    ]
  },
  {
    "source_url": "https://www.woolworths.com.au/shop/productdetails/1075407447/zerii-salt-and-pepper-grinders-stainless-steel-ceramic-mills-oil-sprayer-jars-kitchen",
    "name": "Zerii Salt And Pepper Grinders Stainless Steel Ceramic Mills Oil Sprayer Jars Kitchen",
    "image_url": "https://cdn1.woolworths.media/content/wowproductimages/large/1075407447.jpg",
    "source_id": "Woolworths - 1075407447",
    "barcode": null,
    "shop": "Woolworths",
    "weight": "1EA",
    "prices": [
      {
        "state": "NSW",
        "price": "2590",
        "price_per_unit": "2590",
        "price_unit": "EA"
      },
      {
        "state": "VIC",
        "price": "2590",
        "price_per_unit": "2590",
        "price_unit": "EA"
      },
      {
        "state": "TAS",
        "price": "2590",
        "price_per_unit": "2590",
        "price_unit": "EA"
      }
    ]
  },
  {
    "source_url": "https://www.woolworths.com.au/shop/productdetails/1075407843/zerii-slide-cabinet-organiser-rack-storage-pantry-kitchen-shelf-spice-jars-can-holder",
    "name": "Zerii Slide Cabinet Organiser Rack Storage Pantry Kitchen Shelf Spice Jars Can Holder",
    "image_url": "https://cdn1.woolworths.media/content/wowproductimages/large/1075407843.jpg",
    "source_id": "Woolworths - 1075407843",
    "barcode": null,
    "shop": "Woolworths",
    "weight": "1EA",
    "prices": [
      {
        "state": "NSW",
        "price": "2378",
        "price_per_unit": "2378",
        "price_unit": "EA"
      },
      {
        "state": "VIC",
        "price": "2378",
        "price_per_unit": "2378",
        "price_unit": "EA"
      },
      {
        "state": "TAS",
        "price": "2378",
        "price_per_unit": "2378",
        "price_unit": "EA"
      }
    ]
  },
  {
    "source_url": "https://www.woolworths.com.au/shop/productdetails/519217/amoy-japanese-teriyaki-sauce",
    "name": "Amoy Japanese Teriyaki Sauce 450ml",
    "image_url": "https://cdn1.woolworths.media/content/wowproductimages/large/519217.jpg",
    "source_id": "Woolworths - 519217",
    "barcode": "78024007343",
    "shop": "Woolworths",
    "weight": "100ML",
    "prices": [
      {
        "state": "VIC",
        "price": "850",
        "price_per_unit": "189",
        "price_unit": "ML"
      },
      {
        "state": "SA",
        "price": "850",
        "price_per_unit": "189",
        "price_unit": "ML"
      },
      {
        "state": "TAS",
        "price": "850",
        "price_per_unit": "189",
        "price_unit": "ML"
      },
      {
        "state": "ACT",
        "price": "850",
        "price_per_unit": "189",
        "price_unit": "ML"
      },
      {
        "state": "NT",
        "price": "895",
        "price_per_unit": "199",
        "price_unit": "ML"
      }
    ]
  },
  {
    "source_url": "https://www.woolworths.com.au/shop/productdetails/233240/awona-quail-eggs",
    "name": "Awona Quail Eggs 400g",
    "image_url": "https://cdn1.woolworths.media/content/wowproductimages/large/233240.jpg",
    "source_id": "Woolworths - 233240",
    "barcode": "9313551400016",
    "shop": "Woolworths",
    "weight": "100G",
    "prices": [
      {
        "state": "VIC",
        "price": "380",
        "price_per_unit": "95",
        "price_unit": "G"
      },
      {
        "state": "TAS",
        "price": "380",
        "price_per_unit": "95",
        "price_unit": "G"
      },
      {
        "state": "NT",
        "price": "400",
        "price_per_unit": "100",
        "price_unit": "G"
      }
    ]
  },
  {
    "source_url": "https://www.woolworths.com.au/shop/productdetails/805219/awona-shiitake-mushrooms-can",
    "name": "Awona Shiitake Mushrooms Can 425g",
    "image_url": "https://cdn1.woolworths.media/content/wowproductimages/large/805219.jpg",
    "source_id": "Woolworths - 805219",
    "barcode": "9313551340220",
    "shop": "Woolworths",
    "weight": "1KG",
    "prices": [
      {
        "state": "VIC",
        "price": "275",
        "price_per_unit": "647",
        "price_unit": "KG"
      },
      {
        "state": "SA",
        "price": "275",
        "price_per_unit": "647",
        "price_unit": "KG"
      },
      {
        "state": "TAS",
        "price": "275",
        "price_per_unit": "647",
        "price_unit": "KG"
      },
      {
        "state": "ACT",
        "price": "275",
        "price_per_unit": "647",
        "price_unit": "KG"
      },
      {
        "state": "NT",
        "price": "290",
        "price_per_unit": "682",
        "price_unit": "KG"
      }
    ]
  },
  {
    "source_url": "https://www.woolworths.com.au/shop/productdetails/803737/ayam-black-sesame-oil",
    "name": "Ayam Black Sesame Oil 210ml",
    "image_url": "https://cdn1.woolworths.media/content/wowproductimages/large/803737.jpg",
    "source_id": "Woolworths - 803737",
    "barcode": "9556041612425",
    "shop": "Woolworths",
    "weight": "100ML",
    "prices": [
      {
        "state": "VIC",
        "price": "550",
        "price_per_unit": "262",
        "price_unit": "ML"
      },
      {
        "state": "SA",
        "price": "550",
        "price_per_unit": "262",
        "price_unit": "ML"
      },
      {
        "state": "TAS",
        "price": "550",
        "price_per_unit": "262",
        "price_unit": "ML"
      },
      {
        "state": "ACT",
        "price": "690",
        "price_per_unit": "329",
        "price_unit": "ML"
      },
      {
        "state": "NT",
        "price": "690",
        "price_per_unit": "329",
        "price_unit": "ML"
      }
    ]
  },
  {
    "source_url": "https://www.woolworths.com.au/shop/productdetails/663674/b2-ham-luncheon-meat-premium",
    "name": "B2 Ham Luncheon Meat Premium 340g",
    "image_url": "https://cdn1.woolworths.media/content/wowproductimages/large/663674.jpg",
    "source_id": "Woolworths - 663674",
    "barcode": "6902131111294",
    "shop": "Woolworths",
    "weight": "1KG",
    "prices": [
      {
        "state": "VIC",
        "price": "430",
        "price_per_unit": "1265",
        "price_unit": "KG"
      },
      {
        "state": "SA",
        "price": "430",
        "price_per_unit": "1265",
        "price_unit": "KG"
      },
      {
        "state": "TAS",
        "price": "430",
        "price_per_unit": "1265",
        "price_unit": "KG"
      },
      {
        "state": "ACT",
        "price": "430",
        "price_per_unit": "1265",
        "price_unit": "KG"
      },
      {
        "state": "NT",
        "price": "450",
        "price_per_unit": "1324",
        "price_unit": "KG"
      }
    ]
  },
  {
    "source_url": "https://www.woolworths.com.au/shop/productdetails/827013/b2-luncheon-meat-spicy-pork",
    "name": "B2 Luncheon Meat Spicy Pork 340g",
    "image_url": "https://cdn1.woolworths.media/content/wowproductimages/large/827013.jpg",
    "source_id": "Woolworths - 827013",
    "barcode": "6902131111560",
    "shop": "Woolworths",
    "weight": "100G",
    "prices": [
      {
        "state": "VIC",
        "price": "350",
        "price_per_unit": "103",
        "price_unit": "G"
      },
      {
        "state": "TAS",
        "price": "350",
        "price_per_unit": "103",
        "price_unit": "G"
      },
      {
        "state": "ACT",
        "price": "350",
        "price_per_unit": "103",
        "price_unit": "G"
      },
      {
        "state": "NT",
        "price": "370",
        "price_per_unit": "109",
        "price_unit": "G"
      }
    ]
  },
  {
    "source_url": "https://www.woolworths.com.au/shop/productdetails/318706/binggrae-banana-flavoured-milk-drink",
    "name": "Binggrae Banana Flavoured Milk Drink 200ml x 6 Pack",
    "image_url": "https://cdn1.woolworths.media/content/wowproductimages/large/318706.jpg",
    "source_id": "Woolworths - 318706",
    "barcode": "769828221607",
    "shop": "Woolworths",
    "weight": "100ML",
    "prices": [
      {
        "state": "VIC",
        "price": "1000",
        "price_per_unit": "83",
        "price_unit": "ML"
      },
      {
        "state": "SA",
        "price": "1000",
        "price_per_unit": "83",
        "price_unit": "ML"
      },
      {
        "state": "TAS",
        "price": "1000",
        "price_per_unit": "83",
        "price_unit": "ML"
      },
      {
        "state": "ACT",
        "price": "1000",
        "price_per_unit": "83",
        "price_unit": "ML"
      },
      {
        "state": "NT",
        "price": "1000",
        "price_per_unit": "83",
        "price_unit": "ML"
      }
    ]
  },
  {
    "source_url": "https://www.woolworths.com.au/shop/productdetails/345833/black-white-evaporated-milk",
    "name": "Black & White Evaporated Milk 385ml",
    "image_url": "https://cdn1.woolworths.media/content/wowproductimages/large/345833.jpg",
    "source_id": "Woolworths - 345833",
    "barcode": "8716200675567",
    "shop": "Woolworths",
    "weight": "100ML",
    "prices": [
      {
        "state": "VIC",
        "price": "300",
        "price_per_unit": "78",
        "price_unit": "ML"
      },
      {
        "state": "SA",
        "price": "300",
        "price_per_unit": "78",
        "price_unit": "ML"
      },
      {
        "state": "TAS",
        "price": "300",
        "price_per_unit": "78",
        "price_unit": "ML"
      },
      {
        "state": "ACT",
        "price": "300",
        "price_per_unit": "78",
        "price_unit": "ML"
      },
      {
        "state": "NT",
        "price": "300",
        "price_per_unit": "78",
        "price_unit": "ML"
      }
    ]
  },
  {
    "source_url": "https://www.woolworths.com.au/shop/productdetails/189524/bubbleme-at-home-bubble-tea-kit-matcha-flavour",
    "name": "bubbleme At Home Bubble Tea Kit Matcha Flavour 280g",
    "image_url": "https://cdn1.woolworths.media/content/wowproductimages/large/189524.jpg",
    "source_id": "Woolworths - 189524",
    "barcode": "9333328000195",
    "shop": "Woolworths",
    "weight": "100G",
    "prices": [
      {
        "state": "VIC",
        "price": "575",
        "price_per_unit": "205",
        "price_unit": "G"
      },
      {
        "state": "QLD",
        "price": "575",
        "price_per_unit": "205",
        "price_unit": "G"
      },
      {
        "state": "WA",
        "price": "575",
        "price_per_unit": "205",
        "price_unit": "G"
      },
      {
        "state": "TAS",
        "price": "1150",
        "price_per_unit": "411",
        "price_unit": "G"
      },
      null,
      {
        "state": "NT",
        "price": "1205",
        "price_per_unit": "430",
        "price_unit": "G"
      }
    ]
  },
  {
    "source_url": "https://www.woolworths.com.au/shop/productdetails/231446/buderim-ginger-australian-sushi-ginger",
    "name": "Buderim Ginger Australian Sushi Ginger 200g",
    "image_url": "https://cdn1.woolworths.media/content/wowproductimages/large/231446.jpg",
    "source_id": "Woolworths - 231446",
    "barcode": "9310371180104",
    "shop": "Woolworths",
    "weight": "100G",
    "prices": [
      {
        "state": "VIC",
        "price": "600",
        "price_per_unit": "300",
        "price_unit": "G"
      },
      {
        "state": "TAS",
        "price": "600",
        "price_per_unit": "300",
        "price_unit": "G"
      },
      {
        "state": "ACT",
        "price": "600",
        "price_per_unit": "300",
        "price_unit": "G"
      },
      {
        "state": "NT",
        "price": "630",
        "price_per_unit": "315",
        "price_unit": "G"
      }
    ]
  },
  {
    "source_url": "https://www.woolworths.com.au/shop/productdetails/486535/calbee-grill-a-corn-bbq-flavour",
    "name": "Calbee Grill-A-Corn BBQ Flavour 80g",
    "image_url": "https://cdn1.woolworths.media/content/wowproductimages/large/486535.jpg",
    "source_id": "Woolworths - 486535",
    "barcode": "9351585001144",
    "shop": "Woolworths",
    "weight": "100G",
    "prices": [
      {
        "state": "VIC",
        "price": "250",
        "price_per_unit": "313",
        "price_unit": "G"
      },
      {
        "state": "TAS",
        "price": "250",
        "price_per_unit": "313",
        "price_unit": "G"
      },
      {
        "state": "ACT",
        "price": "315",
        "price_per_unit": "394",
        "price_unit": "G"
      },
      {
        "state": "NT",
        "price": "315",
        "price_per_unit": "394",
        "price_unit": "G"
      }
    ]
  },
  {
    "source_url": "https://www.woolworths.com.au/shop/productdetails/464130/calbee-grill-a-corn-hot-spicy-flavour",
    "name": "Calbee Grill-A-Corn Hot & Spicy Flavour 80g",
    "image_url": "https://cdn1.woolworths.media/content/wowproductimages/large/464130.jpg",
    "source_id": "Woolworths - 464130",
    "barcode": "4892294101428",
    "shop": "Woolworths",
    "weight": "100G",
    "prices": [
      {
        "state": "VIC",
        "price": "250",
        "price_per_unit": "313",
        "price_unit": "G"
      },
      {
        "state": "SA",
        "price": "250",
        "price_per_unit": "313",
        "price_unit": "G"
      },
      {
        "state": "TAS",
        "price": "250",
        "price_per_unit": "313",
        "price_unit": "G"
      },
      {
        "state": "ACT",
        "price": "315",
        "price_per_unit": "394",
        "price_unit": "G"
      },
      {
        "state": "NT",
        "price": "315",
        "price_per_unit": "394",
        "price_unit": "G"
      }
    ]
  },
  {
    "source_url": "https://www.woolworths.com.au/shop/productdetails/365222/chefs-world-world-noodles-thin",
    "name": "Chefs World World Noodles Thin 2kg",
    "image_url": "https://cdn1.woolworths.media/content/wowproductimages/large/365222.jpg",
    "source_id": "Woolworths - 365222",
    "barcode": "9310432002130",
    "shop": "Woolworths",
    "weight": "100G",
    "prices": [
      {
        "state": "VIC",
        "price": "700",
        "price_per_unit": "35",
        "price_unit": "G"
      },
      {
        "state": "QLD",
        "price": "700",
        "price_per_unit": "35",
        "price_unit": "G"
      },
      {
        "state": "WA",
        "price": "700",
        "price_per_unit": "35",
        "price_unit": "G"
      },
      {
        "state": "SA",
        "price": "700",
        "price_per_unit": "35",
        "price_unit": "G"
      },
      {
        "state": "TAS",
        "price": "700",
        "price_per_unit": "35",
        "price_unit": "G"
      },
      {
        "state": "ACT",
        "price": "700",
        "price_per_unit": "35",
        "price_unit": "G"
      },
      {
        "state": "NT",
        "price": "735",
        "price_per_unit": "37",
        "price_unit": "G"
      }
    ]
  },
  {
    "source_url": "https://www.woolworths.com.au/shop/productdetails/346849/chuanwazi-green-red-chilli-sauce",
    "name": "Chuanwazi Green & Red Chilli Sauce 230g",
    "image_url": "https://cdn1.woolworths.media/content/wowproductimages/large/346849.jpg",
    "source_id": "Woolworths - 346849",
    "barcode": "6972343072645",
    "shop": "Woolworths",
    "weight": "100G",
    "prices": [
      {
        "state": "VIC",
        "price": "400",
        "price_per_unit": "174",
        "price_unit": "G"
      },
      {
        "state": "QLD",
        "price": "400",
        "price_per_unit": "174",
        "price_unit": "G"
      },
      {
        "state": "WA",
        "price": "400",
        "price_per_unit": "174",
        "price_unit": "G"
      },
      {
        "state": "SA",
        "price": "400",
        "price_per_unit": "174",
        "price_unit": "G"
      },
      {
        "state": "TAS",
        "price": "400",
        "price_per_unit": "174",
        "price_unit": "G"
      },
      {
        "state": "ACT",
        "price": "400",
        "price_per_unit": "174",
        "price_unit": "G"
      },
      {
        "state": "NT",
        "price": "400",
        "price_per_unit": "174",
        "price_unit": "G"
      }
    ]
  },
  {
    "source_url": "https://www.woolworths.com.au/shop/productdetails/348047/chuanwazi-red-chilli-pepper-oil",
    "name": "Chuanwazi Red Chilli Pepper Oil 230g",
    "image_url": "https://cdn1.woolworths.media/content/wowproductimages/large/348047.jpg",
    "source_id": "Woolworths - 348047",
    "barcode": "6972343070153",
    "shop": "Woolworths",
    "weight": "100G",
    "prices": [
      {
        "state": "VIC",
        "price": "400",
        "price_per_unit": "174",
        "price_unit": "G"
      },
      {
        "state": "QLD",
        "price": "400",
        "price_per_unit": "174",
        "price_unit": "G"
      },
      {
        "state": "WA",
        "price": "400",
        "price_per_unit": "174",
        "price_unit": "G"
      },
      {
        "state": "SA",
        "price": "400",
        "price_per_unit": "174",
        "price_unit": "G"
      },
      {
        "state": "TAS",
        "price": "400",
        "price_per_unit": "174",
        "price_unit": "G"
      },
      {
        "state": "ACT",
        "price": "400",
        "price_per_unit": "174",
        "price_unit": "G"
      },
      {
        "state": "NT",
        "price": "400",
        "price_per_unit": "174",
        "price_unit": "G"
      }
    ]
  },
  {
    "source_url": "https://www.woolworths.com.au/shop/productdetails/488686/chun-guang-coconut-candy-78g-chun-guang-coconut-candy",
    "name": "Chun Guang Coconut Candy 78g",
    "image_url": "https://cdn1.woolworths.media/content/wowproductimages/large/488686.jpg",
    "source_id": "Woolworths - 488686",
    "barcode": "6917541900987",
    "shop": "Woolworths",
    "weight": "100G",
    "prices": [
      {
        "state": "VIC",
        "price": "200",
        "price_per_unit": "256",
        "price_unit": "G"
      },
      {
        "state": "QLD",
        "price": "200",
        "price_per_unit": "256",
        "price_unit": "G"
      },
      {
        "state": "WA",
        "price": "200",
        "price_per_unit": "256",
        "price_unit": "G"
      },
      {
        "state": "TAS",
        "price": "230",
        "price_per_unit": "295",
        "price_unit": "G"
      },
      {
        "state": "ACT",
        "price": "230",
        "price_per_unit": "295",
        "price_unit": "G"
      },
      {
        "state": "NT",
        "price": "230",
        "price_per_unit": "295",
        "price_unit": "G"
      }
    ]
  },
  {
    "source_url": "https://www.woolworths.com.au/shop/productdetails/547492/crown-maple-corn-chips-canadian-maple",
    "name": "Crown Maple Corn Chips Canadian Maple 154g",
    "image_url": "https://cdn1.woolworths.media/content/wowproductimages/large/547492.jpg",
    "source_id": "Woolworths - 547492",
    "barcode": "9333328001451",
    "shop": "Woolworths",
    "weight": "100G",
    "prices": [
      {
        "state": "VIC",
        "price": "550",
        "price_per_unit": "357",
        "price_unit": "G"
      },
      {
        "state": "QLD",
        "price": "550",
        "price_per_unit": "357",
        "price_unit": "G"
      },
      {
        "state": "WA",
        "price": "550",
        "price_per_unit": "357",
        "price_unit": "G"
      },
      {
        "state": "TAS",
        "price": "550",
        "price_per_unit": "357",
        "price_unit": "G"
      },
      {
        "state": "ACT",
        "price": "550",
        "price_per_unit": "357",
        "price_unit": "G"
      },
      {
        "state": "NT",
        "price": "550",
        "price_per_unit": "357",
        "price_unit": "G"
      }
    ]
  },
  {
    "source_url": "https://www.woolworths.com.au/shop/productdetails/519541/crown-victory-pie-strawberry",
    "name": "Crown Victory Pie Strawberry 216g",
    "image_url": "https://cdn1.woolworths.media/content/wowproductimages/large/519541.jpg",
    "source_id": "Woolworths - 519541",
    "barcode": "9333328001444",
    "shop": "Woolworths",
    "weight": "100G",
    "prices": [
      {
        "state": "VIC",
        "price": "225",
        "price_per_unit": "104",
        "price_unit": "G"
      },
      {
        "state": "QLD",
        "price": "225",
        "price_per_unit": "104",
        "price_unit": "G"
      },
      {
        "state": "WA",
        "price": "225",
        "price_per_unit": "104",
        "price_unit": "G"
      },
      {
        "state": "TAS",
        "price": "225",
        "price_per_unit": "104",
        "price_unit": "G"
      },
      {
        "state": "ACT",
        "price": "225",
        "price_per_unit": "104",
        "price_unit": "G"
      },
      {
        "state": "NT",
        "price": "225",
        "price_per_unit": "104",
        "price_unit": "G"
      }
    ]
  },
  {
    "source_url": "https://www.woolworths.com.au/shop/productdetails/547216/crown-wafers-choco-hazelnut-cream",
    "name": "Crown Wafers Choco Hazelnut Cream 142g",
    "image_url": "https://cdn1.woolworths.media/content/wowproductimages/large/547216.jpg",
    "source_id": "Woolworths - 547216",
    "barcode": "9333328001437",
    "shop": "Woolworths",
    "weight": "100G",
    "prices": [
      {
        "state": "VIC",
        "price": "370",
        "price_per_unit": "261",
        "price_unit": "G"
      },
      {
        "state": "QLD",
        "price": "370",
        "price_per_unit": "261",
        "price_unit": "G"
      },
      {
        "state": "WA",
        "price": "370",
        "price_per_unit": "261",
        "price_unit": "G"
      },
      {
        "state": "TAS",
        "price": "370",
        "price_per_unit": "261",
        "price_unit": "G"
      },
      {
        "state": "ACT",
        "price": "450",
        "price_per_unit": "317",
        "price_unit": "G"
      },
      {
        "state": "NT",
        "price": "450",
        "price_per_unit": "317",
        "price_unit": "G"
      }
    ]
  },
  {
    "source_url": "https://www.woolworths.com.au/shop/productdetails/830281/doree-fried-garlic",
    "name": "Doree Fried Garlic 100g",
    "image_url": "https://cdn1.woolworths.media/content/wowproductimages/large/830281.jpg",
    "source_id": "Woolworths - 830281",
    "barcode": "9555349802033",
    "shop": "Woolworths",
    "weight": "1KG",
    "prices": [
      {
        "state": "VIC",
        "price": "390",
        "price_per_unit": "3900",
        "price_unit": "KG"
      },
      {
        "state": "QLD",
        "price": "390",
        "price_per_unit": "3900",
        "price_unit": "KG"
      },
      {
        "state": "WA",
        "price": "390",
        "price_per_unit": "3900",
        "price_unit": "KG"
      },
      {
        "state": "SA",
        "price": "390",
        "price_per_unit": "3900",
        "price_unit": "KG"
      },
      {
        "state": "TAS",
        "price": "390",
        "price_per_unit": "3900",
        "price_unit": "KG"
      },
      {
        "state": "ACT",
        "price": "390",
        "price_per_unit": "3900",
        "price_unit": "KG"
      },
      {
        "state": "NT",
        "price": "410",
        "price_per_unit": "4100",
        "price_unit": "KG"
      }
    ]
  },
  {
    "source_url": "https://www.woolworths.com.au/shop/productdetails/830270/doree-fried-shallots",
    "name": "Doree Fried Shallots 100g",
    "image_url": "https://cdn1.woolworths.media/content/wowproductimages/large/830270.jpg",
    "source_id": "Woolworths - 830270",
    "barcode": "9319864001926",
    "shop": "Woolworths",
    "weight": "1KG",
    "prices": [
      {
        "state": "VIC",
        "price": "330",
        "price_per_unit": "3300",
        "price_unit": "KG"
      },
      {
        "state": "QLD",
        "price": "330",
        "price_per_unit": "3300",
        "price_unit": "KG"
      },
      {
        "state": "WA",
        "price": "330",
        "price_per_unit": "3300",
        "price_unit": "KG"
      },
      {
        "state": "SA",
        "price": "330",
        "price_per_unit": "3300",
        "price_unit": "KG"
      },
      {
        "state": "TAS",
        "price": "330",
        "price_per_unit": "3300",
        "price_unit": "KG"
      },
      {
        "state": "ACT",
        "price": "330",
        "price_per_unit": "3300",
        "price_unit": "KG"
      },
      {
        "state": "NT",
        "price": "350",
        "price_per_unit": "3500",
        "price_unit": "KG"
      }
    ]
  },
  {
    "source_url": "https://www.woolworths.com.au/shop/productdetails/827036/double-phoenix-cooking-wine",
    "name": "Double Phoenix Cooking Wine 640g",
    "image_url": "https://cdn1.woolworths.media/content/wowproductimages/large/827036.jpg",
    "source_id": "Woolworths - 827036",
    "barcode": "9310432002673",
    "shop": "Woolworths",
    "weight": "100ML",
    "prices": [
      {
        "state": "VIC",
        "price": "255",
        "price_per_unit": "40",
        "price_unit": "ML"
      },
      {
        "state": "QLD",
        "price": "255",
        "price_per_unit": "40",
        "price_unit": "ML"
      },
      {
        "state": "WA",
        "price": "255",
        "price_per_unit": "40",
        "price_unit": "ML"
      },
      {
        "state": "SA",
        "price": "255",
        "price_per_unit": "40",
        "price_unit": "ML"
      },
      {
        "state": "TAS",
        "price": "255",
        "price_per_unit": "40",
        "price_unit": "ML"
      },
      {
        "state": "ACT",
        "price": "255",
        "price_per_unit": "40",
        "price_unit": "ML"
      },
      {
        "state": "NT",
        "price": "270",
        "price_per_unit": "42",
        "price_unit": "ML"
      }
    ]
  },
  {
    "source_url": "https://www.woolworths.com.au/shop/productdetails/807415/double-phoenix-dongguan-rice-stick",
    "name": "Double Phoenix Dongguan Rice Stick 400G",
    "image_url": "https://cdn1.woolworths.media/content/wowproductimages/large/807415.jpg",
    "source_id": "Woolworths - 807415",
    "barcode": "9310432004257",
    "shop": "Woolworths",
    "weight": "100G",
    "prices": [
      {
        "state": "VIC",
        "price": "225",
        "price_per_unit": "56",
        "price_unit": "G"
      },
      {
        "state": "QLD",
        "price": "225",
        "price_per_unit": "56",
        "price_unit": "G"
      },
      {
        "state": "WA",
        "price": "225",
        "price_per_unit": "56",
        "price_unit": "G"
      },
      {
        "state": "SA",
        "price": "225",
        "price_per_unit": "56",
        "price_unit": "G"
      },
      null,
      {
        "state": "ACT",
        "price": "225",
        "price_per_unit": "56",
        "price_unit": "G"
      },
      {
        "state": "NT",
        "price": "225",
        "price_per_unit": "56",
        "price_unit": "G"
      }
    ]
  },
  {
    "source_url": "https://www.woolworths.com.au/shop/productdetails/663059/eagle-coin-fried-dace-black-bean",
    "name": "Eagle Coin Fried Dace Black Bean 184g",
    "image_url": "https://cdn1.woolworths.media/content/wowproductimages/large/663059.jpg",
    "source_id": "Woolworths - 663059",
    "barcode": "6901012021158",
    "shop": "Woolworths",
    "weight": "1KG",
    "prices": [
      {
        "state": "VIC",
        "price": "420",
        "price_per_unit": "2283",
        "price_unit": "KG"
      },
      {
        "state": "QLD",
        "price": "420",
        "price_per_unit": "2283",
        "price_unit": "KG"
      },
      {
        "state": "WA",
        "price": "420",
        "price_per_unit": "2283",
        "price_unit": "KG"
      },
      {
        "state": "SA",
        "price": "420",
        "price_per_unit": "2283",
        "price_unit": "KG"
      },
      {
        "state": "TAS",
        "price": "420",
        "price_per_unit": "2283",
        "price_unit": "KG"
      },
      {
        "state": "ACT",
        "price": "420",
        "price_per_unit": "2283",
        "price_unit": "KG"
      },
      null
    ]
  },
  {
    "source_url": "https://www.woolworths.com.au/shop/productdetails/40312/erawan-rice-stick-small",
    "name": "Erawan Rice Stick Small 375g",
    "image_url": "https://cdn1.woolworths.media/content/wowproductimages/large/040312.jpg",
    "source_id": "Woolworths - 40312",
    "barcode": "55104001132",
    "shop": "Woolworths",
    "weight": "100G",
    "prices": [
      {
        "state": "VIC",
        "price": "300",
        "price_per_unit": "80",
        "price_unit": "G"
      },
      {
        "state": "QLD",
        "price": "300",
        "price_per_unit": "80",
        "price_unit": "G"
      },
      {
        "state": "WA",
        "price": "300",
        "price_per_unit": "80",
        "price_unit": "G"
      },
      {
        "state": "TAS",
        "price": "300",
        "price_per_unit": "80",
        "price_unit": "G"
      },
      {
        "state": "NT",
        "price": "315",
        "price_per_unit": "84",
        "price_unit": "G"
      }
    ]
  },
  {
    "source_url": "https://www.woolworths.com.au/shop/productdetails/122252/g7-3-in-1-coffee-mix",
    "name": "G7 3 In 1 Coffee Mix 16G x18 Pack",
    "image_url": "https://cdn1.woolworths.media/content/wowproductimages/large/122252.jpg",
    "source_id": "Woolworths - 122252",
    "barcode": "8935024142370",
    "shop": "Woolworths",
    "weight": "100G",
    "prices": [
      {
        "state": "VIC",
        "price": "400",
        "price_per_unit": "139",
        "price_unit": "G"
      },
      {
        "state": "QLD",
        "price": "400",
        "price_per_unit": "139",
        "price_unit": "G"
      },
      {
        "state": "WA",
        "price": "400",
        "price_per_unit": "139",
        "price_unit": "G"
      },
      {
        "state": "TAS",
        "price": "500",
        "price_per_unit": "174",
        "price_unit": "G"
      },
      {
        "state": "NT",
        "price": "500",
        "price_per_unit": "174",
        "price_unit": "G"
      }
    ]
  },
  {
    "source_url": "https://www.woolworths.com.au/shop/productdetails/827008/glory-hainanese-kaya-with-honey",
    "name": "Glory Hainanese Kaya With Honey 400G",
    "image_url": "https://cdn1.woolworths.media/content/wowproductimages/large/827008.jpg",
    "source_id": "Woolworths - 827008",
    "barcode": "8888015669182",
    "shop": "Woolworths",
    "weight": "100G",
    "prices": [
      {
        "state": "VIC",
        "price": "330",
        "price_per_unit": "83",
        "price_unit": "G"
      },
      {
        "state": "QLD",
        "price": "330",
        "price_per_unit": "83",
        "price_unit": "G"
      },
      {
        "state": "WA",
        "price": "330",
        "price_per_unit": "83",
        "price_unit": "G"
      },
      {
        "state": "TAS",
        "price": "330",
        "price_per_unit": "83",
        "price_unit": "G"
      },
      {
        "state": "ACT",
        "price": "330",
        "price_per_unit": "83",
        "price_unit": "G"
      },
      {
        "state": "NT",
        "price": "345",
        "price_per_unit": "86",
        "price_unit": "G"
      }
    ]
  },
  {
    "source_url": "https://www.woolworths.com.au/shop/productdetails/803884/haday-gold-label-oyster-sauce",
    "name": "Haday Gold Label Oyster Sauce 530ml",
    "image_url": "https://cdn1.woolworths.media/content/wowproductimages/large/803884.jpg",
    "source_id": "Woolworths - 803884",
    "barcode": "6902265712527",
    "shop": "Woolworths",
    "weight": "100ML",
    "prices": [
      {
        "state": "VIC",
        "price": "390",
        "price_per_unit": "74",
        "price_unit": "ML"
      },
      {
        "state": "QLD",
        "price": "390",
        "price_per_unit": "74",
        "price_unit": "ML"
      },
      {
        "state": "WA",
        "price": "390",
        "price_per_unit": "74",
        "price_unit": "ML"
      },
      {
        "state": "SA",
        "price": "390",
        "price_per_unit": "74",
        "price_unit": "ML"
      },
      {
        "state": "TAS",
        "price": "390",
        "price_per_unit": "74",
        "price_unit": "ML"
      },
      {
        "state": "ACT",
        "price": "390",
        "price_per_unit": "74",
        "price_unit": "ML"
      },
      {
        "state": "NT",
        "price": "390",
        "price_per_unit": "74",
        "price_unit": "ML"
      }
    ]
  },
  {
    "source_url": "https://www.woolworths.com.au/shop/productdetails/803886/haday-supreme-soy-sauce",
    "name": "Haday Supreme Soy Sauce 750ml",
    "image_url": "https://cdn1.woolworths.media/content/wowproductimages/large/803886.jpg",
    "source_id": "Woolworths - 803886",
    "barcode": "6902265075011",
    "shop": "Woolworths",
    "weight": "100ML",
    "prices": [
      {
        "state": "VIC",
        "price": "600",
        "price_per_unit": "80",
        "price_unit": "ML"
      },
      {
        "state": "QLD",
        "price": "600",
        "price_per_unit": "80",
        "price_unit": "ML"
      },
      {
        "state": "WA",
        "price": "600",
        "price_per_unit": "80",
        "price_unit": "ML"
      },
      {
        "state": "SA",
        "price": "600",
        "price_per_unit": "80",
        "price_unit": "ML"
      },
      {
        "state": "TAS",
        "price": "600",
        "price_per_unit": "80",
        "price_unit": "ML"
      },
      {
        "state": "ACT",
        "price": "600",
        "price_per_unit": "80",
        "price_unit": "ML"
      },
      {
        "state": "NT",
        "price": "600",
        "price_per_unit": "80",
        "price_unit": "ML"
      }
    ]
  },
  {
    "source_url": "https://www.woolworths.com.au/shop/productdetails/803883/haday-yellow-soy-bean-paste",
    "name": "Haday Yellow Soy Bean Paste 340g",
    "image_url": "https://cdn1.woolworths.media/content/wowproductimages/large/803883.jpg",
    "source_id": "Woolworths - 803883",
    "barcode": "6902265340515",
    "shop": "Woolworths",
    "weight": "100G",
    "prices": [
      {
        "state": "VIC",
        "price": "345",
        "price_per_unit": "101",
        "price_unit": "G"
      },
      {
        "state": "QLD",
        "price": "345",
        "price_per_unit": "101",
        "price_unit": "G"
      },
      {
        "state": "WA",
        "price": "345",
        "price_per_unit": "101",
        "price_unit": "G"
      },
      {
        "state": "SA",
        "price": "345",
        "price_per_unit": "101",
        "price_unit": "G"
      },
      {
        "state": "TAS",
        "price": "345",
        "price_per_unit": "101",
        "price_unit": "G"
      },
      {
        "state": "ACT",
        "price": "345",
        "price_per_unit": "101",
        "price_unit": "G"
      },
      {
        "state": "NT",
        "price": "345",
        "price_per_unit": "101",
        "price_unit": "G"
      }
    ]
  },
  {
    "source_url": "https://www.woolworths.com.au/shop/productdetails/385294/haitai-bonbon-grape-drink",
    "name": "Haitai Bonbon Grape Drink 340ml",
    "image_url": "https://cdn1.woolworths.media/content/wowproductimages/large/385294.jpg",
    "source_id": "Woolworths - 385294",
    "barcode": "8801105911299",
    "shop": "Woolworths",
    "weight": "1L",
    "prices": [
      {
        "state": "VIC",
        "price": "285",
        "price_per_unit": "838",
        "price_unit": "L"
      },
      {
        "state": "QLD",
        "price": "285",
        "price_per_unit": "838",
        "price_unit": "L"
      },
      {
        "state": "WA",
        "price": "285",
        "price_per_unit": "838",
        "price_unit": "L"
      },
      {
        "state": "SA",
        "price": "285",
        "price_per_unit": "838",
        "price_unit": "L"
      },
      {
        "state": "TAS",
        "price": "285",
        "price_per_unit": "838",
        "price_unit": "L"
      },
      {
        "state": "ACT",
        "price": "285",
        "price_per_unit": "838",
        "price_unit": "L"
      },
      {
        "state": "NT",
        "price": "285",
        "price_per_unit": "838",
        "price_unit": "L"
      }
    ]
  },
  {
    "source_url": "https://www.woolworths.com.au/shop/productdetails/385393/haitai-crushed-pear-drink",
    "name": "Haitai Crushed Pear Drink 340ml",
    "image_url": "https://cdn1.woolworths.media/content/wowproductimages/large/385393.jpg",
    "source_id": "Woolworths - 385393",
    "barcode": "8801105915006",
    "shop": "Woolworths",
    "weight": "1L",
    "prices": [
      {
        "state": "VIC",
        "price": "285",
        "price_per_unit": "838",
        "price_unit": "L"
      },
      {
        "state": "QLD",
        "price": "285",
        "price_per_unit": "838",
        "price_unit": "L"
      },
      {
        "state": "WA",
        "price": "285",
        "price_per_unit": "838",
        "price_unit": "L"
      },
      {
        "state": "SA",
        "price": "285",
        "price_per_unit": "838",
        "price_unit": "L"
      },
      {
        "state": "TAS",
        "price": "285",
        "price_per_unit": "838",
        "price_unit": "L"
      },
      {
        "state": "ACT",
        "price": "285",
        "price_per_unit": "838",
        "price_unit": "L"
      },
      {
        "state": "NT",
        "price": "285",
        "price_per_unit": "838",
        "price_unit": "L"
      }
    ]
  },
  {
    "source_url": "https://www.woolworths.com.au/shop/productdetails/348214/hengs-fragrant-garlic-in-oil",
    "name": "Hengs Fragrant Garlic In Oil 200g",
    "image_url": "https://cdn1.woolworths.media/content/wowproductimages/large/348214.jpg",
    "source_id": "Woolworths - 348214",
    "barcode": "9556350401925",
    "shop": "Woolworths",
    "weight": "1KG",
    "prices": [
      {
        "state": "VIC",
        "price": "580",
        "price_per_unit": "2900",
        "price_unit": "KG"
      },
      {
        "state": "QLD",
        "price": "580",
        "price_per_unit": "2900",
        "price_unit": "KG"
      },
      {
        "state": "WA",
        "price": "580",
        "price_per_unit": "2900",
        "price_unit": "KG"
      },
      {
        "state": "SA",
        "price": "580",
        "price_per_unit": "2900",
        "price_unit": "KG"
      },
      {
        "state": "TAS",
        "price": "580",
        "price_per_unit": "2900",
        "price_unit": "KG"
      },
      {
        "state": "NT",
        "price": "580",
        "price_per_unit": "2900",
        "price_unit": "KG"
      },
      {
        "state": "NT",
        "price": "580",
        "price_per_unit": "2900",
        "price_unit": "KG"
      }
    ]
  },
  {
    "source_url": "https://www.woolworths.com.au/shop/productdetails/334377/hengs-fragrant-shallots-in-oil",
    "name": "Hengs Fragrant Shallots in Oil 200g",
    "image_url": "https://cdn1.woolworths.media/content/wowproductimages/large/334377.jpg",
    "source_id": "Woolworths - 334377",
    "barcode": "9556350401918",
    "shop": "Woolworths",
    "weight": "100G",
    "prices": [
      {
        "state": "VIC",
        "price": "580",
        "price_per_unit": "290",
        "price_unit": "G"
      },
      {
        "state": "QLD",
        "price": "580",
        "price_per_unit": "290",
        "price_unit": "G"
      },
      {
        "state": "WA",
        "price": "580",
        "price_per_unit": "290",
        "price_unit": "G"
      },
      {
        "state": "SA",
        "price": "580",
        "price_per_unit": "290",
        "price_unit": "G"
      },
      {
        "state": "TAS",
        "price": "580",
        "price_per_unit": "290",
        "price_unit": "G"
      },
      {
        "state": "NT",
        "price": "580",
        "price_per_unit": "290",
        "price_unit": "G"
      },
      {
        "state": "NT",
        "price": "580",
        "price_per_unit": "290",
        "price_unit": "G"
      }
    ]
  },
  {
    "source_url": "https://www.woolworths.com.au/shop/productdetails/487276/hengs-melaka-nyonya-kaya-spread-coconut-jam",
    "name": "Hengs Melaka Nyonya Kaya Spread Coconut Jam 420g",
    "image_url": "https://cdn1.woolworths.media/content/wowproductimages/large/487276.jpg",
    "source_id": "Woolworths - 487276",
    "barcode": "9556350400324",
    "shop": "Woolworths",
    "weight": "100G",
    "prices": [
      {
        "state": "VIC",
        "price": "590",
        "price_per_unit": "140",
        "price_unit": "G"
      },
      {
        "state": "QLD",
        "price": "590",
        "price_per_unit": "140",
        "price_unit": "G"
      },
      {
        "state": "WA",
        "price": "590",
        "price_per_unit": "140",
        "price_unit": "G"
      },
      {
        "state": "SA",
        "price": "590",
        "price_per_unit": "140",
        "price_unit": "G"
      },
      {
        "state": "TAS",
        "price": "590",
        "price_per_unit": "140",
        "price_unit": "G"
      },
      {
        "state": "ACT",
        "price": "590",
        "price_per_unit": "140",
        "price_unit": "G"
      },
      {
        "state": "NT",
        "price": "590",
        "price_per_unit": "140",
        "price_unit": "G"
      },
      {
        "state": "NT",
        "price": "590",
        "price_per_unit": "140",
        "price_unit": "G"
      }
    ]
  },
  {
    "source_url": "https://www.woolworths.com.au/shop/productdetails/486540/hengs-nyonya-kaya-spread-pandan",
    "name": "Hengs Nyonya Kaya Spread Pandan 420g",
    "image_url": "https://cdn1.woolworths.media/content/wowproductimages/large/486540.jpg",
    "source_id": "Woolworths - 486540",
    "barcode": "9556350400331",
    "shop": "Woolworths",
    "weight": "100G",
    "prices": [
      {
        "state": "VIC",
        "price": "590",
        "price_per_unit": "140",
        "price_unit": "G"
      },
      {
        "state": "QLD",
        "price": "590",
        "price_per_unit": "140",
        "price_unit": "G"
      },
      {
        "state": "WA",
        "price": "590",
        "price_per_unit": "140",
        "price_unit": "G"
      },
      {
        "state": "SA",
        "price": "590",
        "price_per_unit": "140",
        "price_unit": "G"
      },
      null,
      {
        "state": "ACT",
        "price": "590",
        "price_per_unit": "140",
        "price_unit": "G"
      },
      {
        "state": "NT",
        "price": "590",
        "price_per_unit": "140",
        "price_unit": "G"
      }
    ]
  },
  {
    "source_url": "https://www.woolworths.com.au/shop/productdetails/274623/hengshun-chin-kiang-vinegar",
    "name": "Hengshun Chin Kiang Vinegar 550mL",
    "image_url": "https://cdn1.woolworths.media/content/wowproductimages/large/274623.jpg",
    "source_id": "Woolworths - 274623",
    "barcode": "6902007508302",
    "shop": "Woolworths",
    "weight": "100ML",
    "prices": [
      {
        "state": "VIC",
        "price": "280",
        "price_per_unit": "51",
        "price_unit": "ML"
      },
      {
        "state": "QLD",
        "price": "280",
        "price_per_unit": "51",
        "price_unit": "ML"
      },
      {
        "state": "WA",
        "price": "280",
        "price_per_unit": "51",
        "price_unit": "ML"
      },
      {
        "state": "SA",
        "price": "280",
        "price_per_unit": "51",
        "price_unit": "ML"
      },
      {
        "state": "TAS",
        "price": "280",
        "price_per_unit": "51",
        "price_unit": "ML"
      },
      {
        "state": "ACT",
        "price": "280",
        "price_per_unit": "51",
        "price_unit": "ML"
      },
      {
        "state": "NT",
        "price": "280",
        "price_per_unit": "51",
        "price_unit": "ML"
      }
    ]
  },
  {
    "source_url": "https://www.woolworths.com.au/shop/productdetails/669013/hime-dried-green-tea-noodle",
    "name": "Hime Dried Green Tea Noodle 640g",
    "image_url": "https://cdn1.woolworths.media/content/wowproductimages/large/669013.jpg",
    "source_id": "Woolworths - 669013",
    "barcode": "11152206905",
    "shop": "Woolworths",
    "weight": "100G",
    "prices": [
      {
        "state": "VIC",
        "price": "560",
        "price_per_unit": "88",
        "price_unit": "G"
      },
      {
        "state": "QLD",
        "price": "560",
        "price_per_unit": "88",
        "price_unit": "G"
      },
      {
        "state": "WA",
        "price": "560",
        "price_per_unit": "88",
        "price_unit": "G"
      },
      {
        "state": "TAS",
        "price": "625",
        "price_per_unit": "98",
        "price_unit": "G"
      },
      {
        "state": "NT",
        "price": "625",
        "price_per_unit": "98",
        "price_unit": "G"
      }
    ]
  },
  {
    "source_url": "https://www.woolworths.com.au/shop/productdetails/673018/hime-dried-udon-noodle",
    "name": "Hime Dried Udon Noodle 800g",
    "image_url": "https://cdn1.woolworths.media/content/wowproductimages/large/673018.jpg",
    "source_id": "Woolworths - 673018",
    "barcode": "11152085081",
    "shop": "Woolworths",
    "weight": "100G",
    "prices": [
      {
        "state": "VIC",
        "price": "560",
        "price_per_unit": "70",
        "price_unit": "G"
      },
      {
        "state": "QLD",
        "price": "560",
        "price_per_unit": "70",
        "price_unit": "G"
      },
      {
        "state": "WA",
        "price": "560",
        "price_per_unit": "70",
        "price_unit": "G"
      },
      {
        "state": "TAS",
        "price": "625",
        "price_per_unit": "78",
        "price_unit": "G"
      },
      {
        "state": "NT",
        "price": "625",
        "price_per_unit": "78",
        "price_unit": "G"
      }
    ]
  },
  {
    "source_url": "https://www.woolworths.com.au/shop/productdetails/803611/hime-japanese-buckwheat-noodles",
    "name": "Hime Japanese Buckwheat Noodles 720g",
    "image_url": "https://cdn1.woolworths.media/content/wowproductimages/large/803611.jpg",
    "source_id": "Woolworths - 803611",
    "barcode": "11152085074",
    "shop": "Woolworths",
    "weight": "100G",
    "prices": [
      {
        "state": "VIC",
        "price": "660",
        "price_per_unit": "92",
        "price_unit": "G"
      },
      {
        "state": "QLD",
        "price": "660",
        "price_per_unit": "92",
        "price_unit": "G"
      },
      {
        "state": "WA",
        "price": "660",
        "price_per_unit": "92",
        "price_unit": "G"
      },
      {
        "state": "TAS",
        "price": "725",
        "price_per_unit": "101",
        "price_unit": "G"
      },
      {
        "state": "NT",
        "price": "725",
        "price_per_unit": "101",
        "price_unit": "G"
      }
    ]
  },
  {
    "source_url": "https://www.woolworths.com.au/shop/productdetails/805283/hong-gong-cooking-rice-wine",
    "name": "Hong Gong Cooking Rice Wine 620ml",
    "image_url": "https://cdn1.woolworths.media/content/wowproductimages/large/805283.jpg",
    "source_id": "Woolworths - 805283",
    "barcode": "9313551520172",
    "shop": "Woolworths",
    "weight": "100ML",
    "prices": [
      {
        "state": "VIC",
        "price": "280",
        "price_per_unit": "45",
        "price_unit": "ML"
      },
      {
        "state": "QLD",
        "price": "280",
        "price_per_unit": "45",
        "price_unit": "ML"
      },
      {
        "state": "WA",
        "price": "280",
        "price_per_unit": "45",
        "price_unit": "ML"
      },
      {
        "state": "SA",
        "price": "280",
        "price_per_unit": "45",
        "price_unit": "ML"
      },
      {
        "state": "TAS",
        "price": "280",
        "price_per_unit": "45",
        "price_unit": "ML"
      },
      {
        "state": "ACT",
        "price": "280",
        "price_per_unit": "45",
        "price_unit": "ML"
      },
      {
        "state": "NT",
        "price": "280",
        "price_per_unit": "45",
        "price_unit": "ML"
      }
    ]
  },
  {
    "source_url": "https://www.woolworths.com.au/shop/productdetails/488890/hong-gong-pure-sesame-oil",
    "name": "Hong Gong Pure Sesame Oil 150mL",
    "image_url": "https://cdn1.woolworths.media/content/wowproductimages/large/488890.jpg",
    "source_id": "Woolworths - 488890",
    "barcode": "9313551370401",
    "shop": "Woolworths",
    "weight": "100ML",
    "prices": [
      {
        "state": "VIC",
        "price": "325",
        "price_per_unit": "217",
        "price_unit": "ML"
      },
      {
        "state": "QLD",
        "price": "325",
        "price_per_unit": "217",
        "price_unit": "ML"
      },
      {
        "state": "WA",
        "price": "325",
        "price_per_unit": "217",
        "price_unit": "ML"
      },
      {
        "state": "SA",
        "price": "325",
        "price_per_unit": "217",
        "price_unit": "ML"
      },
      {
        "state": "TAS",
        "price": "325",
        "price_per_unit": "217",
        "price_unit": "ML"
      },
      {
        "state": "ACT",
        "price": "325",
        "price_per_unit": "217",
        "price_unit": "ML"
      },
      {
        "state": "NT",
        "price": "325",
        "price_per_unit": "217",
        "price_unit": "ML"
      }
    ]
  },
  {
    "source_url": "https://www.woolworths.com.au/shop/productdetails/805284/hong-gong-shao-hsing-wine",
    "name": "Hong Gong Shao Hsing Wine 640ml",
    "image_url": "https://cdn1.woolworths.media/content/wowproductimages/large/805284.jpg",
    "source_id": "Woolworths - 805284",
    "barcode": "9313551520158",
    "shop": "Woolworths",
    "weight": "100ML",
    "prices": [
      {
        "state": "VIC",
        "price": "230",
        "price_per_unit": "36",
        "price_unit": "ML"
      },
      {
        "state": "QLD",
        "price": "230",
        "price_per_unit": "36",
        "price_unit": "ML"
      },
      {
        "state": "WA",
        "price": "230",
        "price_per_unit": "36",
        "price_unit": "ML"
      },
      {
        "state": "SA",
        "price": "230",
        "price_per_unit": "36",
        "price_unit": "ML"
      },
      {
        "state": "TAS",
        "price": "230",
        "price_per_unit": "36",
        "price_unit": "ML"
      },
      {
        "state": "ACT",
        "price": "230",
        "price_per_unit": "36",
        "price_unit": "ML"
      },
      {
        "state": "NT",
        "price": "230",
        "price_per_unit": "36",
        "price_unit": "ML"
      }
    ]
  },
  {
    "source_url": "https://www.woolworths.com.au/shop/productdetails/830267/hot-kids-rice-snacks-want-want",
    "name": "Hot Kids Rice Snacks Want Want 500g",
    "image_url": "https://cdn1.woolworths.media/content/wowproductimages/large/830267.jpg",
    "source_id": "Woolworths - 830267",
    "barcode": "6920766211080",
    "shop": "Woolworths",
    "weight": "100G",
    "prices": [
      {
        "state": "VIC",
        "price": "1000",
        "price_per_unit": "200",
        "price_unit": "G"
      },
      {
        "state": "QLD",
        "price": "1000",
        "price_per_unit": "200",
        "price_unit": "G"
      },
      {
        "state": "WA",
        "price": "1000",
        "price_per_unit": "200",
        "price_unit": "G"
      },
      {
        "state": "TAS",
        "price": "1000",
        "price_per_unit": "200",
        "price_unit": "G"
      },
      {
        "state": "ACT",
        "price": "1000",
        "price_per_unit": "200",
        "price_unit": "G"
      },
      {
        "state": "NT",
        "price": "1000",
        "price_per_unit": "200",
        "price_unit": "G"
      }
    ]
  },
  {
    "source_url": "https://www.woolworths.com.au/shop/productdetails/830230/hot-kids-rice-snacks-want-want-senbei",
    "name": "Hot Kids Rice Snacks Want Want Senbei 112g",
    "image_url": "https://cdn1.woolworths.media/content/wowproductimages/large/830230.jpg",
    "source_id": "Woolworths - 830230",
    "barcode": "4710144101216",
    "shop": "Woolworths",
    "weight": "100G",
    "prices": [
      {
        "state": "VIC",
        "price": "350",
        "price_per_unit": "313",
        "price_unit": "G"
      },
      {
        "state": "QLD",
        "price": "350",
        "price_per_unit": "313",
        "price_unit": "G"
      },
      {
        "state": "WA",
        "price": "350",
        "price_per_unit": "313",
        "price_unit": "G"
      },
      {
        "state": "SA",
        "price": "350",
        "price_per_unit": "313",
        "price_unit": "G"
      },
      {
        "state": "TAS",
        "price": "450",
        "price_per_unit": "402",
        "price_unit": "G"
      },
      {
        "state": "ACT",
        "price": "450",
        "price_per_unit": "402",
        "price_unit": "G"
      },
      {
        "state": "NT",
        "price": "450",
        "price_per_unit": "402",
        "price_unit": "G"
      }
    ]
  },
  {
    "source_url": "https://www.woolworths.com.au/shop/productdetails/803610/house-foods-shichimi-togarashi",
    "name": "House Foods Shichimi Togarashi 18g",
    "image_url": "https://cdn1.woolworths.media/content/wowproductimages/large/803610.jpg",
    "source_id": "Woolworths - 803610",
    "barcode": "77377503472",
    "shop": "Woolworths",
    "weight": "10G",
    "prices": [
      {
        "state": "VIC",
        "price": "300",
        "price_per_unit": "167",
        "price_unit": "G"
      },
      {
        "state": "QLD",
        "price": "300",
        "price_per_unit": "167",
        "price_unit": "G"
      },
      {
        "state": "WA",
        "price": "300",
        "price_per_unit": "167",
        "price_unit": "G"
      },
      {
        "state": "SA",
        "price": "300",
        "price_per_unit": "167",
        "price_unit": "G"
      },
      {
        "state": "TAS",
        "price": "350",
        "price_per_unit": "194",
        "price_unit": "G"
      },
      {
        "state": "ACT",
        "price": "350",
        "price_per_unit": "194",
        "price_unit": "G"
      },
      {
        "state": "NT",
        "price": "350",
        "price_per_unit": "194",
        "price_unit": "G"
      }
    ]
  },
  {
    "source_url": "https://www.woolworths.com.au/shop/productdetails/40382/indomie-instant-noodles-chicken-curry-flavour",
    "name": "Indomie Instant Noodles Chicken Curry Flavour 80g",
    "image_url": "https://cdn1.woolworths.media/content/wowproductimages/large/040382.jpg",
    "source_id": "Woolworths - 40382",
    "barcode": "9310432090038",
    "shop": "Woolworths",
    "weight": "100G",
    "prices": [
      {
        "state": "VIC",
        "price": "100",
        "price_per_unit": "125",
        "price_unit": "G"
      },
      {
        "state": "QLD",
        "price": "100",
        "price_per_unit": "125",
        "price_unit": "G"
      },
      {
        "state": "WA",
        "price": "100",
        "price_per_unit": "125",
        "price_unit": "G"
      },
      {
        "state": "SA",
        "price": "100",
        "price_per_unit": "125",
        "price_unit": "G"
      },
      {
        "state": "TAS",
        "price": "100",
        "price_per_unit": "125",
        "price_unit": "G"
      },
      {
        "state": "ACT",
        "price": "100",
        "price_per_unit": "125",
        "price_unit": "G"
      },
      {
        "state": "NT",
        "price": "100",
        "price_per_unit": "125",
        "price_unit": "G"
      }
    ]
  },
  {
    "source_url": "https://www.woolworths.com.au/shop/productdetails/827076/indomie-instant-noodles-hot-spicy-mi-goreng",
    "name": "Indomie Instant Noodles Hot & Spicy Mi Goreng 80g",
    "image_url": "https://cdn1.woolworths.media/content/wowproductimages/large/827076.jpg",
    "source_id": "Woolworths - 827076",
    "barcode": "89686171679",
    "shop": "Woolworths",
    "weight": "100G",
    "prices": [
      {
        "state": "VIC",
        "price": "100",
        "price_per_unit": "125",
        "price_unit": "G"
      },
      {
        "state": "QLD",
        "price": "100",
        "price_per_unit": "125",
        "price_unit": "G"
      },
      {
        "state": "WA",
        "price": "100",
        "price_per_unit": "125",
        "price_unit": "G"
      },
      {
        "state": "SA",
        "price": "100",
        "price_per_unit": "125",
        "price_unit": "G"
      },
      {
        "state": "TAS",
        "price": "100",
        "price_per_unit": "125",
        "price_unit": "G"
      },
      {
        "state": "ACT",
        "price": "100",
        "price_per_unit": "125",
        "price_unit": "G"
      },
      {
        "state": "NT",
        "price": "100",
        "price_per_unit": "125",
        "price_unit": "G"
      }
    ]
  },
  {
    "source_url": "https://www.woolworths.com.au/shop/productdetails/326614/ito-en-lychee-ice-tea-decaf",
    "name": "Ito En Lychee Ice Tea Decaf 535ml",
    "image_url": "https://cdn1.woolworths.media/content/wowproductimages/large/326614.jpg",
    "source_id": "Woolworths - 326614",
    "barcode": "4901085599761",
    "shop": "Woolworths",
    "weight": "1L",
    "prices": [
      {
        "state": "VIC",
        "price": "270",
        "price_per_unit": "505",
        "price_unit": "L"
      },
      {
        "state": "QLD",
        "price": "270",
        "price_per_unit": "505",
        "price_unit": "L"
      },
      {
        "state": "WA",
        "price": "270",
        "price_per_unit": "505",
        "price_unit": "L"
      },
      {
        "state": "SA",
        "price": "270",
        "price_per_unit": "505",
        "price_unit": "L"
      },
      {
        "state": "TAS",
        "price": "270",
        "price_per_unit": "505",
        "price_unit": "L"
      },
      {
        "state": "ACT",
        "price": "270",
        "price_per_unit": "505",
        "price_unit": "L"
      },
      {
        "state": "NT",
        "price": "270",
        "price_per_unit": "505",
        "price_unit": "L"
      }
    ]
  },
  {
    "source_url": "https://www.woolworths.com.au/shop/productdetails/348056/ito-en-peach-ice-tea",
    "name": "Ito En Peach Ice Tea 535ml",
    "image_url": "https://cdn1.woolworths.media/content/wowproductimages/large/348056.jpg",
    "source_id": "Woolworths - 348056",
    "barcode": "4901085599785",
    "shop": "Woolworths",
    "weight": "100ML",
    "prices": [
      {
        "state": "VIC",
        "price": "270",
        "price_per_unit": "50",
        "price_unit": "ML"
      },
      {
        "state": "QLD",
        "price": "270",
        "price_per_unit": "50",
        "price_unit": "ML"
      },
      {
        "state": "WA",
        "price": "270",
        "price_per_unit": "50",
        "price_unit": "ML"
      },
      {
        "state": "SA",
        "price": "270",
        "price_per_unit": "50",
        "price_unit": "ML"
      },
      {
        "state": "TAS",
        "price": "270",
        "price_per_unit": "50",
        "price_unit": "ML"
      },
      {
        "state": "ACT",
        "price": "270",
        "price_per_unit": "50",
        "price_unit": "ML"
      },
      {
        "state": "NT",
        "price": "270",
        "price_per_unit": "50",
        "price_unit": "ML"
      }
    ]
  },
  {
    "source_url": "https://www.woolworths.com.au/shop/productdetails/334375/ito-en-sweet-matcha-green-tea",
    "name": "Ito En Sweet Matcha Green Tea 10 Pack",
    "image_url": "https://cdn1.woolworths.media/content/wowproductimages/large/334375.jpg",
    "source_id": "Woolworths - 334375",
    "barcode": "4901085599891",
    "shop": "Woolworths",
    "weight": "100G",
    "prices": [
      {
        "state": "VIC",
        "price": "995",
        "price_per_unit": "829",
        "price_unit": "G"
      },
      {
        "state": "QLD",
        "price": "995",
        "price_per_unit": "829",
        "price_unit": "G"
      },
      {
        "state": "WA",
        "price": "995",
        "price_per_unit": "829",
        "price_unit": "G"
      },
      {
        "state": "SA",
        "price": "995",
        "price_per_unit": "829",
        "price_unit": "G"
      },
      {
        "state": "TAS",
        "price": "1200",
        "price_per_unit": "1000",
        "price_unit": "G"
      },
      {
        "state": "ACT",
        "price": "1200",
        "price_per_unit": "1000",
        "price_unit": "G"
      },
      {
        "state": "NT",
        "price": "1200",
        "price_per_unit": "1000",
        "price_unit": "G"
      }
    ]
  },
  {
    "source_url": "https://www.woolworths.com.au/shop/productdetails/330631/jade-phoenix-ingredients-mushroom-dried-whole-shiitake",
    "name": "Jade Phoenix Ingredients Mushroom Dried Whole Shiitake 50g",
    "image_url": "https://cdn1.woolworths.media/content/wowproductimages/large/330631.jpg",
    "source_id": "Woolworths - 330631",
    "barcode": "9310432002987",
    "shop": "Woolworths",
    "weight": "1KG",
    "prices": [
      {
        "state": "VIC",
        "price": "450",
        "price_per_unit": "9000",
        "price_unit": "KG"
      },
      {
        "state": "QLD",
        "price": "450",
        "price_per_unit": "9000",
        "price_unit": "KG"
      },
      {
        "state": "WA",
        "price": "450",
        "price_per_unit": "9000",
        "price_unit": "KG"
      },
      {
        "state": "SA",
        "price": "450",
        "price_per_unit": "9000",
        "price_unit": "KG"
      },
      {
        "state": "TAS",
        "price": "450",
        "price_per_unit": "9000",
        "price_unit": "KG"
      },
      {
        "state": "ACT",
        "price": "450",
        "price_per_unit": "9000",
        "price_unit": "KG"
      },
      {
        "state": "NT",
        "price": "450",
        "price_per_unit": "9000",
        "price_unit": "KG"
      }
    ]
  },
  {
    "source_url": "https://www.woolworths.com.au/shop/productdetails/333735/jade-phoenix-mix-assorted-mushroom-mushroom-mix-assorted",
    "name": "Jade Phoenix Mix Assorted Mushroom Mushroom Mix Assorted 100g",
    "image_url": "https://cdn1.woolworths.media/content/wowproductimages/large/333735.jpg",
    "source_id": "Woolworths - 333735",
    "barcode": "9310432003045",
    "shop": "Woolworths",
    "weight": "1KG",
    "prices": [
      {
        "state": "VIC",
        "price": "450",
        "price_per_unit": "4500",
        "price_unit": "KG"
      },
      {
        "state": "QLD",
        "price": "450",
        "price_per_unit": "4500",
        "price_unit": "KG"
      },
      {
        "state": "WA",
        "price": "450",
        "price_per_unit": "4500",
        "price_unit": "KG"
      },
      {
        "state": "SA",
        "price": "450",
        "price_per_unit": "4500",
        "price_unit": "KG"
      },
      {
        "state": "TAS",
        "price": "450",
        "price_per_unit": "4500",
        "price_unit": "KG"
      },
      {
        "state": "ACT",
        "price": "450",
        "price_per_unit": "4500",
        "price_unit": "KG"
      },
      {
        "state": "NT",
        "price": "450",
        "price_per_unit": "4500",
        "price_unit": "KG"
      }
    ]
  },
  {
    "source_url": "https://www.woolworths.com.au/shop/productdetails/364826/jade-phoenix-shiitake-mushrooms",
    "name": "Jade Phoenix Shiitake Mushrooms 100g",
    "image_url": "https://cdn1.woolworths.media/content/wowproductimages/large/364826.jpg",
    "source_id": "Woolworths - 364826",
    "barcode": "9310432000709",
    "shop": "Woolworths",
    "weight": "1KG",
    "prices": [
      {
        "state": "VIC",
        "price": "580",
        "price_per_unit": "5800",
        "price_unit": "KG"
      },
      {
        "state": "QLD",
        "price": "580",
        "price_per_unit": "5800",
        "price_unit": "KG"
      },
      {
        "state": "WA",
        "price": "580",
        "price_per_unit": "5800",
        "price_unit": "KG"
      },
      {
        "state": "SA",
        "price": "580",
        "price_per_unit": "5800",
        "price_unit": "KG"
      },
      {
        "state": "TAS",
        "price": "580",
        "price_per_unit": "5800",
        "price_unit": "KG"
      },
      {
        "state": "ACT",
        "price": "580",
        "price_per_unit": "5800",
        "price_unit": "KG"
      },
      {
        "state": "NT",
        "price": "580",
        "price_per_unit": "5800",
        "price_unit": "KG"
      }
    ]
  },
  {
    "source_url": "https://www.woolworths.com.au/shop/productdetails/827029/jade-phoenix-snow-fungus",
    "name": "Jade Phoenix Snow Fungus 50g",
    "image_url": "https://cdn1.woolworths.media/content/wowproductimages/large/827029.jpg",
    "source_id": "Woolworths - 827029",
    "barcode": "9310432003007",
    "shop": "Woolworths",
    "weight": "100G",
    "prices": [
      {
        "state": "VIC",
        "price": "370",
        "price_per_unit": "740",
        "price_unit": "G"
      },
      {
        "state": "QLD",
        "price": "370",
        "price_per_unit": "740",
        "price_unit": "G"
      },
      {
        "state": "WA",
        "price": "370",
        "price_per_unit": "740",
        "price_unit": "G"
      },
      {
        "state": "SA",
        "price": "370",
        "price_per_unit": "740",
        "price_unit": "G"
      },
      {
        "state": "TAS",
        "price": "370",
        "price_per_unit": "740",
        "price_unit": "G"
      },
      {
        "state": "ACT",
        "price": "370",
        "price_per_unit": "740",
        "price_unit": "G"
      },
      {
        "state": "NT",
        "price": "370",
        "price_per_unit": "740",
        "price_unit": "G"
      }
    ]
  },
  {
    "source_url": "https://www.woolworths.com.au/shop/productdetails/326438/jelly-joy-jelly-sticks",
    "name": "Jelly Joy Jelly Sticks 400g",
    "image_url": "https://cdn1.woolworths.media/content/wowproductimages/large/326438.jpg",
    "source_id": "Woolworths - 326438",
    "barcode": "8888215600497",
    "shop": "Woolworths",
    "weight": "100G",
    "prices": [
      {
        "state": "VIC",
        "price": "350",
        "price_per_unit": "88",
        "price_unit": "G"
      },
      {
        "state": "QLD",
        "price": "350",
        "price_per_unit": "88",
        "price_unit": "G"
      },
      {
        "state": "WA",
        "price": "350",
        "price_per_unit": "88",
        "price_unit": "G"
      },
      {
        "state": "SA",
        "price": "350",
        "price_per_unit": "88",
        "price_unit": "G"
      },
      {
        "state": "TAS",
        "price": "350",
        "price_per_unit": "88",
        "price_unit": "G"
      },
      {
        "state": "ACT",
        "price": "350",
        "price_per_unit": "88",
        "price_unit": "G"
      },
      {
        "state": "NT",
        "price": "350",
        "price_per_unit": "88",
        "price_unit": "G"
      }
    ]
  },
  {
    "source_url": "https://www.woolworths.com.au/shop/productdetails/807432/jinmailang-egg-noodle",
    "name": "Jinmailang Egg Noodle 1kg",
    "image_url": "https://cdn1.woolworths.media/content/wowproductimages/large/807432.jpg",
    "source_id": "Woolworths - 807432",
    "barcode": "6921555507346",
    "shop": "Woolworths",
    "weight": "100G",
    "prices": [
      {
        "state": "VIC",
        "price": "310",
        "price_per_unit": "31",
        "price_unit": "G"
      },
      {
        "state": "QLD",
        "price": "310",
        "price_per_unit": "31",
        "price_unit": "G"
      },
      {
        "state": "WA",
        "price": "310",
        "price_per_unit": "31",
        "price_unit": "G"
      },
      {
        "state": "SA",
        "price": "310",
        "price_per_unit": "31",
        "price_unit": "G"
      },
      {
        "state": "TAS",
        "price": "310",
        "price_per_unit": "31",
        "price_unit": "G"
      },
      {
        "state": "ACT",
        "price": "310",
        "price_per_unit": "31",
        "price_unit": "G"
      },
      {
        "state": "NT",
        "price": "310",
        "price_per_unit": "31",
        "price_unit": "G"
      }
    ]
  },
  {
    "source_url": "https://www.woolworths.com.au/shop/productdetails/500623/jinmailang-japanese-udon-tonkotsu",
    "name": "Jinmailang Japanese Udon Tonkotsu 640g",
    "image_url": "https://cdn1.woolworths.media/content/wowproductimages/large/500623.jpg",
    "source_id": "Woolworths - 500623",
    "barcode": "6921555552964",
    "shop": "Woolworths",
    "weight": "100G",
    "prices": [
      {
        "state": "VIC",
        "price": "795",
        "price_per_unit": "124",
        "price_unit": "G"
      },
      {
        "state": "QLD",
        "price": "795",
        "price_per_unit": "124",
        "price_unit": "G"
      },
      {
        "state": "WA",
        "price": "795",
        "price_per_unit": "124",
        "price_unit": "G"
      },
      {
        "state": "TAS",
        "price": "795",
        "price_per_unit": "124",
        "price_unit": "G"
      },
      {
        "state": "ACT",
        "price": "795",
        "price_per_unit": "124",
        "price_unit": "G"
      },
      {
        "state": "NT",
        "price": "795",
        "price_per_unit": "124",
        "price_unit": "G"
      }
    ]
  },
  {
    "source_url": "https://www.woolworths.com.au/shop/productdetails/828966/jinmailang-ramen",
    "name": "Jinmailang Ramen 1kg",
    "image_url": "https://cdn1.woolworths.media/content/wowproductimages/large/828966.jpg",
    "source_id": "Woolworths - 828966",
    "barcode": "6921555589663",
    "shop": "Woolworths",
    "weight": "1KG",
    "prices": [
      {
        "state": "VIC",
        "price": "310",
        "price_per_unit": "310",
        "price_unit": "KG"
      },
      {
        "state": "QLD",
        "price": "310",
        "price_per_unit": "310",
        "price_unit": "KG"
      },
      {
        "state": "WA",
        "price": "310",
        "price_per_unit": "310",
        "price_unit": "KG"
      },
      {
        "state": "SA",
        "price": "310",
        "price_per_unit": "310",
        "price_unit": "KG"
      },
      {
        "state": "TAS",
        "price": "310",
        "price_per_unit": "310",
        "price_unit": "KG"
      },
      {
        "state": "ACT",
        "price": "310",
        "price_per_unit": "310",
        "price_unit": "KG"
      },
      {
        "state": "NT",
        "price": "310",
        "price_per_unit": "310",
        "price_unit": "KG"
      }
    ]
  },
  {
    "source_url": "https://www.woolworths.com.au/shop/productdetails/790347/jinmailang-stew-beef-noodle-stew-beef",
    "name": "Jinmailang Stew Beef Noodle Stew Beef 5 Pack",
    "image_url": "https://cdn1.woolworths.media/content/wowproductimages/large/790347.jpg",
    "source_id": "Woolworths - 790347",
    "barcode": "6921555595770",
    "shop": "Woolworths",
    "weight": "100G",
    "prices": [
      {
        "state": "VIC",
        "price": "440",
        "price_per_unit": "80",
        "price_unit": "G"
      },
      {
        "state": "QLD",
        "price": "440",
        "price_per_unit": "80",
        "price_unit": "G"
      },
      {
        "state": "WA",
        "price": "440",
        "price_per_unit": "80",
        "price_unit": "G"
      },
      {
        "state": "TAS",
        "price": "440",
        "price_per_unit": "80",
        "price_unit": "G"
      },
      {
        "state": "ACT",
        "price": "440",
        "price_per_unit": "80",
        "price_unit": "G"
      },
      {
        "state": "NT",
        "price": "440",
        "price_per_unit": "80",
        "price_unit": "G"
      }
    ]
  },
  {
    "source_url": "https://www.woolworths.com.au/shop/productdetails/422130/julie-s-sugar-crackers",
    "name": "Julie's Sugar Crackers 10 pack",
    "image_url": "https://cdn1.woolworths.media/content/wowproductimages/large/422130.jpg",
    "source_id": "Woolworths - 422130",
    "barcode": "9556121025817",
    "shop": "Woolworths",
    "weight": "100G",
    "prices": [
      {
        "state": "VIC",
        "price": "430",
        "price_per_unit": "172",
        "price_unit": "G"
      },
      {
        "state": "QLD",
        "price": "430",
        "price_per_unit": "172",
        "price_unit": "G"
      },
      {
        "state": "WA",
        "price": "430",
        "price_per_unit": "172",
        "price_unit": "G"
      },
      null,
      {
        "state": "NT",
        "price": "430",
        "price_per_unit": "172",
        "price_unit": "G"
      }
    ]
  },
  {
    "source_url": "https://www.woolworths.com.au/shop/productdetails/333423/kct-dark-soy-sauce",
    "name": "KCT Dark Soy Sauce 640ml",
    "image_url": "https://cdn1.woolworths.media/content/wowproductimages/large/333423.jpg",
    "source_id": "Woolworths - 333423",
    "barcode": "8888273110075",
    "shop": "Woolworths",
    "weight": "100ML",
    "prices": [
      {
        "state": "VIC",
        "price": "600",
        "price_per_unit": "94",
        "price_unit": "ML"
      },
      {
        "state": "QLD",
        "price": "600",
        "price_per_unit": "94",
        "price_unit": "ML"
      },
      {
        "state": "WA",
        "price": "600",
        "price_per_unit": "94",
        "price_unit": "ML"
      },
      {
        "state": "SA",
        "price": "600",
        "price_per_unit": "94",
        "price_unit": "ML"
      },
      {
        "state": "TAS",
        "price": "600",
        "price_per_unit": "94",
        "price_unit": "ML"
      },
      {
        "state": "NT",
        "price": "600",
        "price_per_unit": "94",
        "price_unit": "ML"
      }
    ]
  },
  {
    "source_url": "https://www.woolworths.com.au/shop/productdetails/334332/kct-light-soy-sauce",
    "name": "KCT Light Soy Sauce 640ml",
    "image_url": "https://cdn1.woolworths.media/content/wowproductimages/large/334332.jpg",
    "source_id": "Woolworths - 334332",
    "barcode": "8888273110037",
    "shop": "Woolworths",
    "weight": "100ML",
    "prices": [
      {
        "state": "VIC",
        "price": "600",
        "price_per_unit": "94",
        "price_unit": "ML"
      },
      {
        "state": "QLD",
        "price": "600",
        "price_per_unit": "94",
        "price_unit": "ML"
      },
      {
        "state": "WA",
        "price": "600",
        "price_per_unit": "94",
        "price_unit": "ML"
      },
      {
        "state": "SA",
        "price": "600",
        "price_per_unit": "94",
        "price_unit": "ML"
      },
      null,
      {
        "state": "NT",
        "price": "600",
        "price_per_unit": "94",
        "price_unit": "ML"
      }
    ]
  },
  {
    "source_url": "https://www.woolworths.com.au/shop/productdetails/790572/ayam-mongolian-lamb-sauce",
    "name": "Ayam Mongolian Lamb Sauce 210ml",
    "image_url": "https://cdn1.woolworths.media/content/wowproductimages/large/790572.jpg",
    "source_id": "Woolworths - 790572",
    "barcode": "9556041612388",
    "shop": "Woolworths",
    "weight": "100ML",
    "prices": [
      {
        "state": "VIC",
        "price": "400",
        "price_per_unit": "190",
        "price_unit": "ML"
      },
      {
        "state": "SA",
        "price": "400",
        "price_per_unit": "190",
        "price_unit": "ML"
      },
      {
        "state": "TAS",
        "price": "400",
        "price_per_unit": "190",
        "price_unit": "ML"
      },
      {
        "state": "ACT",
        "price": "400",
        "price_per_unit": "190",
        "price_unit": "ML"
      },
      {
        "state": "NT",
        "price": "400",
        "price_per_unit": "190",
        "price_unit": "ML"
      }
    ]
  },
  {
    "source_url": "https://www.woolworths.com.au/shop/productdetails/486823/kikkoman-yakiniku-gluten-free-japanese-bbq-sauce",
    "name": "Kikkoman Yakiniku Gluten Free Japanese BBQ Sauce 150mL",
    "image_url": "https://cdn1.woolworths.media/content/wowproductimages/large/486823.jpg",
    "source_id": "Woolworths - 486823",
    "barcode": "4901515011115",
    "shop": "Woolworths",
    "weight": "100ML",
    "prices": [
      {
        "state": "VIC",
        "price": "280",
        "price_per_unit": "187",
        "price_unit": "ML"
      },
      {
        "state": "QLD",
        "price": "280",
        "price_per_unit": "187",
        "price_unit": "ML"
      },
      {
        "state": "WA",
        "price": "280",
        "price_per_unit": "187",
        "price_unit": "ML"
      },
      {
        "state": "SA",
        "price": "280",
        "price_per_unit": "187",
        "price_unit": "ML"
      },
      {
        "state": "TAS",
        "price": "280",
        "price_per_unit": "187",
        "price_unit": "ML"
      },
      {
        "state": "ACT",
        "price": "280",
        "price_per_unit": "187",
        "price_unit": "ML"
      },
      {
        "state": "ACT",
        "price": "280",
        "price_per_unit": "187",
        "price_unit": "ML"
      },
      {
        "state": "NT",
        "price": "280",
        "price_per_unit": "187",
        "price_unit": "ML"
      }
    ]
  },
  {
    "source_url": "https://www.woolworths.com.au/shop/productdetails/489534/kikkoman-yakitori-gluten-free-glaze-sauce",
    "name": "Kikkoman Yakitori Gluten Free Glaze Sauce 150mL",
    "image_url": "https://cdn1.woolworths.media/content/wowproductimages/large/489534.jpg",
    "source_id": "Woolworths - 489534",
    "barcode": "4901515011108",
    "shop": "Woolworths",
    "weight": "100ML",
    "prices": [
      {
        "state": "VIC",
        "price": "280",
        "price_per_unit": "187",
        "price_unit": "ML"
      },
      {
        "state": "QLD",
        "price": "280",
        "price_per_unit": "187",
        "price_unit": "ML"
      },
      {
        "state": "WA",
        "price": "280",
        "price_per_unit": "187",
        "price_unit": "ML"
      },
      {
        "state": "SA",
        "price": "280",
        "price_per_unit": "187",
        "price_unit": "ML"
      },
      {
        "state": "TAS",
        "price": "280",
        "price_per_unit": "187",
        "price_unit": "ML"
      },
      {
        "state": "ACT",
        "price": "280",
        "price_per_unit": "187",
        "price_unit": "ML"
      },
      {
        "state": "ACT",
        "price": "280",
        "price_per_unit": "187",
        "price_unit": "ML"
      },
      {
        "state": "NT",
        "price": "400",
        "price_per_unit": "267",
        "price_unit": "ML"
      }
    ]
  },
  {
    "source_url": "https://www.woolworths.com.au/shop/productdetails/827060/koh-kae-peanuts-bbq",
    "name": "Koh Kae Peanuts Bbq 230g",
    "image_url": "https://cdn1.woolworths.media/content/wowproductimages/large/827060.jpg",
    "source_id": "Woolworths - 827060",
    "barcode": "8852023665511",
    "shop": "Woolworths",
    "weight": "1KG",
    "prices": [
      {
        "state": "VIC",
        "price": "500",
        "price_per_unit": "2174",
        "price_unit": "KG"
      },
      {
        "state": "QLD",
        "price": "500",
        "price_per_unit": "2174",
        "price_unit": "KG"
      },
      {
        "state": "WA",
        "price": "500",
        "price_per_unit": "2174",
        "price_unit": "KG"
      },
      {
        "state": "SA",
        "price": "500",
        "price_per_unit": "2174",
        "price_unit": "KG"
      },
      null,
      {
        "state": "ACT",
        "price": "500",
        "price_per_unit": "2174",
        "price_unit": "KG"
      },
      {
        "state": "ACT",
        "price": "500",
        "price_per_unit": "2174",
        "price_unit": "KG"
      },
      {
        "state": "NT",
        "price": "500",
        "price_per_unit": "2174",
        "price_unit": "KG"
      }
    ]
  },
  {
    "source_url": "https://www.woolworths.com.au/shop/productdetails/67484/lao-gan-ma-chilli-oil-three-ting",
    "name": "Lao Gan Ma Chilli Oil Three Ting 210g",
    "image_url": "https://cdn1.woolworths.media/content/wowproductimages/large/067484.jpg",
    "source_id": "Woolworths - 67484",
    "barcode": "6921804700689",
    "shop": "Woolworths",
    "weight": "100G",
    "prices": [
      {
        "state": "VIC",
        "price": "440",
        "price_per_unit": "210",
        "price_unit": "G"
      },
      {
        "state": "QLD",
        "price": "440",
        "price_per_unit": "210",
        "price_unit": "G"
      },
      {
        "state": "WA",
        "price": "440",
        "price_per_unit": "210",
        "price_unit": "G"
      },
      {
        "state": "SA",
        "price": "440",
        "price_per_unit": "210",
        "price_unit": "G"
      },
      {
        "state": "TAS",
        "price": "440",
        "price_per_unit": "210",
        "price_unit": "G"
      },
      {
        "state": "ACT",
        "price": "440",
        "price_per_unit": "210",
        "price_unit": "G"
      },
      {
        "state": "NT",
        "price": "440",
        "price_per_unit": "210",
        "price_unit": "G"
      }
    ]
  },
  {
    "source_url": "https://www.woolworths.com.au/shop/productdetails/67551/lao-gan-ma-chilli-sauce-chicken",
    "name": "Lao Gan Ma Chilli Sauce Chicken 210g",
    "image_url": "https://cdn1.woolworths.media/content/wowproductimages/large/067551.jpg",
    "source_id": "Woolworths - 67551",
    "barcode": "6921804700795",
    "shop": "Woolworths",
    "weight": "100G",
    "prices": [
      {
        "state": "VIC",
        "price": "460",
        "price_per_unit": "219",
        "price_unit": "G"
      },
      {
        "state": "QLD",
        "price": "460",
        "price_per_unit": "219",
        "price_unit": "G"
      },
      {
        "state": "WA",
        "price": "460",
        "price_per_unit": "219",
        "price_unit": "G"
      },
      {
        "state": "SA",
        "price": "460",
        "price_per_unit": "219",
        "price_unit": "G"
      },
      {
        "state": "TAS",
        "price": "460",
        "price_per_unit": "219",
        "price_unit": "G"
      },
      {
        "state": "NT",
        "price": "460",
        "price_per_unit": "219",
        "price_unit": "G"
      }
    ]
  },
  {
    "source_url": "https://www.woolworths.com.au/shop/productdetails/66809/lao-gan-ma-chilli-sauce-pork-blackbean",
    "name": "Lao Gan Ma Chilli Sauce Pork Blackbean 210g",
    "image_url": "https://cdn1.woolworths.media/content/wowproductimages/large/066809.jpg",
    "source_id": "Woolworths - 66809",
    "barcode": "6921804700207",
    "shop": "Woolworths",
    "weight": "100G",
    "prices": [
      {
        "state": "VIC",
        "price": "460",
        "price_per_unit": "219",
        "price_unit": "G"
      },
      {
        "state": "QLD",
        "price": "460",
        "price_per_unit": "219",
        "price_unit": "G"
      },
      {
        "state": "WA",
        "price": "460",
        "price_per_unit": "219",
        "price_unit": "G"
      },
      {
        "state": "SA",
        "price": "460",
        "price_per_unit": "219",
        "price_unit": "G"
      },
      {
        "state": "TAS",
        "price": "460",
        "price_per_unit": "219",
        "price_unit": "G"
      },
      {
        "state": "ACT",
        "price": "460",
        "price_per_unit": "219",
        "price_unit": "G"
      },
      {
        "state": "NT",
        "price": "460",
        "price_per_unit": "219",
        "price_unit": "G"
      }
    ]
  },
  {
    "source_url": "https://www.woolworths.com.au/shop/productdetails/684011/laoganma-hot-chilli-oil",
    "name": "Laoganma Hot Chilli Oil 210g",
    "image_url": "https://cdn1.woolworths.media/content/wowproductimages/large/684011.jpg",
    "source_id": "Woolworths - 684011",
    "barcode": "6921804700054",
    "shop": "Woolworths",
    "weight": "100G",
    "prices": [
      {
        "state": "VIC",
        "price": "430",
        "price_per_unit": "205",
        "price_unit": "G"
      },
      {
        "state": "QLD",
        "price": "430",
        "price_per_unit": "205",
        "price_unit": "G"
      },
      {
        "state": "WA",
        "price": "430",
        "price_per_unit": "205",
        "price_unit": "G"
      },
      {
        "state": "SA",
        "price": "430",
        "price_per_unit": "205",
        "price_unit": "G"
      },
      {
        "state": "TAS",
        "price": "430",
        "price_per_unit": "205",
        "price_unit": "G"
      },
      {
        "state": "ACT",
        "price": "430",
        "price_per_unit": "205",
        "price_unit": "G"
      },
      {
        "state": "NT",
        "price": "430",
        "price_per_unit": "205",
        "price_unit": "G"
      }
    ]
  },
  {
    "source_url": "https://www.woolworths.com.au/shop/productdetails/828060/lee-kum-kee-chili-oil-chiu-chow",
    "name": "Lee Kum Kee Chili Oil Chiu Chow 205g",
    "image_url": "https://cdn1.woolworths.media/content/wowproductimages/large/828060.jpg",
    "source_id": "Woolworths - 828060",
    "barcode": "78895743050",
    "shop": "Woolworths",
    "weight": "100G",
    "prices": [
      {
        "state": "VIC",
        "price": "600",
        "price_per_unit": "293",
        "price_unit": "G"
      },
      {
        "state": "QLD",
        "price": "600",
        "price_per_unit": "293",
        "price_unit": "G"
      },
      {
        "state": "WA",
        "price": "600",
        "price_per_unit": "293",
        "price_unit": "G"
      },
      {
        "state": "SA",
        "price": "600",
        "price_per_unit": "293",
        "price_unit": "G"
      },
      {
        "state": "TAS",
        "price": "600",
        "price_per_unit": "293",
        "price_unit": "G"
      },
      {
        "state": "ACT",
        "price": "600",
        "price_per_unit": "293",
        "price_unit": "G"
      },
      {
        "state": "NT",
        "price": "600",
        "price_per_unit": "293",
        "price_unit": "G"
      }
    ]
  },
  {
    "source_url": "https://www.woolworths.com.au/shop/productdetails/364439/lee-kum-kee-panda-sauce-oyster",
    "name": "Lee Kum Kee Panda Sauce Oyster 907g",
    "image_url": "https://cdn1.woolworths.media/content/wowproductimages/large/364439.jpg",
    "source_id": "Woolworths - 364439",
    "barcode": "78895300031",
    "shop": "Woolworths",
    "weight": "100G",
    "prices": [
      {
        "state": "VIC",
        "price": "850",
        "price_per_unit": "94",
        "price_unit": "G"
      },
      {
        "state": "QLD",
        "price": "850",
        "price_per_unit": "94",
        "price_unit": "G"
      },
      {
        "state": "WA",
        "price": "850",
        "price_per_unit": "94",
        "price_unit": "G"
      },
      {
        "state": "SA",
        "price": "850",
        "price_per_unit": "94",
        "price_unit": "G"
      },
      {
        "state": "TAS",
        "price": "850",
        "price_per_unit": "94",
        "price_unit": "G"
      },
      {
        "state": "ACT",
        "price": "850",
        "price_per_unit": "94",
        "price_unit": "G"
      },
      {
        "state": "NT",
        "price": "850",
        "price_per_unit": "94",
        "price_unit": "G"
      }
    ]
  },
  {
    "source_url": "https://www.woolworths.com.au/shop/productdetails/373985/lee-kum-kee-ready-sauce-kung-pao-chicken",
    "name": "Lee Kum Kee Ready Sauce Kung Pao Chicken 145g",
    "image_url": "https://cdn1.woolworths.media/content/wowproductimages/large/373985.jpg",
    "source_id": "Woolworths - 373985",
    "barcode": "78895140224",
    "shop": "Woolworths",
    "weight": "100G",
    "prices": [
      {
        "state": "VIC",
        "price": "270",
        "price_per_unit": "186",
        "price_unit": "G"
      },
      {
        "state": "QLD",
        "price": "270",
        "price_per_unit": "186",
        "price_unit": "G"
      },
      {
        "state": "WA",
        "price": "270",
        "price_per_unit": "186",
        "price_unit": "G"
      },
      {
        "state": "SA",
        "price": "270",
        "price_per_unit": "186",
        "price_unit": "G"
      },
      {
        "state": "TAS",
        "price": "270",
        "price_per_unit": "186",
        "price_unit": "G"
      },
      {
        "state": "ACT",
        "price": "270",
        "price_per_unit": "186",
        "price_unit": "G"
      },
      {
        "state": "NT",
        "price": "270",
        "price_per_unit": "186",
        "price_unit": "G"
      }
    ]
  },
  {
    "source_url": "https://www.woolworths.com.au/shop/productdetails/364825/lee-kum-kee-seasoned-soy-sauce",
    "name": "Lee Kum Kee Seasoned Soy Sauce 410ml",
    "image_url": "https://cdn1.woolworths.media/content/wowproductimages/large/364825.jpg",
    "source_id": "Woolworths - 364825",
    "barcode": "78895423037",
    "shop": "Woolworths",
    "weight": "100ML",
    "prices": [
      {
        "state": "VIC",
        "price": "390",
        "price_per_unit": "95",
        "price_unit": "ML"
      },
      {
        "state": "QLD",
        "price": "390",
        "price_per_unit": "95",
        "price_unit": "ML"
      },
      {
        "state": "WA",
        "price": "390",
        "price_per_unit": "95",
        "price_unit": "ML"
      },
      {
        "state": "SA",
        "price": "390",
        "price_per_unit": "95",
        "price_unit": "ML"
      },
      {
        "state": "TAS",
        "price": "390",
        "price_per_unit": "95",
        "price_unit": "ML"
      },
      {
        "state": "ACT",
        "price": "390",
        "price_per_unit": "95",
        "price_unit": "ML"
      },
      {
        "state": "NT",
        "price": "390",
        "price_per_unit": "95",
        "price_unit": "ML"
      }
    ]
  },
  {
    "source_url": "https://www.woolworths.com.au/shop/productdetails/828048/lee-kum-kee-soy-sauce-premium",
    "name": "Lee Kum Kee Soy Sauce Premium 1.75l",
    "image_url": "https://cdn1.woolworths.media/content/wowproductimages/large/828048.jpg",
    "source_id": "Woolworths - 828048",
    "barcode": "78895132335",
    "shop": "Woolworths",
    "weight": "100ML",
    "prices": [
      {
        "state": "VIC",
        "price": "950",
        "price_per_unit": "54",
        "price_unit": "ML"
      },
      {
        "state": "QLD",
        "price": "950",
        "price_per_unit": "54",
        "price_unit": "ML"
      },
      {
        "state": "WA",
        "price": "950",
        "price_per_unit": "54",
        "price_unit": "ML"
      },
      {
        "state": "SA",
        "price": "950",
        "price_per_unit": "54",
        "price_unit": "ML"
      },
      {
        "state": "TAS",
        "price": "950",
        "price_per_unit": "54",
        "price_unit": "ML"
      },
      {
        "state": "ACT",
        "price": "950",
        "price_per_unit": "54",
        "price_unit": "ML"
      },
      {
        "state": "NT",
        "price": "950",
        "price_per_unit": "54",
        "price_unit": "ML"
      }
    ]
  },
  {
    "source_url": "https://www.woolworths.com.au/shop/productdetails/275080/ma-ling-pork-luncheon-meat",
    "name": "Ma Ling Pork Luncheon Meat 397g",
    "image_url": "https://cdn1.woolworths.media/content/wowproductimages/large/275080.jpg",
    "source_id": "Woolworths - 275080",
    "barcode": "6902131111263",
    "shop": "Woolworths",
    "weight": "1KG",
    "prices": [
      {
        "state": "VIC",
        "price": "470",
        "price_per_unit": "1184",
        "price_unit": "KG"
      },
      {
        "state": "QLD",
        "price": "470",
        "price_per_unit": "1184",
        "price_unit": "KG"
      },
      {
        "state": "WA",
        "price": "470",
        "price_per_unit": "1184",
        "price_unit": "KG"
      },
      {
        "state": "SA",
        "price": "470",
        "price_per_unit": "1184",
        "price_unit": "KG"
      },
      {
        "state": "TAS",
        "price": "470",
        "price_per_unit": "1184",
        "price_unit": "KG"
      },
      {
        "state": "ACT",
        "price": "470",
        "price_per_unit": "1184",
        "price_unit": "KG"
      },
      {
        "state": "NT",
        "price": "470",
        "price_per_unit": "1184",
        "price_unit": "KG"
      }
    ]
  },
  {
    "source_url": "https://www.woolworths.com.au/shop/productdetails/506579/maesri-panang-curry-paste",
    "name": "Maesri Panang Curry Paste 114g",
    "image_url": "https://cdn1.woolworths.media/content/wowproductimages/large/506579.jpg",
    "source_id": "Woolworths - 506579",
    "barcode": "8850539240369",
    "shop": "Woolworths",
    "weight": "100G",
    "prices": [
      {
        "state": "VIC",
        "price": "230",
        "price_per_unit": "202",
        "price_unit": "G"
      },
      {
        "state": "QLD",
        "price": "230",
        "price_per_unit": "202",
        "price_unit": "G"
      },
      {
        "state": "WA",
        "price": "230",
        "price_per_unit": "202",
        "price_unit": "G"
      },
      {
        "state": "SA",
        "price": "230",
        "price_per_unit": "202",
        "price_unit": "G"
      },
      {
        "state": "TAS",
        "price": "230",
        "price_per_unit": "202",
        "price_unit": "G"
      },
      {
        "state": "ACT",
        "price": "230",
        "price_per_unit": "202",
        "price_unit": "G"
      },
      {
        "state": "NT",
        "price": "230",
        "price_per_unit": "202",
        "price_unit": "G"
      }
    ]
  },
  {
    "source_url": "https://www.woolworths.com.au/shop/productdetails/521124/maesri-yellow-curry-paste",
    "name": "Maesri Yellow Curry Paste 114g",
    "image_url": "https://cdn1.woolworths.media/content/wowproductimages/large/521124.jpg",
    "source_id": "Woolworths - 521124",
    "barcode": "8850539240406",
    "shop": "Woolworths",
    "weight": "100G",
    "prices": [
      {
        "state": "VIC",
        "price": "230",
        "price_per_unit": "202",
        "price_unit": "G"
      },
      {
        "state": "QLD",
        "price": "230",
        "price_per_unit": "202",
        "price_unit": "G"
      },
      {
        "state": "WA",
        "price": "230",
        "price_per_unit": "202",
        "price_unit": "G"
      },
      {
        "state": "SA",
        "price": "230",
        "price_per_unit": "202",
        "price_unit": "G"
      },
      {
        "state": "TAS",
        "price": "230",
        "price_per_unit": "202",
        "price_unit": "G"
      },
      {
        "state": "ACT",
        "price": "230",
        "price_per_unit": "202",
        "price_unit": "G"
      },
      {
        "state": "NT",
        "price": "230",
        "price_per_unit": "202",
        "price_unit": "G"
      }
    ]
  },
  {
    "source_url": "https://www.woolworths.com.au/shop/productdetails/123106/mama-oriental-kitchen-hot-korean-noodles",
    "name": "Mama Oriental Kitchen Hot Korean Noodles 85g",
    "image_url": "https://cdn1.woolworths.media/content/wowproductimages/large/123106.jpg",
    "source_id": "Woolworths - 123106",
    "barcode": "8850987148200",
    "shop": "Woolworths",
    "weight": "100G",
    "prices": [
      {
        "state": "VIC",
        "price": "250",
        "price_per_unit": "294",
        "price_unit": "G"
      },
      {
        "state": "QLD",
        "price": "250",
        "price_per_unit": "294",
        "price_unit": "G"
      },
      {
        "state": "WA",
        "price": "250",
        "price_per_unit": "294",
        "price_unit": "G"
      },
      {
        "state": "SA",
        "price": "250",
        "price_per_unit": "294",
        "price_unit": "G"
      },
      {
        "state": "TAS",
        "price": "250",
        "price_per_unit": "294",
        "price_unit": "G"
      },
      {
        "state": "ACT",
        "price": "250",
        "price_per_unit": "294",
        "price_unit": "G"
      },
      {
        "state": "NT",
        "price": "250",
        "price_per_unit": "294",
        "price_unit": "G"
      }
    ]
  },
  {
    "source_url": "https://www.woolworths.com.au/shop/productdetails/122207/mama-oriental-kitchen-salted-egg",
    "name": "Mama Oriental Kitchen Salted Egg 85g",
    "image_url": "https://cdn1.woolworths.media/content/wowproductimages/large/122207.jpg",
    "source_id": "Woolworths - 122207",
    "barcode": "8850987148651",
    "shop": "Woolworths",
    "weight": "100G",
    "prices": [
      {
        "state": "VIC",
        "price": "250",
        "price_per_unit": "294",
        "price_unit": "G"
      },
      {
        "state": "QLD",
        "price": "250",
        "price_per_unit": "294",
        "price_unit": "G"
      },
      {
        "state": "WA",
        "price": "250",
        "price_per_unit": "294",
        "price_unit": "G"
      },
      {
        "state": "SA",
        "price": "250",
        "price_per_unit": "294",
        "price_unit": "G"
      },
      {
        "state": "TAS",
        "price": "250",
        "price_per_unit": "294",
        "price_unit": "G"
      },
      {
        "state": "ACT",
        "price": "250",
        "price_per_unit": "294",
        "price_unit": "G"
      },
      {
        "state": "NT",
        "price": "250",
        "price_per_unit": "294",
        "price_unit": "G"
      }
    ]
  },
  {
    "source_url": "https://www.woolworths.com.au/shop/productdetails/552295/mamasuka-tepung-bumbu-krispi-pedas",
    "name": "MamaSuka Tepung Bumbu Krispi Pedas 210g",
    "image_url": "https://cdn1.woolworths.media/content/wowproductimages/large/552295.jpg",
    "source_id": "Woolworths - 552295",
    "barcode": "9333328001338",
    "shop": "Woolworths",
    "weight": "100G",
    "prices": [
      {
        "state": "VIC",
        "price": "175",
        "price_per_unit": "83",
        "price_unit": "G"
      },
      {
        "state": "QLD",
        "price": "175",
        "price_per_unit": "83",
        "price_unit": "G"
      },
      {
        "state": "WA",
        "price": "175",
        "price_per_unit": "83",
        "price_unit": "G"
      },
      {
        "state": "SA",
        "price": "175",
        "price_per_unit": "83",
        "price_unit": "G"
      },
      {
        "state": "TAS",
        "price": "175",
        "price_per_unit": "83",
        "price_unit": "G"
      },
      {
        "state": "ACT",
        "price": "175",
        "price_per_unit": "83",
        "price_unit": "G"
      },
      {
        "state": "NT",
        "price": "350",
        "price_per_unit": "167",
        "price_unit": "G"
      }
    ]
  },
  {
    "source_url": "https://www.woolworths.com.au/shop/productdetails/545945/mamasuka-tepung-bumbu-krispi-serbaguna",
    "name": "MamaSuka Tepung Bumbu Krispi Serbaguna 210g",
    "image_url": "https://cdn1.woolworths.media/content/wowproductimages/large/545945.jpg",
    "source_id": "Woolworths - 545945",
    "barcode": "9333328001321",
    "shop": "Woolworths",
    "weight": "100G",
    "prices": [
      {
        "state": "VIC",
        "price": "175",
        "price_per_unit": "83",
        "price_unit": "G"
      },
      {
        "state": "QLD",
        "price": "175",
        "price_per_unit": "83",
        "price_unit": "G"
      },
      {
        "state": "WA",
        "price": "175",
        "price_per_unit": "83",
        "price_unit": "G"
      },
      {
        "state": "SA",
        "price": "175",
        "price_per_unit": "83",
        "price_unit": "G"
      },
      {
        "state": "TAS",
        "price": "175",
        "price_per_unit": "83",
        "price_unit": "G"
      },
      {
        "state": "ACT",
        "price": "175",
        "price_per_unit": "83",
        "price_unit": "G"
      },
      {
        "state": "NT",
        "price": "175",
        "price_per_unit": "83",
        "price_unit": "G"
      }
    ]
  },
  {
    "source_url": "https://www.woolworths.com.au/shop/productdetails/543406/mamasuka-tepung-roti-mix",
    "name": "MamaSuka Tepung Roti Mix 500g",
    "image_url": "https://cdn1.woolworths.media/content/wowproductimages/large/543406.jpg",
    "source_id": "Woolworths - 543406",
    "barcode": "9333328001314",
    "shop": "Woolworths",
    "weight": "100G",
    "prices": [
      {
        "state": "VIC",
        "price": "450",
        "price_per_unit": "90",
        "price_unit": "G"
      },
      {
        "state": "QLD",
        "price": "450",
        "price_per_unit": "90",
        "price_unit": "G"
      },
      {
        "state": "WA",
        "price": "450",
        "price_per_unit": "90",
        "price_unit": "G"
      },
      {
        "state": "SA",
        "price": "450",
        "price_per_unit": "90",
        "price_unit": "G"
      },
      {
        "state": "TAS",
        "price": "225",
        "price_per_unit": "45",
        "price_unit": "G"
      },
      {
        "state": "ACT",
        "price": "225",
        "price_per_unit": "45",
        "price_unit": "G"
      },
      {
        "state": "NT",
        "price": "225",
        "price_per_unit": "45",
        "price_unit": "G"
      }
    ]
  },
  {
    "source_url": "https://www.woolworths.com.au/shop/productdetails/841777/marca-pina-soy-sauce",
    "name": "Marca Pina Soy Sauce 1L",
    "image_url": "https://cdn1.woolworths.media/content/wowproductimages/large/841777.jpg",
    "source_id": "Woolworths - 841777",
    "barcode": "4800405123559",
    "shop": "Woolworths",
    "weight": "100ML",
    "prices": [
      {
        "state": "VIC",
        "price": "360",
        "price_per_unit": "36",
        "price_unit": "ML"
      },
      {
        "state": "QLD",
        "price": "360",
        "price_per_unit": "36",
        "price_unit": "ML"
      },
      {
        "state": "WA",
        "price": "360",
        "price_per_unit": "36",
        "price_unit": "ML"
      },
      {
        "state": "SA",
        "price": "360",
        "price_per_unit": "36",
        "price_unit": "ML"
      },
      {
        "state": "TAS",
        "price": "360",
        "price_per_unit": "36",
        "price_unit": "ML"
      },
      {
        "state": "NT",
        "price": "360",
        "price_per_unit": "36",
        "price_unit": "ML"
      }
    ]
  },
  {
    "source_url": "https://www.woolworths.com.au/shop/productdetails/530020/marion-s-kitchen-crispy-chilli-oil",
    "name": "Marion's Kitchen Crispy Chilli Oil 190g",
    "image_url": "https://cdn1.woolworths.media/content/wowproductimages/large/530020.jpg",
    "source_id": "Woolworths - 530020",
    "barcode": "9345654001715",
    "shop": "Woolworths",
    "weight": "100G",
    "prices": [
      {
        "state": "VIC",
        "price": "550",
        "price_per_unit": "289",
        "price_unit": "G"
      },
      {
        "state": "QLD",
        "price": "550",
        "price_per_unit": "289",
        "price_unit": "G"
      },
      {
        "state": "WA",
        "price": "550",
        "price_per_unit": "289",
        "price_unit": "G"
      },
      {
        "state": "SA",
        "price": "550",
        "price_per_unit": "289",
        "price_unit": "G"
      },
      {
        "state": "TAS",
        "price": "550",
        "price_per_unit": "289",
        "price_unit": "G"
      },
      {
        "state": "ACT",
        "price": "550",
        "price_per_unit": "289",
        "price_unit": "G"
      },
      {
        "state": "NT",
        "price": "550",
        "price_per_unit": "289",
        "price_unit": "G"
      }
    ]
  },
  {
    "source_url": "https://www.woolworths.com.au/shop/productdetails/673014/marutomo-soba-dipping-sauce",
    "name": "Marutomo Soba Dipping Sauce 360ml",
    "image_url": "https://cdn1.woolworths.media/content/wowproductimages/large/673014.jpg",
    "source_id": "Woolworths - 673014",
    "barcode": "11152491387",
    "shop": "Woolworths",
    "weight": "100ML",
    "prices": [
      {
        "state": "VIC",
        "price": "475",
        "price_per_unit": "132",
        "price_unit": "ML"
      },
      {
        "state": "QLD",
        "price": "475",
        "price_per_unit": "132",
        "price_unit": "ML"
      },
      {
        "state": "WA",
        "price": "475",
        "price_per_unit": "132",
        "price_unit": "ML"
      },
      {
        "state": "SA",
        "price": "385",
        "price_per_unit": "107",
        "price_unit": "ML"
      },
      {
        "state": "TAS",
        "price": "525",
        "price_per_unit": "146",
        "price_unit": "ML"
      },
      {
        "state": "ACT",
        "price": "525",
        "price_per_unit": "146",
        "price_unit": "ML"
      },
      {
        "state": "NT",
        "price": "525",
        "price_per_unit": "146",
        "price_unit": "ML"
      }
    ]
  },
  {
    "source_url": "https://www.woolworths.com.au/shop/productdetails/827637/meiji-hellopanda-large-biscuits-chocolate",
    "name": "Meiji Hellopanda Large Biscuits Chocolate 260g",
    "image_url": "https://cdn1.woolworths.media/content/wowproductimages/large/827637.jpg",
    "source_id": "Woolworths - 827637",
    "barcode": "8888077109336",
    "shop": "Woolworths",
    "weight": "100G",
    "prices": [
      {
        "state": "VIC",
        "price": "770",
        "price_per_unit": "296",
        "price_unit": "G"
      },
      {
        "state": "QLD",
        "price": "770",
        "price_per_unit": "296",
        "price_unit": "G"
      },
      {
        "state": "WA",
        "price": "770",
        "price_per_unit": "296",
        "price_unit": "G"
      },
      {
        "state": "SA",
        "price": "770",
        "price_per_unit": "296",
        "price_unit": "G"
      },
      {
        "state": "TAS",
        "price": "1025",
        "price_per_unit": "394",
        "price_unit": "G"
      },
      {
        "state": "ACT",
        "price": "1025",
        "price_per_unit": "394",
        "price_unit": "G"
      },
      {
        "state": "NT",
        "price": "1025",
        "price_per_unit": "394",
        "price_unit": "G"
      }
    ]
  },
  {
    "source_url": "https://www.woolworths.com.au/shop/productdetails/66966/mogu-mogu-lychee-drink",
    "name": "Mogu Mogu Lychee Drink 1l",
    "image_url": "https://cdn1.woolworths.media/content/wowproductimages/large/066966.jpg",
    "source_id": "Woolworths - 66966",
    "barcode": "8850389105450",
    "shop": "Woolworths",
    "weight": "1L",
    "prices": [
      {
        "state": "VIC",
        "price": "495",
        "price_per_unit": "495",
        "price_unit": "L"
      },
      {
        "state": "QLD",
        "price": "495",
        "price_per_unit": "495",
        "price_unit": "L"
      },
      {
        "state": "WA",
        "price": "495",
        "price_per_unit": "495",
        "price_unit": "L"
      },
      {
        "state": "SA",
        "price": "495",
        "price_per_unit": "495",
        "price_unit": "L"
      },
      {
        "state": "TAS",
        "price": "495",
        "price_per_unit": "495",
        "price_unit": "L"
      },
      {
        "state": "ACT",
        "price": "495",
        "price_per_unit": "495",
        "price_unit": "L"
      },
      {
        "state": "NT",
        "price": "495",
        "price_per_unit": "495",
        "price_unit": "L"
      }
    ]
  },
  {
    "source_url": "https://www.woolworths.com.au/shop/productdetails/67106/mogu-mogu-mango-drink",
    "name": "Mogu Mogu Mango Drink 1l",
    "image_url": "https://cdn1.woolworths.media/content/wowproductimages/large/067106.jpg",
    "source_id": "Woolworths - 67106",
    "barcode": "8850389105467",
    "shop": "Woolworths",
    "weight": "1L",
    "prices": [
      {
        "state": "VIC",
        "price": "495",
        "price_per_unit": "495",
        "price_unit": "L"
      },
      {
        "state": "QLD",
        "price": "495",
        "price_per_unit": "495",
        "price_unit": "L"
      },
      {
        "state": "WA",
        "price": "495",
        "price_per_unit": "495",
        "price_unit": "L"
      },
      {
        "state": "SA",
        "price": "495",
        "price_per_unit": "495",
        "price_unit": "L"
      },
      {
        "state": "TAS",
        "price": "495",
        "price_per_unit": "495",
        "price_unit": "L"
      },
      {
        "state": "ACT",
        "price": "495",
        "price_per_unit": "495",
        "price_unit": "L"
      },
      {
        "state": "NT",
        "price": "495",
        "price_per_unit": "495",
        "price_unit": "L"
      }
    ]
  },
  {
    "source_url": "https://www.woolworths.com.au/shop/productdetails/829170/mogu-mogu-strawberry-juice",
    "name": "Mogu Mogu Strawberry Juice 320mL",
    "image_url": "https://cdn1.woolworths.media/content/wowproductimages/large/829170.jpg",
    "source_id": "Woolworths - 829170",
    "barcode": "8850389100691",
    "shop": "Woolworths",
    "weight": "1L",
    "prices": [
      {
        "state": "VIC",
        "price": "220",
        "price_per_unit": "688",
        "price_unit": "L"
      },
      {
        "state": "QLD",
        "price": "220",
        "price_per_unit": "688",
        "price_unit": "L"
      },
      {
        "state": "WA",
        "price": "220",
        "price_per_unit": "688",
        "price_unit": "L"
      },
      {
        "state": "SA",
        "price": "220",
        "price_per_unit": "688",
        "price_unit": "L"
      },
      {
        "state": "TAS",
        "price": "220",
        "price_per_unit": "688",
        "price_unit": "L"
      },
      {
        "state": "ACT",
        "price": "220",
        "price_per_unit": "688",
        "price_unit": "L"
      },
      {
        "state": "NT",
        "price": "220",
        "price_per_unit": "688",
        "price_unit": "L"
      }
    ]
  },
  {
    "source_url": "https://www.woolworths.com.au/shop/productdetails/528186/mogu-mogu-strawberry-juice-drink-with-nata-de-coco",
    "name": "Mogu Mogu Strawberry Juice Drink With Nata De Coco 1L",
    "image_url": "https://cdn1.woolworths.media/content/wowproductimages/large/528186.jpg",
    "source_id": "Woolworths - 528186",
    "barcode": "8850389108666",
    "shop": "Woolworths",
    "weight": "100ML",
    "prices": [
      {
        "state": "VIC",
        "price": "495",
        "price_per_unit": "50",
        "price_unit": "ML"
      },
      {
        "state": "QLD",
        "price": "495",
        "price_per_unit": "50",
        "price_unit": "ML"
      },
      {
        "state": "WA",
        "price": "495",
        "price_per_unit": "50",
        "price_unit": "ML"
      },
      {
        "state": "SA",
        "price": "495",
        "price_per_unit": "50",
        "price_unit": "ML"
      },
      {
        "state": "TAS",
        "price": "495",
        "price_per_unit": "50",
        "price_unit": "ML"
      },
      {
        "state": "ACT",
        "price": "495",
        "price_per_unit": "50",
        "price_unit": "ML"
      },
      {
        "state": "NT",
        "price": "495",
        "price_per_unit": "50",
        "price_unit": "ML"
      }
    ]
  },
  {
    "source_url": "https://www.woolworths.com.au/shop/productdetails/234426/mr-chen-s-dark-soy-sauce",
    "name": "Mr Chen's Dark Soy Sauce 250ml",
    "image_url": "https://cdn1.woolworths.media/content/wowproductimages/large/234426.jpg",
    "source_id": "Woolworths - 234426",
    "barcode": "9349673004290",
    "shop": "Woolworths",
    "weight": "100ML",
    "prices": [
      {
        "state": "VIC",
        "price": "285",
        "price_per_unit": "114",
        "price_unit": "ML"
      },
      {
        "state": "QLD",
        "price": "285",
        "price_per_unit": "114",
        "price_unit": "ML"
      },
      {
        "state": "WA",
        "price": "285",
        "price_per_unit": "114",
        "price_unit": "ML"
      },
      {
        "state": "SA",
        "price": "285",
        "price_per_unit": "114",
        "price_unit": "ML"
      },
      {
        "state": "TAS",
        "price": "285",
        "price_per_unit": "114",
        "price_unit": "ML"
      },
      {
        "state": "ACT",
        "price": "285",
        "price_per_unit": "114",
        "price_unit": "ML"
      },
      {
        "state": "NT",
        "price": "285",
        "price_per_unit": "114",
        "price_unit": "ML"
      }
    ]
  },
  {
    "source_url": "https://www.woolworths.com.au/shop/productdetails/235103/mr-chen-s-premium-thai-coconut-milk-gluten-free",
    "name": "Mr Chen's Premium Thai Coconut Milk Gluten Free 400ml",
    "image_url": "https://cdn1.woolworths.media/content/wowproductimages/large/235103.jpg",
    "source_id": "Woolworths - 235103",
    "barcode": "9349673004368",
    "shop": "Woolworths",
    "weight": "100ML",
    "prices": [
      {
        "state": "VIC",
        "price": "170",
        "price_per_unit": "43",
        "price_unit": "ML"
      },
      {
        "state": "QLD",
        "price": "170",
        "price_per_unit": "43",
        "price_unit": "ML"
      },
      {
        "state": "WA",
        "price": "170",
        "price_per_unit": "43",
        "price_unit": "ML"
      },
      {
        "state": "SA",
        "price": "170",
        "price_per_unit": "43",
        "price_unit": "ML"
      },
      {
        "state": "TAS",
        "price": "200",
        "price_per_unit": "50",
        "price_unit": "ML"
      },
      null,
      {
        "state": "NT",
        "price": "200",
        "price_per_unit": "50",
        "price_unit": "ML"
      }
    ]
  },
  {
    "source_url": "https://www.woolworths.com.au/shop/productdetails/493635/mr-chen-s-pure-sesame-oil",
    "name": "Mr Chen's Pure Sesame Oil 250mL",
    "image_url": "https://cdn1.woolworths.media/content/wowproductimages/large/493635.jpg",
    "source_id": "Woolworths - 493635",
    "barcode": "9349673005037",
    "shop": "Woolworths",
    "weight": "100ML",
    "prices": [
      {
        "state": "VIC",
        "price": "500",
        "price_per_unit": "200",
        "price_unit": "ML"
      },
      {
        "state": "QLD",
        "price": "500",
        "price_per_unit": "200",
        "price_unit": "ML"
      },
      {
        "state": "WA",
        "price": "500",
        "price_per_unit": "200",
        "price_unit": "ML"
      },
      {
        "state": "SA",
        "price": "500",
        "price_per_unit": "200",
        "price_unit": "ML"
      },
      {
        "state": "TAS",
        "price": "500",
        "price_per_unit": "200",
        "price_unit": "ML"
      },
      {
        "state": "ACT",
        "price": "500",
        "price_per_unit": "200",
        "price_unit": "ML"
      },
      {
        "state": "NT",
        "price": "500",
        "price_per_unit": "200",
        "price_unit": "ML"
      }
    ]
  },
  {
    "source_url": "https://www.woolworths.com.au/shop/productdetails/235095/mr-chen-s-soba-noodles",
    "name": "Mr Chen's Soba Noodles 270g",
    "image_url": "https://cdn1.woolworths.media/content/wowproductimages/large/235095.jpg",
    "source_id": "Woolworths - 235095",
    "barcode": "9349673004276",
    "shop": "Woolworths",
    "weight": "100G",
    "prices": [
      {
        "state": "VIC",
        "price": "200",
        "price_per_unit": "74",
        "price_unit": "G"
      },
      {
        "state": "QLD",
        "price": "200",
        "price_per_unit": "74",
        "price_unit": "G"
      },
      {
        "state": "WA",
        "price": "200",
        "price_per_unit": "74",
        "price_unit": "G"
      },
      {
        "state": "SA",
        "price": "200",
        "price_per_unit": "74",
        "price_unit": "G"
      },
      {
        "state": "TAS",
        "price": "250",
        "price_per_unit": "93",
        "price_unit": "G"
      },
      {
        "state": "ACT",
        "price": "250",
        "price_per_unit": "93",
        "price_unit": "G"
      },
      {
        "state": "NT",
        "price": "250",
        "price_per_unit": "93",
        "price_unit": "G"
      }
    ]
  },
  {
    "source_url": "https://www.woolworths.com.au/shop/productdetails/470925/mr-chen-s-sriracha-hot-chilli-sauce",
    "name": "Mr Chen's Sriracha Hot Chilli Sauce 500mL",
    "image_url": "https://cdn1.woolworths.media/content/wowproductimages/large/470925.jpg",
    "source_id": "Woolworths - 470925",
    "barcode": "9349673005044",
    "shop": "Woolworths",
    "weight": "100ML",
    "prices": [
      {
        "state": "VIC",
        "price": "300",
        "price_per_unit": "60",
        "price_unit": "ML"
      },
      {
        "state": "QLD",
        "price": "300",
        "price_per_unit": "60",
        "price_unit": "ML"
      },
      {
        "state": "WA",
        "price": "300",
        "price_per_unit": "60",
        "price_unit": "ML"
      },
      {
        "state": "SA",
        "price": "300",
        "price_per_unit": "60",
        "price_unit": "ML"
      },
      {
        "state": "TAS",
        "price": "600",
        "price_per_unit": "120",
        "price_unit": "ML"
      },
      {
        "state": "ACT",
        "price": "600",
        "price_per_unit": "120",
        "price_unit": "ML"
      },
      {
        "state": "NT",
        "price": "600",
        "price_per_unit": "120",
        "price_unit": "ML"
      }
    ]
  },
  {
    "source_url": "https://www.woolworths.com.au/shop/productdetails/470390/mr-chen-s-sweet-soy-sauce",
    "name": "Mr Chen's Sweet Soy Sauce 250mL",
    "image_url": "https://cdn1.woolworths.media/content/wowproductimages/large/470390.jpg",
    "source_id": "Woolworths - 470390",
    "barcode": "9349673002142",
    "shop": "Woolworths",
    "weight": "100ML",
    "prices": [
      {
        "state": "VIC",
        "price": "285",
        "price_per_unit": "114",
        "price_unit": "ML"
      },
      {
        "state": "QLD",
        "price": "285",
        "price_per_unit": "114",
        "price_unit": "ML"
      },
      {
        "state": "WA",
        "price": "285",
        "price_per_unit": "114",
        "price_unit": "ML"
      },
      {
        "state": "SA",
        "price": "285",
        "price_per_unit": "114",
        "price_unit": "ML"
      },
      {
        "state": "TAS",
        "price": "285",
        "price_per_unit": "114",
        "price_unit": "ML"
      },
      {
        "state": "ACT",
        "price": "285",
        "price_per_unit": "114",
        "price_unit": "ML"
      },
      {
        "state": "NT",
        "price": "285",
        "price_per_unit": "114",
        "price_unit": "ML"
      }
    ]
  },
  {
    "source_url": "https://www.woolworths.com.au/shop/productdetails/234436/mr-chen-s-udon-noodles",
    "name": "Mr Chen's Udon Noodles 270g",
    "image_url": "https://cdn1.woolworths.media/content/wowproductimages/large/234436.jpg",
    "source_id": "Woolworths - 234436",
    "barcode": "9349673004269",
    "shop": "Woolworths",
    "weight": "100G",
    "prices": [
      {
        "state": "VIC",
        "price": "200",
        "price_per_unit": "74",
        "price_unit": "G"
      },
      {
        "state": "QLD",
        "price": "200",
        "price_per_unit": "74",
        "price_unit": "G"
      },
      {
        "state": "WA",
        "price": "200",
        "price_per_unit": "74",
        "price_unit": "G"
      },
      {
        "state": "SA",
        "price": "200",
        "price_per_unit": "74",
        "price_unit": "G"
      },
      {
        "state": "TAS",
        "price": "250",
        "price_per_unit": "93",
        "price_unit": "G"
      },
      {
        "state": "ACT",
        "price": "250",
        "price_per_unit": "93",
        "price_unit": "G"
      },
      {
        "state": "NT",
        "price": "250",
        "price_per_unit": "93",
        "price_unit": "G"
      }
    ]
  },
  {
    "source_url": "https://www.woolworths.com.au/shop/productdetails/310224/nisshin-panko-breadcrumbs",
    "name": "Nisshin Panko Breadcrumbs 200g",
    "image_url": "https://cdn1.woolworths.media/content/wowproductimages/large/310224.jpg",
    "source_id": "Woolworths - 310224",
    "barcode": "4902110345544",
    "shop": "Woolworths",
    "weight": "100G",
    "prices": [
      {
        "state": "VIC",
        "price": "500",
        "price_per_unit": "250",
        "price_unit": "G"
      },
      {
        "state": "QLD",
        "price": "500",
        "price_per_unit": "250",
        "price_unit": "G"
      },
      {
        "state": "WA",
        "price": "500",
        "price_per_unit": "250",
        "price_unit": "G"
      },
      {
        "state": "SA",
        "price": "500",
        "price_per_unit": "250",
        "price_unit": "G"
      },
      {
        "state": "TAS",
        "price": "500",
        "price_per_unit": "250",
        "price_unit": "G"
      },
      {
        "state": "ACT",
        "price": "500",
        "price_per_unit": "250",
        "price_unit": "G"
      },
      {
        "state": "NT",
        "price": "500",
        "price_per_unit": "250",
        "price_unit": "G"
      }
    ]
  },
  {
    "source_url": "https://www.woolworths.com.au/shop/productdetails/502013/nissin-black-garlic-oil-tonkotsu",
    "name": "Nissin Black Garlic Oil Tonkotsu 5 pack",
    "image_url": "https://cdn1.woolworths.media/content/wowproductimages/large/502013.jpg",
    "source_id": "Woolworths - 502013",
    "barcode": "4897878140305",
    "shop": "Woolworths",
    "weight": "100G",
    "prices": [
      {
        "state": "VIC",
        "price": "650",
        "price_per_unit": "130",
        "price_unit": "G"
      },
      {
        "state": "QLD",
        "price": "650",
        "price_per_unit": "130",
        "price_unit": "G"
      },
      {
        "state": "WA",
        "price": "650",
        "price_per_unit": "130",
        "price_unit": "G"
      },
      {
        "state": "SA",
        "price": "650",
        "price_per_unit": "130",
        "price_unit": "G"
      },
      {
        "state": "TAS",
        "price": "650",
        "price_per_unit": "130",
        "price_unit": "G"
      },
      {
        "state": "ACT",
        "price": "650",
        "price_per_unit": "130",
        "price_unit": "G"
      },
      {
        "state": "NT",
        "price": "650",
        "price_per_unit": "130",
        "price_unit": "G"
      }
    ]
  },
  {
    "source_url": "https://www.woolworths.com.au/shop/productdetails/828231/nissin-noodle-bowl-sesame-oil-flavour",
    "name": "Nissin Noodle Bowl Sesame Oil Flavour 110g",
    "image_url": "https://cdn1.woolworths.media/content/wowproductimages/large/828231.jpg",
    "source_id": "Woolworths - 828231",
    "barcode": "4897878120000",
    "shop": "Woolworths",
    "weight": "100G",
    "prices": [
      {
        "state": "VIC",
        "price": "300",
        "price_per_unit": "273",
        "price_unit": "G"
      },
      {
        "state": "QLD",
        "price": "300",
        "price_per_unit": "273",
        "price_unit": "G"
      },
      {
        "state": "WA",
        "price": "300",
        "price_per_unit": "273",
        "price_unit": "G"
      },
      {
        "state": "TAS",
        "price": "300",
        "price_per_unit": "273",
        "price_unit": "G"
      },
      {
        "state": "ACT",
        "price": "300",
        "price_per_unit": "273",
        "price_unit": "G"
      },
      {
        "state": "NT",
        "price": "300",
        "price_per_unit": "273",
        "price_unit": "G"
      }
    ]
  },
  {
    "source_url": "https://www.woolworths.com.au/shop/productdetails/828196/nissin-noodle-bowl-xo-seafood",
    "name": "Nissin Noodle Bowl Xo Seafood 110g",
    "image_url": "https://cdn1.woolworths.media/content/wowproductimages/large/828196.jpg",
    "source_id": "Woolworths - 828196",
    "barcode": "4897878120055",
    "shop": "Woolworths",
    "weight": "100G",
    "prices": [
      {
        "state": "VIC",
        "price": "300",
        "price_per_unit": "226",
        "price_unit": "G"
      },
      {
        "state": "QLD",
        "price": "300",
        "price_per_unit": "226",
        "price_unit": "G"
      },
      {
        "state": "WA",
        "price": "300",
        "price_per_unit": "226",
        "price_unit": "G"
      },
      {
        "state": "TAS",
        "price": "300",
        "price_per_unit": "226",
        "price_unit": "G"
      },
      {
        "state": "ACT",
        "price": "300",
        "price_per_unit": "226",
        "price_unit": "G"
      },
      {
        "state": "NT",
        "price": "300",
        "price_per_unit": "226",
        "price_unit": "G"
      }
    ]
  },
  {
    "source_url": "https://www.woolworths.com.au/shop/productdetails/250290/nissin-noodle-cup-chicken",
    "name": "Nissin Noodle Cup Chicken 73g",
    "image_url": "https://cdn1.woolworths.media/content/wowproductimages/large/250290.jpg",
    "source_id": "Woolworths - 250290",
    "barcode": "8888279102029",
    "shop": "Woolworths",
    "weight": "100G",
    "prices": [
      {
        "state": "VIC",
        "price": "280",
        "price_per_unit": "384",
        "price_unit": "G"
      },
      {
        "state": "QLD",
        "price": "280",
        "price_per_unit": "384",
        "price_unit": "G"
      },
      {
        "state": "WA",
        "price": "280",
        "price_per_unit": "384",
        "price_unit": "G"
      },
      {
        "state": "SA",
        "price": "280",
        "price_per_unit": "384",
        "price_unit": "G"
      },
      {
        "state": "TAS",
        "price": "280",
        "price_per_unit": "384",
        "price_unit": "G"
      },
      {
        "state": "ACT",
        "price": "280",
        "price_per_unit": "384",
        "price_unit": "G"
      },
      {
        "state": "NT",
        "price": "280",
        "price_per_unit": "384",
        "price_unit": "G"
      }
    ]
  },
  {
    "source_url": "https://www.woolworths.com.au/shop/productdetails/250291/nissin-noodle-cup-laksa",
    "name": "Nissin Noodle Cup Laksa 75g",
    "image_url": "https://cdn1.woolworths.media/content/wowproductimages/large/250291.jpg",
    "source_id": "Woolworths - 250291",
    "barcode": "8888279102081",
    "shop": "Woolworths",
    "weight": "100G",
    "prices": [
      {
        "state": "VIC",
        "price": "280",
        "price_per_unit": "373",
        "price_unit": "G"
      },
      {
        "state": "QLD",
        "price": "280",
        "price_per_unit": "373",
        "price_unit": "G"
      },
      {
        "state": "WA",
        "price": "280",
        "price_per_unit": "373",
        "price_unit": "G"
      },
      {
        "state": "SA",
        "price": "280",
        "price_per_unit": "373",
        "price_unit": "G"
      },
      {
        "state": "TAS",
        "price": "280",
        "price_per_unit": "373",
        "price_unit": "G"
      },
      {
        "state": "ACT",
        "price": "280",
        "price_per_unit": "373",
        "price_unit": "G"
      },
      {
        "state": "NT",
        "price": "280",
        "price_per_unit": "373",
        "price_unit": "G"
      }
    ]
  },
  {
    "source_url": "https://www.woolworths.com.au/shop/productdetails/67154/nissin-ramen-hokkaido-miso",
    "name": "Nissin Ramen Hokkaido Miso 5 Pack",
    "image_url": "https://cdn1.woolworths.media/content/wowproductimages/large/067154.jpg",
    "source_id": "Woolworths - 67154",
    "barcode": "8888279640064",
    "shop": "Woolworths",
    "weight": "100G",
    "prices": [
      {
        "state": "VIC",
        "price": "850",
        "price_per_unit": "160",
        "price_unit": "G"
      },
      {
        "state": "QLD",
        "price": "850",
        "price_per_unit": "160",
        "price_unit": "G"
      },
      {
        "state": "WA",
        "price": "850",
        "price_per_unit": "160",
        "price_unit": "G"
      },
      {
        "state": "SA",
        "price": "850",
        "price_per_unit": "160",
        "price_unit": "G"
      },
      {
        "state": "TAS",
        "price": "850",
        "price_per_unit": "160",
        "price_unit": "G"
      },
      {
        "state": "ACT",
        "price": "850",
        "price_per_unit": "160",
        "price_unit": "G"
      },
      {
        "state": "NT",
        "price": "850",
        "price_per_unit": "160",
        "price_unit": "G"
      }
    ]
  },
  {
    "source_url": "https://www.woolworths.com.au/shop/productdetails/67190/nissin-ramen-kyushu-black",
    "name": "Nissin Ramen Kyushu Black 5 Pack",
    "image_url": "https://cdn1.woolworths.media/content/wowproductimages/large/067190.jpg",
    "source_id": "Woolworths - 67190",
    "barcode": "8888279640057",
    "shop": "Woolworths",
    "weight": "100G",
    "prices": [
      {
        "state": "VIC",
        "price": "850",
        "price_per_unit": "160",
        "price_unit": "G"
      },
      {
        "state": "QLD",
        "price": "850",
        "price_per_unit": "160",
        "price_unit": "G"
      },
      {
        "state": "WA",
        "price": "850",
        "price_per_unit": "160",
        "price_unit": "G"
      },
      {
        "state": "SA",
        "price": "850",
        "price_per_unit": "160",
        "price_unit": "G"
      },
      {
        "state": "TAS",
        "price": "850",
        "price_per_unit": "160",
        "price_unit": "G"
      },
      {
        "state": "ACT",
        "price": "850",
        "price_per_unit": "160",
        "price_unit": "G"
      },
      {
        "state": "NT",
        "price": "850",
        "price_per_unit": "160",
        "price_unit": "G"
      }
    ]
  },
  {
    "source_url": "https://www.woolworths.com.au/shop/productdetails/828242/nissin-sesame-oil-ramen",
    "name": "Nissin Sesame Oil Ramen 5 pack",
    "image_url": "https://cdn1.woolworths.media/content/wowproductimages/large/828242.jpg",
    "source_id": "Woolworths - 828242",
    "barcode": "4897878140015",
    "shop": "Woolworths",
    "weight": "100G",
    "prices": [
      {
        "state": "VIC",
        "price": "650",
        "price_per_unit": "130",
        "price_unit": "G"
      },
      {
        "state": "QLD",
        "price": "650",
        "price_per_unit": "130",
        "price_unit": "G"
      },
      {
        "state": "WA",
        "price": "650",
        "price_per_unit": "130",
        "price_unit": "G"
      },
      {
        "state": "SA",
        "price": "650",
        "price_per_unit": "130",
        "price_unit": "G"
      },
      {
        "state": "TAS",
        "price": "650",
        "price_per_unit": "130",
        "price_unit": "G"
      },
      {
        "state": "ACT",
        "price": "650",
        "price_per_unit": "130",
        "price_unit": "G"
      },
      {
        "state": "NT",
        "price": "650",
        "price_per_unit": "130",
        "price_unit": "G"
      }
    ]
  },
  {
    "source_url": "https://www.woolworths.com.au/shop/productdetails/67613/nissin-tokyo-shoyu",
    "name": "Nissin Tokyo Shoyu 5 Pack",
    "image_url": "https://cdn1.woolworths.media/content/wowproductimages/large/067613.jpg",
    "source_id": "Woolworths - 67613",
    "barcode": "8888279640040",
    "shop": "Woolworths",
    "weight": "100G",
    "prices": [
      {
        "state": "VIC",
        "price": "850",
        "price_per_unit": "160",
        "price_unit": "G"
      },
      {
        "state": "QLD",
        "price": "850",
        "price_per_unit": "160",
        "price_unit": "G"
      },
      {
        "state": "WA",
        "price": "850",
        "price_per_unit": "160",
        "price_unit": "G"
      },
      {
        "state": "SA",
        "price": "850",
        "price_per_unit": "160",
        "price_unit": "G"
      },
      {
        "state": "TAS",
        "price": "850",
        "price_per_unit": "160",
        "price_unit": "G"
      },
      {
        "state": "ACT",
        "price": "850",
        "price_per_unit": "160",
        "price_unit": "G"
      },
      {
        "state": "NT",
        "price": "850",
        "price_per_unit": "160",
        "price_unit": "G"
      }
    ]
  },
  {
    "source_url": "https://www.woolworths.com.au/shop/productdetails/32167/nong-shim-neoguri-noodle-soup-seafood-spicy",
    "name": "Nong Shim Neoguri Noodle Soup Seafood & Spicy 120g",
    "image_url": "https://cdn1.woolworths.media/content/wowproductimages/large/032167.jpg",
    "source_id": "Woolworths - 32167",
    "barcode": "31146150304",
    "shop": "Woolworths",
    "weight": "100G",
    "prices": [
      {
        "state": "VIC",
        "price": "210",
        "price_per_unit": "175",
        "price_unit": "G"
      },
      {
        "state": "QLD",
        "price": "210",
        "price_per_unit": "175",
        "price_unit": "G"
      },
      {
        "state": "WA",
        "price": "210",
        "price_per_unit": "175",
        "price_unit": "G"
      },
      {
        "state": "SA",
        "price": "210",
        "price_per_unit": "175",
        "price_unit": "G"
      },
      {
        "state": "TAS",
        "price": "210",
        "price_per_unit": "175",
        "price_unit": "G"
      },
      {
        "state": "TAS",
        "price": "210",
        "price_per_unit": "175",
        "price_unit": "G"
      },
      {
        "state": "ACT",
        "price": "190",
        "price_per_unit": "158",
        "price_unit": "G"
      },
      {
        "state": "NT",
        "price": "190",
        "price_per_unit": "158",
        "price_unit": "G"
      }
    ]
  },
  {
    "source_url": "https://www.woolworths.com.au/shop/productdetails/485273/nongshim-hot-spicy-bowl-noodle-soup",
    "name": "Nongshim Hot & Spicy Bowl Noodle Soup 100g",
    "image_url": "https://cdn1.woolworths.media/content/wowproductimages/large/485273.jpg",
    "source_id": "Woolworths - 485273",
    "barcode": "8801043055604",
    "shop": "Woolworths",
    "weight": "100G",
    "prices": [
      {
        "state": "VIC",
        "price": "350",
        "price_per_unit": "350",
        "price_unit": "G"
      },
      {
        "state": "QLD",
        "price": "350",
        "price_per_unit": "350",
        "price_unit": "G"
      },
      {
        "state": "WA",
        "price": "350",
        "price_per_unit": "350",
        "price_unit": "G"
      },
      {
        "state": "SA",
        "price": "350",
        "price_per_unit": "350",
        "price_unit": "G"
      },
      {
        "state": "TAS",
        "price": "350",
        "price_per_unit": "350",
        "price_unit": "G"
      },
      {
        "state": "TAS",
        "price": "350",
        "price_per_unit": "350",
        "price_unit": "G"
      },
      {
        "state": "ACT",
        "price": "350",
        "price_per_unit": "350",
        "price_unit": "G"
      },
      {
        "state": "NT",
        "price": "350",
        "price_per_unit": "350",
        "price_unit": "G"
      }
    ]
  },
  {
    "source_url": "https://www.woolworths.com.au/shop/productdetails/253137/nongshim-hot-pot-noodles-bulgogi-flavour",
    "name": "Nongshim Hot Pot Noodles Bulgogi Flavour 4 Pack",
    "image_url": "https://cdn1.woolworths.media/content/wowproductimages/large/253137.jpg",
    "source_id": "Woolworths - 253137",
    "barcode": "8801043064194",
    "shop": "Woolworths",
    "weight": "100G",
    "prices": [
      {
        "state": "VIC",
        "price": "800",
        "price_per_unit": "174",
        "price_unit": "G"
      },
      {
        "state": "QLD",
        "price": "800",
        "price_per_unit": "174",
        "price_unit": "G"
      },
      {
        "state": "WA",
        "price": "800",
        "price_per_unit": "174",
        "price_unit": "G"
      },
      {
        "state": "SA",
        "price": "800",
        "price_per_unit": "174",
        "price_unit": "G"
      },
      null,
      {
        "state": "TAS",
        "price": "800",
        "price_per_unit": "174",
        "price_unit": "G"
      },
      {
        "state": "NT",
        "price": "800",
        "price_per_unit": "174",
        "price_unit": "G"
      }
    ]
  },
  {
    "source_url": "https://www.woolworths.com.au/shop/productdetails/341466/o-food-koren-korean-frying-mix",
    "name": "O'Food Koren Korean Frying Mix 500g",
    "image_url": "https://cdn1.woolworths.media/content/wowproductimages/large/341466.jpg",
    "source_id": "Woolworths - 341466",
    "barcode": "9333328001161",
    "shop": "Woolworths",
    "weight": "100G",
    "prices": [
      {
        "state": "VIC",
        "price": "470",
        "price_per_unit": "94",
        "price_unit": "G"
      },
      {
        "state": "QLD",
        "price": "470",
        "price_per_unit": "94",
        "price_unit": "G"
      },
      {
        "state": "WA",
        "price": "470",
        "price_per_unit": "94",
        "price_unit": "G"
      },
      {
        "state": "TAS",
        "price": "470",
        "price_per_unit": "94",
        "price_unit": "G"
      }
    ]
  },
  {
    "source_url": "https://www.woolworths.com.au/shop/productdetails/375250/o-food-rich-mayonnaise",
    "name": "O'Food Rich Mayonnaise 500g",
    "image_url": "https://cdn1.woolworths.media/content/wowproductimages/large/375250.jpg",
    "source_id": "Woolworths - 375250",
    "barcode": "9333328001123",
    "shop": "Woolworths",
    "weight": "100G",
    "prices": [
      {
        "state": "VIC",
        "price": "700",
        "price_per_unit": "140",
        "price_unit": "G"
      },
      {
        "state": "QLD",
        "price": "700",
        "price_per_unit": "140",
        "price_unit": "G"
      },
      {
        "state": "WA",
        "price": "700",
        "price_per_unit": "140",
        "price_unit": "G"
      },
      {
        "state": "SA",
        "price": "700",
        "price_per_unit": "140",
        "price_unit": "G"
      },
      {
        "state": "TAS",
        "price": "600",
        "price_per_unit": "120",
        "price_unit": "G"
      },
      {
        "state": "ACT",
        "price": "600",
        "price_per_unit": "120",
        "price_unit": "G"
      }
    ]
  },
  {
    "source_url": "https://www.woolworths.com.au/shop/productdetails/257460/o-food-seaweed-chips-original-chips-original",
    "name": "O'Food Seaweed Chips Original Chips Original 35g",
    "image_url": "https://cdn1.woolworths.media/content/wowproductimages/large/257460.jpg",
    "source_id": "Woolworths - 257460",
    "barcode": "9333328000805",
    "shop": "Woolworths",
    "weight": "100G",
    "prices": [
      {
        "state": "VIC",
        "price": "350",
        "price_per_unit": "1000",
        "price_unit": "G"
      },
      {
        "state": "QLD",
        "price": "350",
        "price_per_unit": "1000",
        "price_unit": "G"
      },
      {
        "state": "WA",
        "price": "350",
        "price_per_unit": "1000",
        "price_unit": "G"
      },
      {
        "state": "SA",
        "price": "350",
        "price_per_unit": "1000",
        "price_unit": "G"
      },
      {
        "state": "TAS",
        "price": "450",
        "price_per_unit": "1286",
        "price_unit": "G"
      },
      {
        "state": "ACT",
        "price": "450",
        "price_per_unit": "1286",
        "price_unit": "G"
      }
    ]
  },
  {
    "source_url": "https://www.woolworths.com.au/shop/productdetails/259556/o-food-seaweed-chips-wasabi-chips-wasabi",
    "name": "O'Food Seaweed Chips Wasabi Chips Wasabi 35g",
    "image_url": "https://cdn1.woolworths.media/content/wowproductimages/large/259556.jpg",
    "source_id": "Woolworths - 259556",
    "barcode": "9333328000812",
    "shop": "Woolworths",
    "weight": "100G",
    "prices": [
      {
        "state": "VIC",
        "price": "350",
        "price_per_unit": "1000",
        "price_unit": "G"
      },
      {
        "state": "QLD",
        "price": "350",
        "price_per_unit": "1000",
        "price_unit": "G"
      },
      {
        "state": "WA",
        "price": "350",
        "price_per_unit": "1000",
        "price_unit": "G"
      },
      {
        "state": "SA",
        "price": "350",
        "price_per_unit": "1000",
        "price_unit": "G"
      },
      {
        "state": "TAS",
        "price": "450",
        "price_per_unit": "1286",
        "price_unit": "G"
      },
      {
        "state": "ACT",
        "price": "450",
        "price_per_unit": "1286",
        "price_unit": "G"
      }
    ]
  },
  {
    "source_url": "https://www.woolworths.com.au/shop/productdetails/500965/obap-korean-bibimbap-spicy-mixed-rice-cooking-kit",
    "name": "Obap Korean Bibimbap Spicy Mixed Rice Cooking Kit 343g",
    "image_url": "https://cdn1.woolworths.media/content/wowproductimages/large/500965.jpg",
    "source_id": "Woolworths - 500965",
    "barcode": "9310432007340",
    "shop": "Woolworths",
    "weight": "100G",
    "prices": [
      {
        "state": "VIC",
        "price": "395",
        "price_per_unit": "115",
        "price_unit": "G"
      },
      {
        "state": "QLD",
        "price": "395",
        "price_per_unit": "115",
        "price_unit": "G"
      },
      {
        "state": "WA",
        "price": "395",
        "price_per_unit": "115",
        "price_unit": "G"
      },
      {
        "state": "SA",
        "price": "395",
        "price_per_unit": "115",
        "price_unit": "G"
      },
      {
        "state": "TAS",
        "price": "395",
        "price_per_unit": "115",
        "price_unit": "G"
      },
      {
        "state": "ACT",
        "price": "395",
        "price_per_unit": "115",
        "price_unit": "G"
      }
    ]
  },
  {
    "source_url": "https://www.woolworths.com.au/shop/productdetails/501708/obap-korean-bulgogi-bbq-cooking-kit",
    "name": "Obap Korean Bulgogi BBQ Cooking Kit 343g",
    "image_url": "https://cdn1.woolworths.media/content/wowproductimages/large/501708.jpg",
    "source_id": "Woolworths - 501708",
    "barcode": "9310432007357",
    "shop": "Woolworths",
    "weight": "100G",
    "prices": [
      {
        "state": "VIC",
        "price": "395",
        "price_per_unit": "115",
        "price_unit": "G"
      },
      {
        "state": "QLD",
        "price": "395",
        "price_per_unit": "115",
        "price_unit": "G"
      },
      {
        "state": "WA",
        "price": "395",
        "price_per_unit": "115",
        "price_unit": "G"
      },
      {
        "state": "SA",
        "price": "395",
        "price_per_unit": "115",
        "price_unit": "G"
      },
      {
        "state": "TAS",
        "price": "395",
        "price_per_unit": "115",
        "price_unit": "G"
      },
      {
        "state": "ACT",
        "price": "395",
        "price_per_unit": "115",
        "price_unit": "G"
      }
    ]
  },
  {
    "source_url": "https://www.woolworths.com.au/shop/productdetails/805107/oki-coating-hot-spicy-chicken",
    "name": "Oki Coating Hot Spicy Chicken 120g",
    "image_url": "https://cdn1.woolworths.media/content/wowproductimages/large/805107.jpg",
    "source_id": "Woolworths - 805107",
    "barcode": "9557803370119",
    "shop": "Woolworths",
    "weight": "100G",
    "prices": [
      {
        "state": "VIC",
        "price": "220",
        "price_per_unit": "183",
        "price_unit": "G"
      },
      {
        "state": "QLD",
        "price": "220",
        "price_per_unit": "183",
        "price_unit": "G"
      },
      {
        "state": "WA",
        "price": "220",
        "price_per_unit": "183",
        "price_unit": "G"
      },
      {
        "state": "SA",
        "price": "220",
        "price_per_unit": "183",
        "price_unit": "G"
      },
      {
        "state": "TAS",
        "price": "220",
        "price_per_unit": "183",
        "price_unit": "G"
      },
      {
        "state": "ACT",
        "price": "220",
        "price_per_unit": "183",
        "price_unit": "G"
      },
      {
        "state": "NT",
        "price": "220",
        "price_per_unit": "183",
        "price_unit": "G"
      }
    ]
  },
  {
    "source_url": "https://www.woolworths.com.au/shop/productdetails/805416/oki-coating-original-chicken",
    "name": "Oki Coating Original Chicken 120g",
    "image_url": "https://cdn1.woolworths.media/content/wowproductimages/large/805416.jpg",
    "source_id": "Woolworths - 805416",
    "barcode": "9557803370102",
    "shop": "Woolworths",
    "weight": "100G",
    "prices": [
      {
        "state": "VIC",
        "price": "220",
        "price_per_unit": "183",
        "price_unit": "G"
      },
      {
        "state": "QLD",
        "price": "220",
        "price_per_unit": "183",
        "price_unit": "G"
      },
      {
        "state": "WA",
        "price": "220",
        "price_per_unit": "183",
        "price_unit": "G"
      },
      {
        "state": "SA",
        "price": "220",
        "price_per_unit": "183",
        "price_unit": "G"
      },
      {
        "state": "TAS",
        "price": "220",
        "price_per_unit": "183",
        "price_unit": "G"
      },
      {
        "state": "ACT",
        "price": "220",
        "price_per_unit": "183",
        "price_unit": "G"
      },
      {
        "state": "NT",
        "price": "220",
        "price_per_unit": "183",
        "price_unit": "G"
      }
    ]
  },
  {
    "source_url": "https://www.woolworths.com.au/shop/productdetails/807420/old-town-coffee-3-in-1-classic",
    "name": "Old Town Coffee 3 In 1 Classic 570g",
    "image_url": "https://cdn1.woolworths.media/content/wowproductimages/large/807420.jpg",
    "source_id": "Woolworths - 807420",
    "barcode": "9555076303148",
    "shop": "Woolworths",
    "weight": "100G",
    "prices": [
      {
        "state": "VIC",
        "price": "950",
        "price_per_unit": "167",
        "price_unit": "G"
      },
      {
        "state": "QLD",
        "price": "950",
        "price_per_unit": "167",
        "price_unit": "G"
      },
      {
        "state": "WA",
        "price": "950",
        "price_per_unit": "167",
        "price_unit": "G"
      },
      {
        "state": "TAS",
        "price": "950",
        "price_per_unit": "167",
        "price_unit": "G"
      },
      {
        "state": "ACT",
        "price": "950",
        "price_per_unit": "167",
        "price_unit": "G"
      },
      {
        "state": "NT",
        "price": "950",
        "price_per_unit": "167",
        "price_unit": "G"
      }
    ]
  },
  {
    "source_url": "https://www.woolworths.com.au/shop/productdetails/320920/orion-choco-boy",
    "name": "Orion Choco Boy 50g",
    "image_url": "https://cdn1.woolworths.media/content/wowproductimages/large/320920.jpg",
    "source_id": "Woolworths - 320920",
    "barcode": "8801117446901",
    "shop": "Woolworths",
    "weight": "100G",
    "prices": [
      {
        "state": "VIC",
        "price": "200",
        "price_per_unit": "400",
        "price_unit": "G"
      },
      {
        "state": "QLD",
        "price": "200",
        "price_per_unit": "400",
        "price_unit": "G"
      },
      {
        "state": "WA",
        "price": "200",
        "price_per_unit": "400",
        "price_unit": "G"
      },
      {
        "state": "TAS",
        "price": "200",
        "price_per_unit": "400",
        "price_unit": "G"
      },
      null,
      {
        "state": "NT",
        "price": "200",
        "price_per_unit": "400",
        "price_unit": "G"
      }
    ]
  },
  {
    "source_url": "https://www.woolworths.com.au/shop/productdetails/320948/orion-marine-boy",
    "name": "Orion Marine Boy 40g",
    "image_url": "https://cdn1.woolworths.media/content/wowproductimages/large/320948.jpg",
    "source_id": "Woolworths - 320948",
    "barcode": "8801117956202",
    "shop": "Woolworths",
    "weight": "100G",
    "prices": [
      {
        "state": "VIC",
        "price": "75",
        "price_per_unit": "188",
        "price_unit": "G"
      },
      {
        "state": "QLD",
        "price": "75",
        "price_per_unit": "188",
        "price_unit": "G"
      },
      {
        "state": "WA",
        "price": "75",
        "price_per_unit": "188",
        "price_unit": "G"
      },
      {
        "state": "TAS",
        "price": "75",
        "price_per_unit": "188",
        "price_unit": "G"
      },
      {
        "state": "ACT",
        "price": "75",
        "price_per_unit": "188",
        "price_unit": "G"
      },
      {
        "state": "NT",
        "price": "150",
        "price_per_unit": "375",
        "price_unit": "G"
      }
    ]
  },
  {
    "source_url": "https://www.woolworths.com.au/shop/productdetails/425290/orion-turtle-chips-sweet-vanilla",
    "name": "Orion Turtle Chips Sweet Vanilla 160g",
    "image_url": "https://cdn1.woolworths.media/content/wowproductimages/large/425290.jpg",
    "source_id": "Woolworths - 425290",
    "barcode": "8801117947101",
    "shop": "Woolworths",
    "weight": "100G",
    "prices": [
      {
        "state": "VIC",
        "price": "650",
        "price_per_unit": "406",
        "price_unit": "G"
      },
      {
        "state": "QLD",
        "price": "650",
        "price_per_unit": "406",
        "price_unit": "G"
      },
      {
        "state": "WA",
        "price": "650",
        "price_per_unit": "406",
        "price_unit": "G"
      },
      {
        "state": "SA",
        "price": "650",
        "price_per_unit": "406",
        "price_unit": "G"
      },
      {
        "state": "TAS",
        "price": "650",
        "price_per_unit": "406",
        "price_unit": "G"
      },
      null,
      {
        "state": "NT",
        "price": "650",
        "price_per_unit": "406",
        "price_unit": "G"
      }
    ]
  },
  {
    "source_url": "https://www.woolworths.com.au/shop/productdetails/529043/osha-koonmoon-rice-sticks",
    "name": "Osha Koonmoon Rice Sticks 500g",
    "image_url": "https://cdn1.woolworths.media/content/wowproductimages/large/529043.jpg",
    "source_id": "Woolworths - 529043",
    "barcode": "9319864005627",
    "shop": "Woolworths",
    "weight": "100G",
    "prices": [
      {
        "state": "VIC",
        "price": "350",
        "price_per_unit": "70",
        "price_unit": "G"
      },
      {
        "state": "QLD",
        "price": "350",
        "price_per_unit": "70",
        "price_unit": "G"
      },
      {
        "state": "WA",
        "price": "350",
        "price_per_unit": "70",
        "price_unit": "G"
      },
      {
        "state": "TAS",
        "price": "350",
        "price_per_unit": "70",
        "price_unit": "G"
      },
      null
    ]
  },
  {
    "source_url": "https://www.woolworths.com.au/shop/productdetails/335587/ottogi-cooked-rice-original",
    "name": "Ottogi Cooked Rice Original 3 Pack",
    "image_url": "https://cdn1.woolworths.media/content/wowproductimages/large/335587.jpg",
    "source_id": "Woolworths - 335587",
    "barcode": "645175890423",
    "shop": "Woolworths",
    "weight": "100G",
    "prices": [
      {
        "state": "VIC",
        "price": "750",
        "price_per_unit": "357",
        "price_unit": "G"
      },
      {
        "state": "QLD",
        "price": "750",
        "price_per_unit": "357",
        "price_unit": "G"
      },
      {
        "state": "WA",
        "price": "750",
        "price_per_unit": "357",
        "price_unit": "G"
      },
      {
        "state": "SA",
        "price": "750",
        "price_per_unit": "357",
        "price_unit": "G"
      },
      {
        "state": "TAS",
        "price": "750",
        "price_per_unit": "357",
        "price_unit": "G"
      },
      {
        "state": "ACT",
        "price": "750",
        "price_per_unit": "357",
        "price_unit": "G"
      },
      {
        "state": "NT",
        "price": "750",
        "price_per_unit": "357",
        "price_unit": "G"
      }
    ]
  },
  {
    "source_url": "https://www.woolworths.com.au/shop/productdetails/122658/ottogi-noodles-jin-ramen-spicy-5pk",
    "name": "Ottogi Noodles Jin Ramen Spicy 5pk 120g x5 Pack",
    "image_url": "https://cdn1.woolworths.media/content/wowproductimages/large/122658.jpg",
    "source_id": "Woolworths - 122658",
    "barcode": "8801045523699",
    "shop": "Woolworths",
    "weight": "100G",
    "prices": [
      {
        "state": "VIC",
        "price": "700",
        "price_per_unit": "117",
        "price_unit": "G"
      },
      {
        "state": "QLD",
        "price": "700",
        "price_per_unit": "117",
        "price_unit": "G"
      },
      {
        "state": "WA",
        "price": "700",
        "price_per_unit": "117",
        "price_unit": "G"
      },
      {
        "state": "TAS",
        "price": "700",
        "price_per_unit": "117",
        "price_unit": "G"
      },
      {
        "state": "NT",
        "price": "735",
        "price_per_unit": "123",
        "price_unit": "G"
      }
    ]
  },
  {
    "source_url": "https://www.woolworths.com.au/shop/productdetails/520203/paldo-dosirac-hot-spicy-noodles-king-cup",
    "name": "Paldo Dosirac Hot Spicy Noodles King Cup 110g",
    "image_url": "https://cdn1.woolworths.media/content/wowproductimages/large/520203.jpg",
    "source_id": "Woolworths - 520203",
    "barcode": "648436100620",
    "shop": "Woolworths",
    "weight": "100G",
    "prices": [
      {
        "state": "VIC",
        "price": "270",
        "price_per_unit": "245",
        "price_unit": "G"
      },
      {
        "state": "QLD",
        "price": "270",
        "price_per_unit": "245",
        "price_unit": "G"
      },
      {
        "state": "WA",
        "price": "270",
        "price_per_unit": "245",
        "price_unit": "G"
      },
      {
        "state": "SA",
        "price": "270",
        "price_per_unit": "245",
        "price_unit": "G"
      },
      {
        "state": "TAS",
        "price": "270",
        "price_per_unit": "245",
        "price_unit": "G"
      },
      {
        "state": "ACT",
        "price": "270",
        "price_per_unit": "245",
        "price_unit": "G"
      },
      {
        "state": "NT",
        "price": "280",
        "price_per_unit": "255",
        "price_unit": "G"
      }
    ]
  },
  {
    "source_url": "https://www.woolworths.com.au/shop/productdetails/520046/paldo-dosirac-lobster-noodles-king-cup",
    "name": "Paldo Dosirac Lobster Noodles King Cup 110g",
    "image_url": "https://cdn1.woolworths.media/content/wowproductimages/large/520046.jpg",
    "source_id": "Woolworths - 520046",
    "barcode": "648436100279",
    "shop": "Woolworths",
    "weight": "100G",
    "prices": [
      {
        "state": "VIC",
        "price": "270",
        "price_per_unit": "245",
        "price_unit": "G"
      },
      {
        "state": "QLD",
        "price": "270",
        "price_per_unit": "245",
        "price_unit": "G"
      },
      {
        "state": "WA",
        "price": "270",
        "price_per_unit": "245",
        "price_unit": "G"
      },
      {
        "state": "SA",
        "price": "270",
        "price_per_unit": "245",
        "price_unit": "G"
      },
      {
        "state": "TAS",
        "price": "270",
        "price_per_unit": "245",
        "price_unit": "G"
      },
      {
        "state": "ACT",
        "price": "270",
        "price_per_unit": "245",
        "price_unit": "G"
      },
      {
        "state": "NT",
        "price": "280",
        "price_per_unit": "255",
        "price_unit": "G"
      }
    ]
  },
  {
    "source_url": "https://www.woolworths.com.au/shop/productdetails/167884/pandaroo-ingredients-mushroom-chinese-sliced",
    "name": "Pandaroo Ingredients Mushroom Chinese Sliced 40g",
    "image_url": "https://cdn1.woolworths.media/content/wowproductimages/large/167884.jpg",
    "source_id": "Woolworths - 167884",
    "barcode": "9319224999979",
    "shop": "Woolworths",
    "weight": "1KG",
    "prices": [
      {
        "state": "VIC",
        "price": "350",
        "price_per_unit": "8750",
        "price_unit": "KG"
      },
      {
        "state": "QLD",
        "price": "350",
        "price_per_unit": "8750",
        "price_unit": "KG"
      },
      {
        "state": "WA",
        "price": "350",
        "price_per_unit": "8750",
        "price_unit": "KG"
      },
      {
        "state": "SA",
        "price": "350",
        "price_per_unit": "8750",
        "price_unit": "KG"
      },
      {
        "state": "TAS",
        "price": "350",
        "price_per_unit": "8750",
        "price_unit": "KG"
      },
      {
        "state": "ACT",
        "price": "350",
        "price_per_unit": "8750",
        "price_unit": "KG"
      },
      {
        "state": "NT",
        "price": "370",
        "price_per_unit": "9250",
        "price_unit": "KG"
      }
    ]
  },
  {
    "source_url": "https://www.woolworths.com.au/shop/productdetails/744207/pandaroo-vietnamese-style-rice-paper-roll-dipping-sauce",
    "name": "Pandaroo Vietnamese Style Rice Paper Roll Dipping Sauce 270ml",
    "image_url": "https://cdn1.woolworths.media/content/wowproductimages/large/744207.jpg",
    "source_id": "Woolworths - 744207",
    "barcode": "9319224800657",
    "shop": "Woolworths",
    "weight": "100ML",
    "prices": [
      {
        "state": "VIC",
        "price": "285",
        "price_per_unit": "106",
        "price_unit": "ML"
      },
      {
        "state": "QLD",
        "price": "285",
        "price_per_unit": "106",
        "price_unit": "ML"
      },
      {
        "state": "WA",
        "price": "285",
        "price_per_unit": "106",
        "price_unit": "ML"
      },
      {
        "state": "SA",
        "price": "285",
        "price_per_unit": "106",
        "price_unit": "ML"
      },
      {
        "state": "TAS",
        "price": "330",
        "price_per_unit": "122",
        "price_unit": "ML"
      },
      {
        "state": "ACT",
        "price": "330",
        "price_per_unit": "122",
        "price_unit": "ML"
      },
      {
        "state": "NT",
        "price": "330",
        "price_per_unit": "122",
        "price_unit": "ML"
      }
    ]
  },
  {
    "source_url": "https://www.woolworths.com.au/shop/productdetails/847088/pantai-shrimp-paste",
    "name": "Pantai Shrimp Paste 100g",
    "image_url": "https://cdn1.woolworths.media/content/wowproductimages/large/847088.jpg",
    "source_id": "Woolworths - 847088",
    "barcode": "8850058002721",
    "shop": "Woolworths",
    "weight": "100G",
    "prices": [
      {
        "state": "VIC",
        "price": "250",
        "price_per_unit": "250",
        "price_unit": "G"
      },
      {
        "state": "QLD",
        "price": "250",
        "price_per_unit": "250",
        "price_unit": "G"
      },
      {
        "state": "WA",
        "price": "250",
        "price_per_unit": "250",
        "price_unit": "G"
      },
      {
        "state": "SA",
        "price": "250",
        "price_per_unit": "250",
        "price_unit": "G"
      },
      {
        "state": "TAS",
        "price": "250",
        "price_per_unit": "250",
        "price_unit": "G"
      },
      {
        "state": "ACT",
        "price": "250",
        "price_per_unit": "250",
        "price_unit": "G"
      },
      {
        "state": "NT",
        "price": "265",
        "price_per_unit": "265",
        "price_unit": "G"
      }
    ]
  },
  {
    "source_url": "https://www.woolworths.com.au/shop/productdetails/847156/pearl-river-bridge-soy-sauce-gold-label",
    "name": "Pearl River Bridge Soy Sauce Gold Label 600ml",
    "image_url": "https://cdn1.woolworths.media/content/wowproductimages/large/847156.jpg",
    "source_id": "Woolworths - 847156",
    "barcode": "6921180820094",
    "shop": "Woolworths",
    "weight": "100ML",
    "prices": [
      {
        "state": "VIC",
        "price": "390",
        "price_per_unit": "65",
        "price_unit": "ML"
      },
      {
        "state": "QLD",
        "price": "390",
        "price_per_unit": "65",
        "price_unit": "ML"
      },
      {
        "state": "WA",
        "price": "390",
        "price_per_unit": "65",
        "price_unit": "ML"
      },
      {
        "state": "SA",
        "price": "390",
        "price_per_unit": "65",
        "price_unit": "ML"
      },
      {
        "state": "TAS",
        "price": "390",
        "price_per_unit": "65",
        "price_unit": "ML"
      },
      {
        "state": "ACT",
        "price": "390",
        "price_per_unit": "65",
        "price_unit": "ML"
      },
      {
        "state": "NT",
        "price": "410",
        "price_per_unit": "68",
        "price_unit": "ML"
      }
    ]
  },
  {
    "source_url": "https://www.woolworths.com.au/shop/productdetails/827756/prima-singapore-laksa-la-mian",
    "name": "Prima Singapore Laksa La Mian 178g",
    "image_url": "https://cdn1.woolworths.media/content/wowproductimages/large/827756.jpg",
    "source_id": "Woolworths - 827756",
    "barcode": "8886350067991",
    "shop": "Woolworths",
    "weight": "100G",
    "prices": [
      {
        "state": "VIC",
        "price": "450",
        "price_per_unit": "253",
        "price_unit": "G"
      },
      {
        "state": "QLD",
        "price": "450",
        "price_per_unit": "253",
        "price_unit": "G"
      },
      {
        "state": "WA",
        "price": "450",
        "price_per_unit": "253",
        "price_unit": "G"
      },
      {
        "state": "SA",
        "price": "450",
        "price_per_unit": "253",
        "price_unit": "G"
      },
      {
        "state": "TAS",
        "price": "450",
        "price_per_unit": "253",
        "price_unit": "G"
      },
      {
        "state": "NT",
        "price": "454",
        "price_per_unit": "255",
        "price_unit": "G"
      }
    ]
  },
  {
    "source_url": "https://www.woolworths.com.au/shop/productdetails/364436/shimaya-bonito-soup-stock",
    "name": "Shimaya Bonito Soup Stock 50g",
    "image_url": "https://cdn1.woolworths.media/content/wowproductimages/large/364436.jpg",
    "source_id": "Woolworths - 364436",
    "barcode": "49319110017",
    "shop": "Woolworths",
    "weight": "10G",
    "prices": [
      {
        "state": "VIC",
        "price": "280",
        "price_per_unit": "56",
        "price_unit": "G"
      },
      {
        "state": "QLD",
        "price": "280",
        "price_per_unit": "56",
        "price_unit": "G"
      },
      {
        "state": "WA",
        "price": "280",
        "price_per_unit": "56",
        "price_unit": "G"
      },
      {
        "state": "SA",
        "price": "280",
        "price_per_unit": "56",
        "price_unit": "G"
      },
      {
        "state": "TAS",
        "price": "325",
        "price_per_unit": "65",
        "price_unit": "G"
      },
      {
        "state": "NT",
        "price": "325",
        "price_per_unit": "65",
        "price_unit": "G"
      }
    ]
  },
  {
    "source_url": "https://www.woolworths.com.au/shop/productdetails/841770/silver-swan-soy-sauce",
    "name": "Silver Swan Soy Sauce 1l",
    "image_url": "https://cdn1.woolworths.media/content/wowproductimages/large/841770.jpg",
    "source_id": "Woolworths - 841770",
    "barcode": "4800344001628",
    "shop": "Woolworths",
    "weight": "100ML",
    "prices": [
      {
        "state": "VIC",
        "price": "360",
        "price_per_unit": "36",
        "price_unit": "ML"
      },
      {
        "state": "QLD",
        "price": "360",
        "price_per_unit": "36",
        "price_unit": "ML"
      },
      {
        "state": "WA",
        "price": "360",
        "price_per_unit": "36",
        "price_unit": "ML"
      },
      {
        "state": "SA",
        "price": "360",
        "price_per_unit": "36",
        "price_unit": "ML"
      },
      {
        "state": "TAS",
        "price": "360",
        "price_per_unit": "36",
        "price_unit": "ML"
      },
      {
        "state": "ACT",
        "price": "360",
        "price_per_unit": "36",
        "price_unit": "ML"
      },
      {
        "state": "NT",
        "price": "360",
        "price_per_unit": "36",
        "price_unit": "ML"
      }
    ]
  },
  {
    "source_url": "https://www.woolworths.com.au/shop/productdetails/847924/six-fortune-somen-tomoshiraga",
    "name": "Six Fortune Somen Tomoshiraga 400g",
    "image_url": "https://cdn1.woolworths.media/content/wowproductimages/large/847924.jpg",
    "source_id": "Woolworths - 847924",
    "barcode": "79763111551",
    "shop": "Woolworths",
    "weight": "100G",
    "prices": [
      {
        "state": "VIC",
        "price": "260",
        "price_per_unit": "65",
        "price_unit": "G"
      },
      {
        "state": "QLD",
        "price": "260",
        "price_per_unit": "65",
        "price_unit": "G"
      },
      {
        "state": "WA",
        "price": "260",
        "price_per_unit": "65",
        "price_unit": "G"
      },
      {
        "state": "TAS",
        "price": "260",
        "price_per_unit": "65",
        "price_unit": "G"
      },
      {
        "state": "ACT",
        "price": "260",
        "price_per_unit": "65",
        "price_unit": "G"
      },
      {
        "state": "NT",
        "price": "260",
        "price_per_unit": "65",
        "price_unit": "G"
      }
    ]
  },
  {
    "source_url": "https://www.woolworths.com.au/shop/productdetails/233133/snakz-bites-salted-egg-spread",
    "name": "Snakz Bites Salted Egg Spread 250g",
    "image_url": "https://cdn1.woolworths.media/content/wowproductimages/large/233133.jpg",
    "source_id": "Woolworths - 233133",
    "barcode": "9555480005720",
    "shop": "Woolworths",
    "weight": "100G",
    "prices": [
      {
        "state": "VIC",
        "price": "550",
        "price_per_unit": "220",
        "price_unit": "G"
      },
      {
        "state": "QLD",
        "price": "550",
        "price_per_unit": "220",
        "price_unit": "G"
      },
      {
        "state": "WA",
        "price": "550",
        "price_per_unit": "220",
        "price_unit": "G"
      },
      {
        "state": "SA",
        "price": "550",
        "price_per_unit": "220",
        "price_unit": "G"
      },
      {
        "state": "TAS",
        "price": "550",
        "price_per_unit": "220",
        "price_unit": "G"
      },
      {
        "state": "NT",
        "price": "580",
        "price_per_unit": "232",
        "price_unit": "G"
      }
    ]
  },
  {
    "source_url": "https://www.woolworths.com.au/shop/productdetails/167296/soul-papa-co-red-pepper-powder-coarse",
    "name": "Soul Papa & Co Red Pepper Powder Coarse 200g",
    "image_url": "https://cdn1.woolworths.media/content/wowproductimages/large/167296.jpg",
    "source_id": "Woolworths - 167296",
    "barcode": "81652630074",
    "shop": "Woolworths",
    "weight": "10G",
    "prices": [
      {
        "state": "VIC",
        "price": "650",
        "price_per_unit": "33",
        "price_unit": "G"
      },
      {
        "state": "QLD",
        "price": "650",
        "price_per_unit": "33",
        "price_unit": "G"
      },
      {
        "state": "WA",
        "price": "650",
        "price_per_unit": "33",
        "price_unit": "G"
      },
      {
        "state": "SA",
        "price": "650",
        "price_per_unit": "33",
        "price_unit": "G"
      },
      {
        "state": "TAS",
        "price": "650",
        "price_per_unit": "33",
        "price_unit": "G"
      },
      {
        "state": "ACT",
        "price": "650",
        "price_per_unit": "33",
        "price_unit": "G"
      },
      {
        "state": "NT",
        "price": "650",
        "price_per_unit": "33",
        "price_unit": "G"
      }
    ]
  },
  {
    "source_url": "https://www.woolworths.com.au/shop/productdetails/360332/soul-papa-co-rpasted-sesame-seeds",
    "name": "Soul Papa & Co Rpasted Sesame Seeds 200g",
    "image_url": "https://cdn1.woolworths.media/content/wowproductimages/large/360332.jpg",
    "source_id": "Woolworths - 360332",
    "barcode": "9333328000621",
    "shop": "Woolworths",
    "weight": "100G",
    "prices": [
      {
        "state": "VIC",
        "price": "500",
        "price_per_unit": "250",
        "price_unit": "G"
      },
      {
        "state": "QLD",
        "price": "500",
        "price_per_unit": "250",
        "price_unit": "G"
      },
      {
        "state": "WA",
        "price": "500",
        "price_per_unit": "250",
        "price_unit": "G"
      },
      {
        "state": "SA",
        "price": "500",
        "price_per_unit": "250",
        "price_unit": "G"
      },
      {
        "state": "TAS",
        "price": "500",
        "price_per_unit": "250",
        "price_unit": "G"
      },
      {
        "state": "ACT",
        "price": "500",
        "price_per_unit": "250",
        "price_unit": "G"
      },
      {
        "state": "NT",
        "price": "500",
        "price_per_unit": "250",
        "price_unit": "G"
      }
    ]
  },
  {
    "source_url": "https://www.woolworths.com.au/shop/productdetails/532446/soul-papa-co-soy-sauce",
    "name": "Soul Papa & Co. Soy Sauce 1.7L",
    "image_url": "https://cdn1.woolworths.media/content/wowproductimages/large/532446.jpg",
    "source_id": "Woolworths - 532446",
    "barcode": "9333328001468",
    "shop": "Woolworths",
    "weight": "100ML",
    "prices": [
      {
        "state": "VIC",
        "price": "580",
        "price_per_unit": "34",
        "price_unit": "ML"
      },
      {
        "state": "QLD",
        "price": "580",
        "price_per_unit": "34",
        "price_unit": "ML"
      },
      {
        "state": "WA",
        "price": "580",
        "price_per_unit": "34",
        "price_unit": "ML"
      },
      {
        "state": "SA",
        "price": "580",
        "price_per_unit": "34",
        "price_unit": "ML"
      },
      {
        "state": "TAS",
        "price": "580",
        "price_per_unit": "34",
        "price_unit": "ML"
      },
      {
        "state": "ACT",
        "price": "580",
        "price_per_unit": "34",
        "price_unit": "ML"
      },
      null
    ]
  },
  {
    "source_url": "https://www.woolworths.com.au/shop/productdetails/364390/squid-brand-fish-sauce-premium",
    "name": "Squid Brand Fish Sauce Premium 725ml",
    "image_url": "https://cdn1.woolworths.media/content/wowproductimages/large/364390.jpg",
    "source_id": "Woolworths - 364390",
    "barcode": "8850620888050",
    "shop": "Woolworths",
    "weight": "100ML",
    "prices": [
      {
        "state": "VIC",
        "price": "420",
        "price_per_unit": "58",
        "price_unit": "ML"
      },
      {
        "state": "QLD",
        "price": "420",
        "price_per_unit": "58",
        "price_unit": "ML"
      },
      {
        "state": "WA",
        "price": "420",
        "price_per_unit": "58",
        "price_unit": "ML"
      },
      {
        "state": "SA",
        "price": "420",
        "price_per_unit": "58",
        "price_unit": "ML"
      },
      {
        "state": "TAS",
        "price": "420",
        "price_per_unit": "58",
        "price_unit": "ML"
      },
      {
        "state": "ACT",
        "price": "420",
        "price_per_unit": "58",
        "price_unit": "ML"
      },
      {
        "state": "NT",
        "price": "440",
        "price_per_unit": "61",
        "price_unit": "ML"
      }
    ]
  },
  {
    "source_url": "https://www.woolworths.com.au/shop/productdetails/803903/ssk-japanese-mayo",
    "name": "SSK Japanese Mayo 1kg",
    "image_url": "https://cdn1.woolworths.media/content/wowproductimages/large/803903.jpg",
    "source_id": "Woolworths - 803903",
    "barcode": "4905132611505",
    "shop": "Woolworths",
    "weight": "100G",
    "prices": [
      {
        "state": "VIC",
        "price": "1250",
        "price_per_unit": "125",
        "price_unit": "G"
      },
      {
        "state": "QLD",
        "price": "1250",
        "price_per_unit": "125",
        "price_unit": "G"
      },
      {
        "state": "WA",
        "price": "1250",
        "price_per_unit": "125",
        "price_unit": "G"
      },
      {
        "state": "SA",
        "price": "1250",
        "price_per_unit": "125",
        "price_unit": "G"
      },
      {
        "state": "ACT",
        "price": "1250",
        "price_per_unit": "125",
        "price_unit": "G"
      },
      {
        "state": "NT",
        "price": "1250",
        "price_per_unit": "125",
        "price_unit": "G"
      }
    ]
  },
  {
    "source_url": "https://www.woolworths.com.au/shop/productdetails/847093/tean-s-gourmet-tumisan-kari-ayam-paste-for-chicken-curry",
    "name": "Tean's Gourmet Tumisan Kari Ayam Paste For Chicken Curry 200g",
    "image_url": "https://cdn1.woolworths.media/content/wowproductimages/large/847093.jpg",
    "source_id": "Woolworths - 847093",
    "barcode": "9555144300109",
    "shop": "Woolworths",
    "weight": "100G",
    "prices": [
      {
        "state": "VIC",
        "price": "345",
        "price_per_unit": "173",
        "price_unit": "G"
      },
      {
        "state": "QLD",
        "price": "345",
        "price_per_unit": "173",
        "price_unit": "G"
      },
      {
        "state": "WA",
        "price": "345",
        "price_per_unit": "173",
        "price_unit": "G"
      },
      {
        "state": "SA",
        "price": "345",
        "price_per_unit": "173",
        "price_unit": "G"
      },
      {
        "state": "TAS",
        "price": "345",
        "price_per_unit": "173",
        "price_unit": "G"
      },
      null
    ]
  },
  {
    "source_url": "https://www.woolworths.com.au/shop/productdetails/847094/tean-s-gourmet-tumisan-kari-laksa-paste-for-curry-laksa",
    "name": "Tean's Gourmet Tumisan Kari Laksa Paste For Curry Laksa 200g",
    "image_url": "https://cdn1.woolworths.media/content/wowproductimages/large/847094.jpg",
    "source_id": "Woolworths - 847094",
    "barcode": "9555144300123",
    "shop": "Woolworths",
    "weight": "100G",
    "prices": [
      {
        "state": "VIC",
        "price": "345",
        "price_per_unit": "173",
        "price_unit": "G"
      },
      {
        "state": "QLD",
        "price": "345",
        "price_per_unit": "173",
        "price_unit": "G"
      },
      {
        "state": "WA",
        "price": "345",
        "price_per_unit": "173",
        "price_unit": "G"
      },
      {
        "state": "SA",
        "price": "345",
        "price_per_unit": "173",
        "price_unit": "G"
      },
      {
        "state": "TAS",
        "price": "345",
        "price_per_unit": "173",
        "price_unit": "G"
      },
      null
    ]
  },
  {
    "source_url": "https://www.woolworths.com.au/shop/productdetails/520556/the-han-kitchen-dashi-soba-noodle",
    "name": "The Han Kitchen Dashi Soba Noodle 422g",
    "image_url": "https://cdn1.woolworths.media/content/wowproductimages/large/520556.jpg",
    "source_id": "Woolworths - 520556",
    "barcode": "9333328001376",
    "shop": "Woolworths",
    "weight": "100G",
    "prices": [
      {
        "state": "VIC",
        "price": "400",
        "price_per_unit": "95",
        "price_unit": "G"
      },
      {
        "state": "QLD",
        "price": "400",
        "price_per_unit": "95",
        "price_unit": "G"
      },
      {
        "state": "WA",
        "price": "400",
        "price_per_unit": "95",
        "price_unit": "G"
      },
      null,
      null
    ]
  },
  {
    "source_url": "https://www.woolworths.com.au/shop/productdetails/553200/the-han-kitchen-hand-cut-seafood-noodle",
    "name": "The Han Kitchen Hand-Cut Seafood Noodle 427g",
    "image_url": "https://cdn1.woolworths.media/content/wowproductimages/large/553200.jpg",
    "source_id": "Woolworths - 553200",
    "barcode": "9333328001390",
    "shop": "Woolworths",
    "weight": "100G",
    "prices": [
      {
        "state": "VIC",
        "price": "400",
        "price_per_unit": "94",
        "price_unit": "G"
      },
      {
        "state": "QLD",
        "price": "400",
        "price_per_unit": "94",
        "price_unit": "G"
      },
      {
        "state": "WA",
        "price": "400",
        "price_per_unit": "94",
        "price_unit": "G"
      },
      {
        "state": "TAS",
        "price": "400",
        "price_per_unit": "94",
        "price_unit": "G"
      },
      {
        "state": "NT",
        "price": "400",
        "price_per_unit": "94",
        "price_unit": "G"
      }
    ]
  },
  {
    "source_url": "https://www.woolworths.com.au/shop/productdetails/322957/the-han-kitchen-honey-ginger-tea",
    "name": "The Han Kitchen Honey Ginger Tea 500g",
    "image_url": "https://cdn1.woolworths.media/content/wowproductimages/large/322957.jpg",
    "source_id": "Woolworths - 322957",
    "barcode": "9333328000928",
    "shop": "Woolworths",
    "weight": "100G",
    "prices": [
      {
        "state": "VIC",
        "price": "950",
        "price_per_unit": "190",
        "price_unit": "G"
      },
      {
        "state": "QLD",
        "price": "950",
        "price_per_unit": "190",
        "price_unit": "G"
      },
      {
        "state": "WA",
        "price": "950",
        "price_per_unit": "190",
        "price_unit": "G"
      },
      {
        "state": "SA",
        "price": "950",
        "price_per_unit": "190",
        "price_unit": "G"
      },
      {
        "state": "TAS",
        "price": "950",
        "price_per_unit": "190",
        "price_unit": "G"
      },
      {
        "state": "NT",
        "price": "950",
        "price_per_unit": "190",
        "price_unit": "G"
      }
    ]
  },
  {
    "source_url": "https://www.woolworths.com.au/shop/productdetails/318707/the-han-kitchen-honey-yuzu-tea",
    "name": "The Han Kitchen Honey Yuzu Tea 500g",
    "image_url": "https://cdn1.woolworths.media/content/wowproductimages/large/318707.jpg",
    "source_id": "Woolworths - 318707",
    "barcode": "9333328000904",
    "shop": "Woolworths",
    "weight": "100G",
    "prices": [
      {
        "state": "VIC",
        "price": "850",
        "price_per_unit": "170",
        "price_unit": "G"
      },
      {
        "state": "QLD",
        "price": "850",
        "price_per_unit": "170",
        "price_unit": "G"
      },
      {
        "state": "WA",
        "price": "850",
        "price_per_unit": "170",
        "price_unit": "G"
      },
      {
        "state": "TAS",
        "price": "850",
        "price_per_unit": "170",
        "price_unit": "G"
      },
      {
        "state": "NT",
        "price": "850",
        "price_per_unit": "170",
        "price_unit": "G"
      }
    ]
  },
  {
    "source_url": "https://www.woolworths.com.au/shop/productdetails/360331/the-han-kitchen-japanese-katsuo-udon",
    "name": "The Han Kitchen Japanese Katsuo Udon 485g",
    "image_url": "https://cdn1.woolworths.media/content/wowproductimages/large/360331.jpg",
    "source_id": "Woolworths - 360331",
    "barcode": "9333328001116",
    "shop": "Woolworths",
    "weight": "100G",
    "prices": [
      {
        "state": "VIC",
        "price": "350",
        "price_per_unit": "72",
        "price_unit": "G"
      },
      {
        "state": "QLD",
        "price": "350",
        "price_per_unit": "72",
        "price_unit": "G"
      },
      {
        "state": "WA",
        "price": "350",
        "price_per_unit": "72",
        "price_unit": "G"
      },
      {
        "state": "TAS",
        "price": "700",
        "price_per_unit": "144",
        "price_unit": "G"
      },
      null
    ]
  },
  {
    "source_url": "https://www.woolworths.com.au/shop/productdetails/534565/the-han-kitchen-japanese-katsuo-udon-bowl",
    "name": "The Han Kitchen Japanese Katsuo Udon Bowl 222g",
    "image_url": "https://cdn1.woolworths.media/content/wowproductimages/large/534565.jpg",
    "source_id": "Woolworths - 534565",
    "barcode": "9333328001345",
    "shop": "Woolworths",
    "weight": "100G",
    "prices": [
      {
        "state": "VIC",
        "price": "550",
        "price_per_unit": "248",
        "price_unit": "G"
      },
      {
        "state": "QLD",
        "price": "550",
        "price_per_unit": "248",
        "price_unit": "G"
      },
      {
        "state": "WA",
        "price": "550",
        "price_per_unit": "248",
        "price_unit": "G"
      },
      {
        "state": "SA",
        "price": "550",
        "price_per_unit": "248",
        "price_unit": "G"
      },
      null,
      null
    ]
  },
  {
    "source_url": "https://www.woolworths.com.au/shop/productdetails/360295/the-han-kitchen-spicy-seafood-udon",
    "name": "The Han Kitchen Spicy Seafood Udon 485g",
    "image_url": "https://cdn1.woolworths.media/content/wowproductimages/large/360295.jpg",
    "source_id": "Woolworths - 360295",
    "barcode": "9333328001109",
    "shop": "Woolworths",
    "weight": "100G",
    "prices": [
      {
        "state": "VIC",
        "price": "350",
        "price_per_unit": "72",
        "price_unit": "G"
      },
      {
        "state": "QLD",
        "price": "350",
        "price_per_unit": "72",
        "price_unit": "G"
      },
      {
        "state": "WA",
        "price": "350",
        "price_per_unit": "72",
        "price_unit": "G"
      },
      null,
      {
        "state": "NT",
        "price": "700",
        "price_per_unit": "144",
        "price_unit": "G"
      }
    ]
  },
  {
    "source_url": "https://www.woolworths.com.au/shop/productdetails/554440/the-han-kitchen-spicy-seafood-udon-bowl",
    "name": "The Han Kitchen Spicy Seafood Udon Bowl 222g",
    "image_url": "https://cdn1.woolworths.media/content/wowproductimages/large/554440.jpg",
    "source_id": "Woolworths - 554440",
    "barcode": "9333328001352",
    "shop": "Woolworths",
    "weight": "100G",
    "prices": [
      {
        "state": "VIC",
        "price": "550",
        "price_per_unit": "248",
        "price_unit": "G"
      },
      {
        "state": "QLD",
        "price": "550",
        "price_per_unit": "248",
        "price_unit": "G"
      },
      {
        "state": "WA",
        "price": "550",
        "price_per_unit": "248",
        "price_unit": "G"
      },
      {
        "state": "TAS",
        "price": "275",
        "price_per_unit": "124",
        "price_unit": "G"
      },
      {
        "state": "NT",
        "price": "275",
        "price_per_unit": "124",
        "price_unit": "G"
      }
    ]
  },
  {
    "source_url": "https://www.woolworths.com.au/shop/productdetails/513471/the-han-kitchen-topokki-meal-kit",
    "name": "The Han Kitchen Topokki Meal Kit 230g",
    "image_url": "https://cdn1.woolworths.media/content/wowproductimages/large/513471.jpg",
    "source_id": "Woolworths - 513471",
    "barcode": "9333328001369",
    "shop": "Woolworths",
    "weight": "100G",
    "prices": [
      {
        "state": "VIC",
        "price": "800",
        "price_per_unit": "348",
        "price_unit": "G"
      },
      {
        "state": "QLD",
        "price": "800",
        "price_per_unit": "348",
        "price_unit": "G"
      },
      {
        "state": "WA",
        "price": "800",
        "price_per_unit": "348",
        "price_unit": "G"
      },
      {
        "state": "SA",
        "price": "800",
        "price_per_unit": "348",
        "price_unit": "G"
      },
      {
        "state": "TAS",
        "price": "800",
        "price_per_unit": "348",
        "price_unit": "G"
      },
      {
        "state": "NT",
        "price": "800",
        "price_per_unit": "348",
        "price_unit": "G"
      }
    ]
  },
  {
    "source_url": "https://www.woolworths.com.au/shop/productdetails/364425/tiparos-fish-sauce",
    "name": "Tiparos Tiparos Fish Sauce 700mL",
    "image_url": "https://cdn1.woolworths.media/content/wowproductimages/large/364425.jpg",
    "source_id": "Woolworths - 364425",
    "barcode": "8850545777125",
    "shop": "Woolworths",
    "weight": "100ML",
    "prices": [
      {
        "state": "VIC",
        "price": "270",
        "price_per_unit": "39",
        "price_unit": "ML"
      },
      {
        "state": "QLD",
        "price": "270",
        "price_per_unit": "39",
        "price_unit": "ML"
      },
      {
        "state": "WA",
        "price": "270",
        "price_per_unit": "39",
        "price_unit": "ML"
      },
      {
        "state": "SA",
        "price": "270",
        "price_per_unit": "39",
        "price_unit": "ML"
      },
      {
        "state": "TAS",
        "price": "270",
        "price_per_unit": "39",
        "price_unit": "ML"
      },
      {
        "state": "ACT",
        "price": "270",
        "price_per_unit": "39",
        "price_unit": "ML"
      },
      null
    ]
  },
  {
    "source_url": "https://www.woolworths.com.au/shop/productdetails/803478/tokyo-ramen-noodle-chicken",
    "name": "Tokyo Ramen Noodle Chicken 4 Pack",
    "image_url": "https://cdn1.woolworths.media/content/wowproductimages/large/803478.jpg",
    "source_id": "Woolworths - 803478",
    "barcode": "11152220079",
    "shop": "Woolworths",
    "weight": "100G",
    "prices": [
      {
        "state": "VIC",
        "price": "260",
        "price_per_unit": "217",
        "price_unit": "G"
      },
      {
        "state": "QLD",
        "price": "260",
        "price_per_unit": "217",
        "price_unit": "G"
      },
      {
        "state": "WA",
        "price": "260",
        "price_per_unit": "217",
        "price_unit": "G"
      },
      {
        "state": "SA",
        "price": "260",
        "price_per_unit": "217",
        "price_unit": "G"
      },
      {
        "state": "TAS",
        "price": "300",
        "price_per_unit": "250",
        "price_unit": "G"
      },
      {
        "state": "ACT",
        "price": "300",
        "price_per_unit": "250",
        "price_unit": "G"
      },
      {
        "state": "NT",
        "price": "300",
        "price_per_unit": "250",
        "price_unit": "G"
      }
    ]
  },
  {
    "source_url": "https://www.woolworths.com.au/shop/productdetails/841674/tung-chun-potato-starch",
    "name": "Tung Chun Potato Starch 500g",
    "image_url": "https://cdn1.woolworths.media/content/wowproductimages/large/841674.jpg",
    "source_id": "Woolworths - 841674",
    "barcode": "4891031027014",
    "shop": "Woolworths",
    "weight": "100G",
    "prices": [
      {
        "state": "VIC",
        "price": "550",
        "price_per_unit": "110",
        "price_unit": "G"
      },
      {
        "state": "QLD",
        "price": "550",
        "price_per_unit": "110",
        "price_unit": "G"
      },
      {
        "state": "WA",
        "price": "550",
        "price_per_unit": "110",
        "price_unit": "G"
      },
      {
        "state": "SA",
        "price": "550",
        "price_per_unit": "110",
        "price_unit": "G"
      },
      {
        "state": "TAS",
        "price": "550",
        "price_per_unit": "110",
        "price_unit": "G"
      },
      {
        "state": "ACT",
        "price": "550",
        "price_per_unit": "110",
        "price_unit": "G"
      },
      {
        "state": "NT",
        "price": "580",
        "price_per_unit": "116",
        "price_unit": "G"
      }
    ]
  },
  {
    "source_url": "https://www.woolworths.com.au/shop/productdetails/92130/ufc-canned-bean-sprouts",
    "name": "UFC Canned Bean Sprouts 410g",
    "image_url": "https://cdn1.woolworths.media/content/wowproductimages/large/092130.jpg",
    "source_id": "Woolworths - 92130",
    "barcode": "8850025326416",
    "shop": "Woolworths",
    "weight": "1KG",
    "prices": [
      {
        "state": "VIC",
        "price": "270",
        "price_per_unit": "659",
        "price_unit": "KG"
      },
      {
        "state": "QLD",
        "price": "270",
        "price_per_unit": "659",
        "price_unit": "KG"
      },
      {
        "state": "WA",
        "price": "270",
        "price_per_unit": "659",
        "price_unit": "KG"
      },
      {
        "state": "SA",
        "price": "270",
        "price_per_unit": "659",
        "price_unit": "KG"
      },
      {
        "state": "TAS",
        "price": "270",
        "price_per_unit": "659",
        "price_unit": "KG"
      },
      {
        "state": "ACT",
        "price": "270",
        "price_per_unit": "659",
        "price_unit": "KG"
      },
      {
        "state": "NT",
        "price": "285",
        "price_per_unit": "695",
        "price_unit": "KG"
      }
    ]
  },
  {
    "source_url": "https://www.woolworths.com.au/shop/productdetails/198503/valcom-ingredients-kaffir-lime-leaves",
    "name": "Valcom Ingredients Kaffir Lime Leaves 100g",
    "image_url": "https://cdn1.woolworths.media/content/wowproductimages/large/198503.jpg",
    "source_id": "Woolworths - 198503",
    "barcode": "9310432180746",
    "shop": "Woolworths",
    "weight": "10G",
    "prices": [
      {
        "state": "VIC",
        "price": "320",
        "price_per_unit": "32",
        "price_unit": "G"
      },
      {
        "state": "QLD",
        "price": "320",
        "price_per_unit": "32",
        "price_unit": "G"
      },
      {
        "state": "WA",
        "price": "320",
        "price_per_unit": "32",
        "price_unit": "G"
      },
      {
        "state": "SA",
        "price": "320",
        "price_per_unit": "32",
        "price_unit": "G"
      },
      {
        "state": "TAS",
        "price": "320",
        "price_per_unit": "32",
        "price_unit": "G"
      },
      {
        "state": "ACT",
        "price": "320",
        "price_per_unit": "32",
        "price_unit": "G"
      },
      {
        "state": "NT",
        "price": "320",
        "price_per_unit": "32",
        "price_unit": "G"
      }
    ]
  },
  {
    "source_url": "https://www.woolworths.com.au/shop/productdetails/830252/vita-ceylon-lemon-tea",
    "name": "Vita Ceylon Lemon Tea 250ml x6 Pack",
    "image_url": "https://cdn1.woolworths.media/content/wowproductimages/large/830252.jpg",
    "source_id": "Woolworths - 830252",
    "barcode": "4891028672241",
    "shop": "Woolworths",
    "weight": "1L",
    "prices": [
      {
        "state": "VIC",
        "price": "900",
        "price_per_unit": "600",
        "price_unit": "L"
      },
      {
        "state": "QLD",
        "price": "900",
        "price_per_unit": "600",
        "price_unit": "L"
      },
      {
        "state": "WA",
        "price": "900",
        "price_per_unit": "600",
        "price_unit": "L"
      },
      {
        "state": "TAS",
        "price": "900",
        "price_per_unit": "600",
        "price_unit": "L"
      },
      {
        "state": "ACT",
        "price": "900",
        "price_per_unit": "600",
        "price_unit": "L"
      },
      {
        "state": "NT",
        "price": "900",
        "price_per_unit": "600",
        "price_unit": "L"
      }
    ]
  },
  {
    "source_url": "https://www.woolworths.com.au/shop/productdetails/21589/vita-lemon-tea",
    "name": "Vita Lemon Tea 250ml x6 Pack",
    "image_url": "https://cdn1.woolworths.media/content/wowproductimages/large/021589.jpg",
    "source_id": "Woolworths - 21589",
    "barcode": "4891028664871",
    "shop": "Woolworths",
    "weight": "1L",
    "prices": [
      {
        "state": "VIC",
        "price": "900",
        "price_per_unit": "600",
        "price_unit": "L"
      },
      {
        "state": "QLD",
        "price": "900",
        "price_per_unit": "600",
        "price_unit": "L"
      },
      {
        "state": "WA",
        "price": "900",
        "price_per_unit": "600",
        "price_unit": "L"
      },
      {
        "state": "SA",
        "price": "900",
        "price_per_unit": "600",
        "price_unit": "L"
      },
      {
        "state": "TAS",
        "price": "900",
        "price_per_unit": "600",
        "price_unit": "L"
      },
      {
        "state": "ACT",
        "price": "900",
        "price_per_unit": "600",
        "price_unit": "L"
      },
      {
        "state": "NT",
        "price": "900",
        "price_per_unit": "600",
        "price_unit": "L"
      }
    ]
  },
  {
    "source_url": "https://www.woolworths.com.au/shop/productdetails/31655/wai-wai-rice-vermicelli-large",
    "name": "Wai Wai Rice Vermicelli Large 500g",
    "image_url": "https://cdn1.woolworths.media/content/wowproductimages/large/031655.jpg",
    "source_id": "Woolworths - 31655",
    "barcode": "9310432885580",
    "shop": "Woolworths",
    "weight": "100G",
    "prices": [
      {
        "state": "VIC",
        "price": "375",
        "price_per_unit": "75",
        "price_unit": "G"
      },
      {
        "state": "QLD",
        "price": "375",
        "price_per_unit": "75",
        "price_unit": "G"
      },
      {
        "state": "WA",
        "price": "375",
        "price_per_unit": "75",
        "price_unit": "G"
      },
      {
        "state": "TAS",
        "price": "375",
        "price_per_unit": "75",
        "price_unit": "G"
      },
      {
        "state": "ACT",
        "price": "375",
        "price_per_unit": "75",
        "price_unit": "G"
      },
      {
        "state": "NT",
        "price": "395",
        "price_per_unit": "79",
        "price_unit": "G"
      }
    ]
  },
  {
    "source_url": "https://www.woolworths.com.au/shop/productdetails/117521/wang-lao-ji-tea-drink",
    "name": "Wang Lao Ji Tea Drink 310mL x6 Pack",
    "image_url": "https://cdn1.woolworths.media/content/wowproductimages/large/117521.jpg",
    "source_id": "Woolworths - 117521",
    "barcode": "6956367338833",
    "shop": "Woolworths",
    "weight": "1L",
    "prices": [
      {
        "state": "VIC",
        "price": "700",
        "price_per_unit": "376",
        "price_unit": "L"
      },
      {
        "state": "QLD",
        "price": "700",
        "price_per_unit": "376",
        "price_unit": "L"
      },
      {
        "state": "WA",
        "price": "700",
        "price_per_unit": "376",
        "price_unit": "L"
      },
      {
        "state": "TAS",
        "price": "850",
        "price_per_unit": "457",
        "price_unit": "L"
      },
      {
        "state": "ACT",
        "price": "850",
        "price_per_unit": "457",
        "price_unit": "L"
      },
      null
    ]
  },
  {
    "source_url": "https://www.woolworths.com.au/shop/productdetails/124354/watermelon-brand-sweet-rice",
    "name": "Watermelon Brand Sweet Rice 1kg",
    "image_url": "https://cdn1.woolworths.media/content/wowproductimages/large/124354.jpg",
    "source_id": "Woolworths - 124354",
    "barcode": "8936199400364",
    "shop": "Woolworths",
    "weight": "100G",
    "prices": [
      {
        "state": "VIC",
        "price": "400",
        "price_per_unit": "40",
        "price_unit": "G"
      },
      {
        "state": "QLD",
        "price": "400",
        "price_per_unit": "40",
        "price_unit": "G"
      },
      {
        "state": "WA",
        "price": "400",
        "price_per_unit": "40",
        "price_unit": "G"
      },
      {
        "state": "TAS",
        "price": "400",
        "price_per_unit": "40",
        "price_unit": "G"
      },
      {
        "state": "ACT",
        "price": "400",
        "price_per_unit": "40",
        "price_unit": "G"
      },
      {
        "state": "NT",
        "price": "400",
        "price_per_unit": "40",
        "price_unit": "G"
      }
    ]
  },
  {
    "source_url": "https://www.woolworths.com.au/shop/productdetails/828346/wei-chuan-dumpling-sauce-hot",
    "name": "Wei Chuan Dumpling Sauce Hot 190g",
    "image_url": "https://cdn1.woolworths.media/content/wowproductimages/large/828346.jpg",
    "source_id": "Woolworths - 828346",
    "barcode": "72869241108",
    "shop": "Woolworths",
    "weight": "100ML",
    "prices": [
      {
        "state": "VIC",
        "price": "350",
        "price_per_unit": "184",
        "price_unit": "ML"
      },
      {
        "state": "QLD",
        "price": "350",
        "price_per_unit": "184",
        "price_unit": "ML"
      },
      {
        "state": "WA",
        "price": "350",
        "price_per_unit": "184",
        "price_unit": "ML"
      },
      {
        "state": "TAS",
        "price": "350",
        "price_per_unit": "184",
        "price_unit": "ML"
      },
      {
        "state": "ACT",
        "price": "350",
        "price_per_unit": "184",
        "price_unit": "ML"
      },
      {
        "state": "NT",
        "price": "350",
        "price_per_unit": "184",
        "price_unit": "ML"
      }
    ]
  },
  {
    "source_url": "https://www.woolworths.com.au/shop/productdetails/828665/wei-chuan-dumpling-sauce-original",
    "name": "Wei Chuan Dumpling Sauce Original 190ml",
    "image_url": "https://cdn1.woolworths.media/content/wowproductimages/large/828665.jpg",
    "source_id": "Woolworths - 828665",
    "barcode": "72869241009",
    "shop": "Woolworths",
    "weight": "100ML",
    "prices": [
      {
        "state": "VIC",
        "price": "350",
        "price_per_unit": "184",
        "price_unit": "ML"
      },
      {
        "state": "QLD",
        "price": "350",
        "price_per_unit": "184",
        "price_unit": "ML"
      },
      {
        "state": "WA",
        "price": "350",
        "price_per_unit": "184",
        "price_unit": "ML"
      },
      {
        "state": "TAS",
        "price": "350",
        "price_per_unit": "184",
        "price_unit": "ML"
      },
      {
        "state": "ACT",
        "price": "350",
        "price_per_unit": "184",
        "price_unit": "ML"
      },
      {
        "state": "NT",
        "price": "350",
        "price_per_unit": "184",
        "price_unit": "ML"
      }
    ]
  },
  {
    "source_url": "https://www.woolworths.com.au/shop/productdetails/794619/wei-lei-onion-noodles",
    "name": "Wei Lei Onion Noodles 5 Pack",
    "image_url": "https://cdn1.woolworths.media/content/wowproductimages/large/794619.jpg",
    "source_id": "Woolworths - 794619",
    "barcode": "4710199110201",
    "shop": "Woolworths",
    "weight": "100G",
    "prices": [
      {
        "state": "VIC",
        "price": "550",
        "price_per_unit": "129",
        "price_unit": "G"
      },
      {
        "state": "QLD",
        "price": "550",
        "price_per_unit": "129",
        "price_unit": "G"
      },
      {
        "state": "WA",
        "price": "550",
        "price_per_unit": "129",
        "price_unit": "G"
      },
      {
        "state": "TAS",
        "price": "550",
        "price_per_unit": "129",
        "price_unit": "G"
      },
      {
        "state": "ACT",
        "price": "550",
        "price_per_unit": "129",
        "price_unit": "G"
      },
      {
        "state": "NT",
        "price": "550",
        "price_per_unit": "129",
        "price_unit": "G"
      }
    ]
  },
  {
    "source_url": "https://www.woolworths.com.au/shop/productdetails/498913/wei-lih-instant-beef-noodles",
    "name": "Wei Lih Instant Beef Noodles 5x85g",
    "image_url": "https://cdn1.woolworths.media/content/wowproductimages/large/498913.jpg",
    "source_id": "Woolworths - 498913",
    "barcode": "4710199110195",
    "shop": "Woolworths",
    "weight": "100G",
    "prices": [
      {
        "state": "VIC",
        "price": "550",
        "price_per_unit": "129",
        "price_unit": "G"
      },
      {
        "state": "QLD",
        "price": "550",
        "price_per_unit": "129",
        "price_unit": "G"
      },
      {
        "state": "WA",
        "price": "550",
        "price_per_unit": "129",
        "price_unit": "G"
      },
      {
        "state": "TAS",
        "price": "550",
        "price_per_unit": "129",
        "price_unit": "G"
      },
      {
        "state": "ACT",
        "price": "550",
        "price_per_unit": "129",
        "price_unit": "G"
      },
      {
        "state": "NT",
        "price": "550",
        "price_per_unit": "129",
        "price_unit": "G"
      }
    ]
  },
  {
    "source_url": "https://www.woolworths.com.au/shop/productdetails/669020/wel-pac-panko-bread-crumbs",
    "name": "Wel Pac Panko Bread Crumbs 350g",
    "image_url": "https://cdn1.woolworths.media/content/wowproductimages/large/669020.jpg",
    "source_id": "Woolworths - 669020",
    "barcode": "6947192200112",
    "shop": "Woolworths",
    "weight": "100G",
    "prices": [
      {
        "state": "VIC",
        "price": "310",
        "price_per_unit": "89",
        "price_unit": "G"
      },
      {
        "state": "QLD",
        "price": "310",
        "price_per_unit": "89",
        "price_unit": "G"
      },
      {
        "state": "WA",
        "price": "310",
        "price_per_unit": "89",
        "price_unit": "G"
      },
      {
        "state": "TAS",
        "price": "350",
        "price_per_unit": "100",
        "price_unit": "G"
      },
      {
        "state": "ACT",
        "price": "350",
        "price_per_unit": "100",
        "price_unit": "G"
      },
      {
        "state": "NT",
        "price": "370",
        "price_per_unit": "106",
        "price_unit": "G"
      }
    ]
  },
  {
    "source_url": "https://www.woolworths.com.au/shop/productdetails/528873/wokka-flat-wide-noodles",
    "name": "Wokka Flat Wide Noodles 200g x 2 pack",
    "image_url": "https://cdn1.woolworths.media/content/wowproductimages/large/528873.jpg",
    "source_id": "Woolworths - 528873",
    "barcode": "9310560024486",
    "shop": "Woolworths",
    "weight": "100G",
    "prices": [
      {
        "state": "VIC",
        "price": "300",
        "price_per_unit": "75",
        "price_unit": "G"
      },
      {
        "state": "QLD",
        "price": "300",
        "price_per_unit": "75",
        "price_unit": "G"
      },
      {
        "state": "WA",
        "price": "300",
        "price_per_unit": "75",
        "price_unit": "G"
      },
      {
        "state": "TAS",
        "price": "300",
        "price_per_unit": "75",
        "price_unit": "G"
      },
      {
        "state": "ACT",
        "price": "300",
        "price_per_unit": "75",
        "price_unit": "G"
      },
      {
        "state": "NT",
        "price": "300",
        "price_per_unit": "75",
        "price_unit": "G"
      }
    ]
  },
  {
    "source_url": "https://www.woolworths.com.au/shop/productdetails/524925/wokka-singapore-style-noodles-value-pack",
    "name": "Wokka Singapore Style Noodles Value Pack 880g",
    "image_url": "https://cdn1.woolworths.media/content/wowproductimages/large/524925.jpg",
    "source_id": "Woolworths - 524925",
    "barcode": "9310560023670",
    "shop": "Woolworths",
    "weight": "100G",
    "prices": [
      {
        "state": "VIC",
        "price": "500",
        "price_per_unit": "57",
        "price_unit": "G"
      },
      {
        "state": "QLD",
        "price": "500",
        "price_per_unit": "57",
        "price_unit": "G"
      },
      {
        "state": "WA",
        "price": "500",
        "price_per_unit": "57",
        "price_unit": "G"
      },
      {
        "state": "TAS",
        "price": "500",
        "price_per_unit": "57",
        "price_unit": "G"
      },
      {
        "state": "ACT",
        "price": "500",
        "price_per_unit": "57",
        "price_unit": "G"
      },
      {
        "state": "NT",
        "price": "500",
        "price_per_unit": "57",
        "price_unit": "G"
      }
    ]
  },
  {
    "source_url": "https://www.woolworths.com.au/shop/productdetails/87404/yeo-s-drink-chrysanthemum",
    "name": "Yeo's Drink Chrysanthemum 6 Pack",
    "image_url": "https://cdn1.woolworths.media/content/wowproductimages/large/087404.jpg",
    "source_id": "Woolworths - 87404",
    "barcode": "77521067027",
    "shop": "Woolworths",
    "weight": "1L",
    "prices": [
      {
        "state": "VIC",
        "price": "500",
        "price_per_unit": "333",
        "price_unit": "L"
      },
      null,
      null
    ]
  },
  {
    "source_url": "https://www.woolworths.com.au/shop/productdetails/87363/yeo-s-drink-lychee",
    "name": "Yeo's Drink Lychee 6x250ml",
    "image_url": "https://cdn1.woolworths.media/content/wowproductimages/large/087363.jpg",
    "source_id": "Woolworths - 87363",
    "barcode": "9556156040199",
    "shop": "Woolworths",
    "weight": "1L",
    "prices": [
      {
        "state": "VIC",
        "price": "500",
        "price_per_unit": "333",
        "price_unit": "L"
      },
      null,
      null
    ]
  },
  {
    "source_url": "https://www.woolworths.com.au/shop/productdetails/554405/yoosh-aloe-tea-black-tea-flavour-with-honey",
    "name": "Yoosh Aloe Tea Black Tea Flavour With Honey 500mL",
    "image_url": "https://cdn1.woolworths.media/content/wowproductimages/large/554405.jpg",
    "source_id": "Woolworths - 554405",
    "barcode": "9310432007517",
    "shop": "Woolworths",
    "weight": "100ML",
    "prices": [
      {
        "state": "VIC",
        "price": "170",
        "price_per_unit": "34",
        "price_unit": "ML"
      },
      null,
      null
    ]
  },
  {
    "source_url": "https://www.woolworths.com.au/shop/productdetails/539930/yoosh-aloe-tea-citron-flavour-with-honey",
    "name": "Yoosh Aloe Tea Citron Flavour With Honey 500mL",
    "image_url": "https://cdn1.woolworths.media/content/wowproductimages/large/539930.jpg",
    "source_id": "Woolworths - 539930",
    "barcode": "9310432007531",
    "shop": "Woolworths",
    "weight": "100ML",
    "prices": [
      {
        "state": "VIC",
        "price": "170",
        "price_per_unit": "34",
        "price_unit": "ML"
      },
      {
        "state": "TAS",
        "price": "170",
        "price_per_unit": "34",
        "price_unit": "ML"
      },
      null
    ]
  },
  {
    "source_url": "https://www.woolworths.com.au/shop/productdetails/408549/yuki-love-boba-mochi-sea-salt-coffee",
    "name": "Yuki & Love Boba Mochi Sea Salt Coffee 120g",
    "image_url": "https://cdn1.woolworths.media/content/wowproductimages/large/408549.jpg",
    "source_id": "Woolworths - 408549",
    "barcode": "4713072179609",
    "shop": "Woolworths",
    "weight": "100G",
    "prices": [
      {
        "state": "VIC",
        "price": "420",
        "price_per_unit": "350",
        "price_unit": "G"
      },
      {
        "state": "TAS",
        "price": "420",
        "price_per_unit": "350",
        "price_unit": "G"
      },
      {
        "state": "NT",
        "price": "420",
        "price_per_unit": "350",
        "price_unit": "G"
      }
    ]
  },
  {
    "source_url": "https://www.woolworths.com.au/shop/productdetails/490361/yuki-love-japanese-style-peanut-mochi",
    "name": "Yuki & Love Japanese Style Peanut Mochi 210g",
    "image_url": "https://cdn1.woolworths.media/content/wowproductimages/large/490361.jpg",
    "source_id": "Woolworths - 490361",
    "barcode": "4712905016036",
    "shop": "Woolworths",
    "weight": "100G",
    "prices": [
      {
        "state": "VIC",
        "price": "460",
        "price_per_unit": "219",
        "price_unit": "G"
      },
      {
        "state": "TAS",
        "price": "460",
        "price_per_unit": "219",
        "price_unit": "G"
      },
      {
        "state": "NT",
        "price": "460",
        "price_per_unit": "219",
        "price_unit": "G"
      }
    ]
  },
  {
    "source_url": "https://www.woolworths.com.au/shop/productdetails/503347/yuki-love-mochi-boba-milk-tea",
    "name": "Yuki & Love Mochi Boba Milk Tea 120g",
    "image_url": "https://cdn1.woolworths.media/content/wowproductimages/large/503347.jpg",
    "source_id": "Woolworths - 503347",
    "barcode": "4713072172488",
    "shop": "Woolworths",
    "weight": "100G",
    "prices": [
      {
        "state": "VIC",
        "price": "420",
        "price_per_unit": "350",
        "price_unit": "G"
      },
      {
        "state": "TAS",
        "price": "420",
        "price_per_unit": "350",
        "price_unit": "G"
      },
      {
        "state": "NT",
        "price": "420",
        "price_per_unit": "350",
        "price_unit": "G"
      }
    ]
  },
  {
    "source_url": "https://www.woolworths.com.au/shop/productdetails/477858/hanabi-udon-noodles",
    "name": "Hanabi Hanabi Udon Noodles 1.2kg",
    "image_url": "https://cdn1.woolworths.media/content/wowproductimages/large/477858.jpg",
    "source_id": "Woolworths - 477858",
    "barcode": "9310432070412",
    "shop": "Woolworths",
    "weight": "100G",
    "prices": [
      {
        "state": "SA",
        "price": "800",
        "price_per_unit": "333",
        "price_unit": "G"
      },
      {
        "state": "NT",
        "price": "800",
        "price_per_unit": "333",
        "price_unit": "G"
      }
    ]
  },
  {
    "source_url": "https://www.woolworths.com.au/shop/productdetails/660233/nong-shim-noodles-neo-guri",
    "name": "Nong Shim Noodles Neo Guri 120g x5 Pack",
    "image_url": "https://cdn1.woolworths.media/content/wowproductimages/large/660233.jpg",
    "source_id": "Woolworths - 660233",
    "barcode": "31146157563",
    "shop": "Woolworths",
    "weight": "100G",
    "prices": [
      {
        "state": "SA",
        "price": "800",
        "price_per_unit": "133",
        "price_unit": "G"
      }
    ]
  },
  {
    "source_url": "https://www.woolworths.com.au/shop/productdetails/167219/nongshim-chapagetti",
    "name": "Nongshim Chapagetti 5 Pack",
    "image_url": "https://cdn1.woolworths.media/content/wowproductimages/large/167219.jpg",
    "source_id": "Woolworths - 167219",
    "barcode": "31146018987",
    "shop": "Woolworths",
    "weight": "100G",
    "prices": []
  },
  {
    "source_url": "https://www.woolworths.com.au/shop/productdetails/167246/nongshim-veggie-soon",
    "name": "Nongshim Veggie Soon 5 Pack",
    "image_url": "https://cdn1.woolworths.media/content/wowproductimages/large/167246.jpg",
    "source_id": "Woolworths - 167246",
    "barcode": "8801043022729",
    "shop": "Woolworths",
    "weight": "100G",
    "prices": [
      {
        "state": "SA",
        "price": "800",
        "price_per_unit": "143",
        "price_unit": "G"
      }
    ]
  },
  {
    "source_url": "https://www.woolworths.com.au/shop/productdetails/803477/otafuku-okonomi-sauce",
    "name": "Otafuku Okonomi Sauce 300ml",
    "image_url": "https://cdn1.woolworths.media/content/wowproductimages/large/803477.jpg",
    "source_id": "Woolworths - 803477",
    "barcode": "4970077163563",
    "shop": "Woolworths",
    "weight": "100ML",
    "prices": [
      {
        "state": "SA",
        "price": "550",
        "price_per_unit": "183",
        "price_unit": "ML"
      }
    ]
  },
  {
    "source_url": "https://www.woolworths.com.au/shop/productdetails/803494/otafuku-yakisoba-sauce",
    "name": "Otafuku Yakisoba Sauce 300ml",
    "image_url": "https://cdn1.woolworths.media/content/wowproductimages/large/803494.jpg",
    "source_id": "Woolworths - 803494",
    "barcode": "4970077163570",
    "shop": "Woolworths",
    "weight": "100ML",
    "prices": [
      {
        "state": "SA",
        "price": "550",
        "price_per_unit": "183",
        "price_unit": "ML"
      }
    ]
  },
  {
    "source_url": "https://www.woolworths.com.au/shop/productdetails/898452/island-curries-butter-chicken-curry-paste-mild",
    "name": "Island Curries Butter Chicken Curry Paste Mild 225g",
    "image_url": "https://cdn1.woolworths.media/content/wowproductimages/large/898452.jpg",
    "source_id": "Woolworths - 898452",
    "barcode": "9339351002137",
    "shop": "Woolworths",
    "weight": "100G",
    "prices": [
      {
        "state": "TAS",
        "price": "1000",
        "price_per_unit": "444",
        "price_unit": "G"
      }
    ]
  },
  {
    "source_url": "https://www.woolworths.com.au/shop/productdetails/897972/island-curries-khorma-curry-paste-mild",
    "name": "Island Curries Khorma Curry Paste Mild 225g",
    "image_url": "https://cdn1.woolworths.media/content/wowproductimages/large/897972.jpg",
    "source_id": "Woolworths - 897972",
    "barcode": "9339351002021",
    "shop": "Woolworths",
    "weight": "100G",
    "prices": [
      {
        "state": "TAS",
        "price": "1000",
        "price_per_unit": "444",
        "price_unit": "G"
      }
    ]
  },
  {
    "source_url": "https://www.woolworths.com.au/shop/productdetails/898403/island-curries-madras-curry-paste-mild",
    "name": "Island Curries Madras Curry Paste Mild 225g",
    "image_url": "https://cdn1.woolworths.media/content/wowproductimages/large/898403.jpg",
    "source_id": "Woolworths - 898403",
    "barcode": "9339351002014",
    "shop": "Woolworths",
    "weight": "100G",
    "prices": [
      {
        "state": "TAS",
        "price": "1000",
        "price_per_unit": "444",
        "price_unit": "G"
      }
    ]
  },
  {
    "source_url": "https://www.woolworths.com.au/shop/productdetails/898402/island-curries-vindaloo-paste-mild",
    "name": "Island Curries Vindaloo Paste Mild 225g",
    "image_url": "https://cdn1.woolworths.media/content/wowproductimages/large/898402.jpg",
    "source_id": "Woolworths - 898402",
    "barcode": "9339351002052",
    "shop": "Woolworths",
    "weight": "100G",
    "prices": [
      {
        "state": "TAS",
        "price": "1000",
        "price_per_unit": "444",
        "price_unit": "G"
      }
    ]
  },
  {
    "source_url": "https://www.woolworths.com.au/shop/productdetails/239784/555-hot-sardines-in-tomato-sauce",
    "name": "555 Hot Sardines In Tomato Sauce 155g",
    "image_url": "https://cdn1.woolworths.media/content/wowproductimages/large/239784.jpg",
    "source_id": "Woolworths - 239784",
    "barcode": "748485200026",
    "shop": "Woolworths",
    "weight": "1KG",
    "prices": [
      {
        "state": "ACT",
        "price": "170",
        "price_per_unit": "1097",
        "price_unit": "KG"
      },
      {
        "state": "NT",
        "price": "170",
        "price_per_unit": "1097",
        "price_unit": "KG"
      }
    ]
  },
  {
    "source_url": "https://www.woolworths.com.au/shop/productdetails/239832/555-sardines-in-tomato-sauce",
    "name": "555 Sardines In Tomato Sauce 155g",
    "image_url": "https://cdn1.woolworths.media/content/wowproductimages/large/239832.jpg",
    "source_id": "Woolworths - 239832",
    "barcode": "748485200019",
    "shop": "Woolworths",
    "weight": "1KG",
    "prices": [
      {
        "state": "ACT",
        "price": "170",
        "price_per_unit": "1097",
        "price_unit": "KG"
      },
      {
        "state": "NT",
        "price": "170",
        "price_per_unit": "1097",
        "price_unit": "KG"
      }
    ]
  },
  {
    "source_url": "https://www.woolworths.com.au/shop/productdetails/123354/555-sardines-in-tomato-sauce",
    "name": "555 Sardines In Tomato Sauce 425G",
    "image_url": "https://cdn1.woolworths.media/content/wowproductimages/large/123354.jpg",
    "source_id": "Woolworths - 123354",
    "barcode": "748485200064",
    "shop": "Woolworths",
    "weight": "100G",
    "prices": [
      {
        "state": "ACT",
        "price": "255",
        "price_per_unit": "60",
        "price_unit": "G"
      },
      {
        "state": "NT",
        "price": "255",
        "price_per_unit": "60",
        "price_unit": "G"
      }
    ]
  },
  {
    "source_url": "https://www.woolworths.com.au/shop/productdetails/239625/argentina-corned-beef",
    "name": "Argentina Corned Beef 260g",
    "image_url": "https://cdn1.woolworths.media/content/wowproductimages/large/239625.jpg",
    "source_id": "Woolworths - 239625",
    "barcode": "748485800035",
    "shop": "Woolworths",
    "weight": "1KG",
    "prices": [
      {
        "state": "ACT",
        "price": "400",
        "price_per_unit": "1538",
        "price_unit": "KG"
      },
      {
        "state": "NT",
        "price": "400",
        "price_per_unit": "1538",
        "price_unit": "KG"
      }
    ]
  },
  {
    "source_url": "https://www.woolworths.com.au/shop/productdetails/520574/argentina-meat-loaf",
    "name": "Argentina Meat Loaf 250g",
    "image_url": "https://cdn1.woolworths.media/content/wowproductimages/large/520574.jpg",
    "source_id": "Woolworths - 520574",
    "barcode": "748485800448",
    "shop": "Woolworths",
    "weight": "1KG",
    "prices": [
      {
        "state": "ACT",
        "price": "295",
        "price_per_unit": "1180",
        "price_unit": "KG"
      },
      {
        "state": "NT",
        "price": "295",
        "price_per_unit": "1180",
        "price_unit": "KG"
      }
    ]
  },
  {
    "source_url": "https://www.woolworths.com.au/shop/productdetails/528217/argentina-spicy-sisig",
    "name": "Argentina Spicy Sisig 150g",
    "image_url": "https://cdn1.woolworths.media/content/wowproductimages/large/528217.jpg",
    "source_id": "Woolworths - 528217",
    "barcode": "748485801506",
    "shop": "Woolworths",
    "weight": "100G",
    "prices": [
      {
        "state": "ACT",
        "price": "395",
        "price_per_unit": "263",
        "price_unit": "G"
      },
      {
        "state": "NT",
        "price": "395",
        "price_per_unit": "263",
        "price_unit": "G"
      }
    ]
  },
  {
    "source_url": "https://www.woolworths.com.au/shop/productdetails/661049/croley-foods-butter-cream-crackers",
    "name": "Croley Foods Butter Cream Crackers 250g",
    "image_url": "https://cdn1.woolworths.media/content/wowproductimages/large/661049.jpg",
    "source_id": "Woolworths - 661049",
    "barcode": "4800116043023",
    "shop": "Woolworths",
    "weight": "100G",
    "prices": [
      {
        "state": "ACT",
        "price": "390",
        "price_per_unit": "156",
        "price_unit": "G"
      },
      {
        "state": "NT",
        "price": "350",
        "price_per_unit": "140",
        "price_unit": "G"
      }
    ]
  },
  {
    "source_url": "https://www.woolworths.com.au/shop/productdetails/486986/datu-puti-soy-sauce",
    "name": "Datu Puti Soy Sauce 1L",
    "image_url": "https://cdn1.woolworths.media/content/wowproductimages/large/486986.jpg",
    "source_id": "Woolworths - 486986",
    "barcode": "4801668500224",
    "shop": "Woolworths",
    "weight": "1L",
    "prices": [
      {
        "state": "ACT",
        "price": "620",
        "price_per_unit": "620",
        "price_unit": "L"
      },
      {
        "state": "NT",
        "price": "620",
        "price_per_unit": "620",
        "price_unit": "L"
      }
    ]
  },
  {
    "source_url": "https://www.woolworths.com.au/shop/productdetails/487295/del-monte-creamy-cheesy-spaghetti-sauce",
    "name": "Del Monte Creamy & Cheesy Spaghetti Sauce 900g",
    "image_url": "https://cdn1.woolworths.media/content/wowproductimages/large/487295.jpg",
    "source_id": "Woolworths - 487295",
    "barcode": "4800024578938",
    "shop": "Woolworths",
    "weight": "100G",
    "prices": [
      {
        "state": "ACT",
        "price": "600",
        "price_per_unit": "67",
        "price_unit": "G"
      },
      {
        "state": "NT",
        "price": "510",
        "price_per_unit": "57",
        "price_unit": "G"
      }
    ]
  },
  {
    "source_url": "https://www.woolworths.com.au/shop/productdetails/123209/del-monte-fruit-cocktail-in-extra-light-syrup",
    "name": "Del Monte Fruit Cocktail In Extra Light Syrup 850g",
    "image_url": "https://cdn1.woolworths.media/content/wowproductimages/large/123209.jpg",
    "source_id": "Woolworths - 123209",
    "barcode": "24000037484",
    "shop": "Woolworths",
    "weight": "1KG",
    "prices": [
      {
        "state": "ACT",
        "price": "500",
        "price_per_unit": "588",
        "price_unit": "KG"
      },
      {
        "state": "NT",
        "price": "500",
        "price_per_unit": "588",
        "price_unit": "KG"
      }
    ]
  },
  {
    "source_url": "https://www.woolworths.com.au/shop/productdetails/123005/del-monte-mango-juice-drink",
    "name": "Del Monte Mango Juice Drink 1l",
    "image_url": "https://cdn1.woolworths.media/content/wowproductimages/large/123005.jpg",
    "source_id": "Woolworths - 123005",
    "barcode": "4800024576040",
    "shop": "Woolworths",
    "weight": "1L",
    "prices": [
      {
        "state": "ACT",
        "price": "660",
        "price_per_unit": "660",
        "price_unit": "L"
      },
      {
        "state": "NT",
        "price": "660",
        "price_per_unit": "660",
        "price_unit": "L"
      }
    ]
  },
  {
    "source_url": "https://www.woolworths.com.au/shop/productdetails/288172/del-monte-original-style-tomato-sauce",
    "name": "Del Monte Original Style Tomato Sauce 900g",
    "image_url": "https://cdn1.woolworths.media/content/wowproductimages/large/288172.jpg",
    "source_id": "Woolworths - 288172",
    "barcode": "4800024592316",
    "shop": "Woolworths",
    "weight": "100G",
    "prices": [
      {
        "state": "ACT",
        "price": "450",
        "price_per_unit": "50",
        "price_unit": "G"
      },
      {
        "state": "NT",
        "price": "450",
        "price_per_unit": "50",
        "price_unit": "G"
      }
    ]
  },
  {
    "source_url": "https://www.woolworths.com.au/shop/productdetails/122309/del-monte-spaghetti",
    "name": "Del Monte Spaghetti 900g",
    "image_url": "https://cdn1.woolworths.media/content/wowproductimages/large/122309.jpg",
    "source_id": "Woolworths - 122309",
    "barcode": "4800024577740",
    "shop": "Woolworths",
    "weight": "100G",
    "prices": [
      {
        "state": "ACT",
        "price": "630",
        "price_per_unit": "70",
        "price_unit": "G"
      },
      {
        "state": "NT",
        "price": "630",
        "price_per_unit": "70",
        "price_unit": "G"
      }
    ]
  },
  {
    "source_url": "https://www.woolworths.com.au/shop/productdetails/660967/ding-dong-mixed-nuts",
    "name": "Ding Dong Mixed Nuts 95g",
    "image_url": "https://cdn1.woolworths.media/content/wowproductimages/large/660967.jpg",
    "source_id": "Woolworths - 660967",
    "barcode": "4800092330131",
    "shop": "Woolworths",
    "weight": "1KG",
    "prices": [
      {
        "state": "ACT",
        "price": "175",
        "price_per_unit": "1750",
        "price_unit": "KG"
      },
      {
        "state": "NT",
        "price": "175",
        "price_per_unit": "1750",
        "price_unit": "KG"
      }
    ]
  },
  {
    "source_url": "https://www.woolworths.com.au/shop/productdetails/661174/excellent-flour-stick-pancit-canton",
    "name": "Excellent Flour Stick Pancit Canton 454g",
    "image_url": "https://cdn1.woolworths.media/content/wowproductimages/large/661174.jpg",
    "source_id": "Woolworths - 661174",
    "barcode": "4800124902954",
    "shop": "Woolworths",
    "weight": "100G",
    "prices": [
      {
        "state": "NT",
        "price": "540",
        "price_per_unit": "119",
        "price_unit": "G"
      }
    ]
  },
  {
    "source_url": "https://www.woolworths.com.au/shop/productdetails/661182/excellent-rice-stick-special-bihon",
    "name": "Excellent Rice Stick Special Bihon 454g",
    "image_url": "https://cdn1.woolworths.media/content/wowproductimages/large/661182.jpg",
    "source_id": "Woolworths - 661182",
    "barcode": "4800124901858",
    "shop": "Woolworths",
    "weight": "100G",
    "prices": [
      {
        "state": "ACT",
        "price": "590",
        "price_per_unit": "130",
        "price_unit": "G"
      },
      {
        "state": "NT",
        "price": "590",
        "price_per_unit": "130",
        "price_unit": "G"
      }
    ]
  },
  {
    "source_url": "https://www.woolworths.com.au/shop/productdetails/803732/golden-bihon-super-q-cornstarch-sticks",
    "name": "Golden Bihon Super q Cornstarch Sticks 500g",
    "image_url": "https://cdn1.woolworths.media/content/wowproductimages/large/803732.jpg",
    "source_id": "Woolworths - 803732",
    "barcode": "4806011812047",
    "shop": "Woolworths",
    "weight": "100G",
    "prices": [
      {
        "state": "ACT",
        "price": "270",
        "price_per_unit": "54",
        "price_unit": "G"
      },
      {
        "state": "NT",
        "price": "270",
        "price_per_unit": "54",
        "price_unit": "G"
      }
    ]
  },
  {
    "source_url": "https://www.woolworths.com.au/shop/productdetails/333221/hobe-express-instant-pancit-bihon-chicken",
    "name": "Hobe Express Instant Pancit Bihon Chicken 4 Pack",
    "image_url": "https://cdn1.woolworths.media/content/wowproductimages/large/333221.jpg",
    "source_id": "Woolworths - 333221",
    "barcode": "4800528453526",
    "shop": "Woolworths",
    "weight": "100G",
    "prices": [
      {
        "state": "ACT",
        "price": "550",
        "price_per_unit": "212",
        "price_unit": "G"
      }
    ]
  },
  {
    "source_url": "https://www.woolworths.com.au/shop/productdetails/333870/hobe-express-instant-pancit-bihon-oriental",
    "name": "Hobe Express Instant Pancit Bihon Oriental 4 Pack",
    "image_url": "https://cdn1.woolworths.media/content/wowproductimages/large/333870.jpg",
    "source_id": "Woolworths - 333870",
    "barcode": "4800528453519",
    "shop": "Woolworths",
    "weight": "100G",
    "prices": [
      {
        "state": "ACT",
        "price": "550",
        "price_per_unit": "212",
        "price_unit": "G"
      }
    ]
  },
  {
    "source_url": "https://www.woolworths.com.au/shop/productdetails/333759/hobe-instant-pancit-bihon-chili-mansi-flavour",
    "name": "Hobe Instant Pancit Bihon Chili-Mansi Flavour 4 Pack",
    "image_url": "https://cdn1.woolworths.media/content/wowproductimages/large/333759.jpg",
    "source_id": "Woolworths - 333759",
    "barcode": "4800528453540",
    "shop": "Woolworths",
    "weight": "100G",
    "prices": [
      {
        "state": "ACT",
        "price": "550",
        "price_per_unit": "212",
        "price_unit": "G"
      }
    ]
  },
  {
    "source_url": "https://www.woolworths.com.au/shop/productdetails/482800/jack-n-jill-potato-chips-barbecue-flavour",
    "name": "Jack N' Jill Potato Chips Barbecue Flavour 130g",
    "image_url": "https://cdn1.woolworths.media/content/wowproductimages/large/482800.jpg",
    "source_id": "Woolworths - 482800",
    "barcode": "4800016629693",
    "shop": "Woolworths",
    "weight": "100G",
    "prices": [
      {
        "state": "ACT",
        "price": "595",
        "price_per_unit": "458",
        "price_unit": "G"
      }
    ]
  },
  {
    "source_url": "https://www.woolworths.com.au/shop/productdetails/486801/jack-n-jill-potato-chips-classic-mega-pack",
    "name": "Jack N' Jill Potato Chips Classic Mega Pack 130g",
    "image_url": "https://cdn1.woolworths.media/content/wowproductimages/large/486801.jpg",
    "source_id": "Woolworths - 486801",
    "barcode": "4800016629686",
    "shop": "Woolworths",
    "weight": "100G",
    "prices": [
      {
        "state": "ACT",
        "price": "595",
        "price_per_unit": "458",
        "price_unit": "G"
      }
    ]
  },
  {
    "source_url": "https://www.woolworths.com.au/shop/productdetails/123975/king-choc-nut-peanut-milk-chocolate",
    "name": "King Choc Nut Peanut Milk Chocolate 220g",
    "image_url": "https://cdn1.woolworths.media/content/wowproductimages/large/123975.jpg",
    "source_id": "Woolworths - 123975",
    "barcode": "4806537026805",
    "shop": "Woolworths",
    "weight": "100G",
    "prices": [
      {
        "state": "ACT",
        "price": "300",
        "price_per_unit": "150",
        "price_unit": "G"
      }
    ]
  },
  {
    "source_url": "https://www.woolworths.com.au/shop/productdetails/239792/lily-s-classic-peanut-butter",
    "name": "Lily's Classic Peanut Butter 296g",
    "image_url": "https://cdn1.woolworths.media/content/wowproductimages/large/239792.jpg",
    "source_id": "Woolworths - 239792",
    "barcode": "4800035102023",
    "shop": "Woolworths",
    "weight": "100G",
    "prices": [
      {
        "state": "ACT",
        "price": "895",
        "price_per_unit": "302",
        "price_unit": "G"
      }
    ]
  },
  {
    "source_url": "https://www.woolworths.com.au/shop/productdetails/69263/m-y-san-graham-crackers",
    "name": "M.Y. San Graham Crackers 250g",
    "image_url": "https://cdn1.woolworths.media/content/wowproductimages/large/069263.jpg",
    "source_id": "Woolworths - 69263",
    "barcode": "750515021242",
    "shop": "Woolworths",
    "weight": "100G",
    "prices": [
      {
        "state": "ACT",
        "price": "390",
        "price_per_unit": "156",
        "price_unit": "G"
      }
    ]
  },
  {
    "source_url": "https://www.woolworths.com.au/shop/productdetails/25152/m-y-san-skyflakes-crackers",
    "name": "M.Y. San Skyflakes Crackers 800g",
    "image_url": "https://cdn1.woolworths.media/content/wowproductimages/large/025152.jpg",
    "source_id": "Woolworths - 25152",
    "barcode": "750515018013",
    "shop": "Woolworths",
    "weight": "100G",
    "prices": [
      {
        "state": "ACT",
        "price": "1100",
        "price_per_unit": "138",
        "price_unit": "G"
      }
    ]
  },
  {
    "source_url": "https://www.woolworths.com.au/shop/productdetails/660944/mama-sita-s-barbecue-marinade-mix",
    "name": "Mama Sita's Barbecue Marinade Mix 50g",
    "image_url": "https://cdn1.woolworths.media/content/wowproductimages/large/660944.jpg",
    "source_id": "Woolworths - 660944",
    "barcode": "4804888804011",
    "shop": "Woolworths",
    "weight": "100G",
    "prices": [
      {
        "state": "ACT",
        "price": "165",
        "price_per_unit": "330",
        "price_unit": "G"
      }
    ]
  },
  {
    "source_url": "https://www.woolworths.com.au/shop/productdetails/661181/mama-sita-s-barbecue-mix",
    "name": "Mama Sita's Barbecue Mix 680ml",
    "image_url": "https://cdn1.woolworths.media/content/wowproductimages/large/661181.jpg",
    "source_id": "Woolworths - 661181",
    "barcode": "4804888804578",
    "shop": "Woolworths",
    "weight": "100ML",
    "prices": [
      {
        "state": "ACT",
        "price": "760",
        "price_per_unit": "112",
        "price_unit": "ML"
      }
    ]
  },
  {
    "source_url": "https://www.woolworths.com.au/shop/productdetails/660934/mama-sita-s-chopsuey-pancit-canton-stir-fry-mix",
    "name": "Mama Sita's Chopsuey Pancit Canton Stir Fry Mix 40g",
    "image_url": "https://cdn1.woolworths.media/content/wowproductimages/large/660934.jpg",
    "source_id": "Woolworths - 660934",
    "barcode": "4804888804127",
    "shop": "Woolworths",
    "weight": "100G",
    "prices": [
      {
        "state": "ACT",
        "price": "165",
        "price_per_unit": "413",
        "price_unit": "G"
      }
    ]
  },
  {
    "source_url": "https://www.woolworths.com.au/shop/productdetails/660930/mama-sita-s-kare-kare-peanut-sauce-mix",
    "name": "Mama Sita's Kare Kare Peanut Sauce Mix 57g",
    "image_url": "https://cdn1.woolworths.media/content/wowproductimages/large/660930.jpg",
    "source_id": "Woolworths - 660930",
    "barcode": "4804888804059",
    "shop": "Woolworths",
    "weight": "100G",
    "prices": [
      {
        "state": "ACT",
        "price": "165",
        "price_per_unit": "289",
        "price_unit": "G"
      }
    ]
  },
  {
    "source_url": "https://www.woolworths.com.au/shop/productdetails/660970/mama-sita-s-menudo-afritada-mix",
    "name": "Mama Sita's Menudo Afritada Mix 30g",
    "image_url": "https://cdn1.woolworths.media/content/wowproductimages/large/660970.jpg",
    "source_id": "Woolworths - 660970",
    "barcode": "4804888804042",
    "shop": "Woolworths",
    "weight": "100G",
    "prices": [
      {
        "state": "ACT",
        "price": "165",
        "price_per_unit": "550",
        "price_unit": "G"
      }
    ]
  },
  {
    "source_url": "https://www.woolworths.com.au/shop/productdetails/660931/mama-sita-s-palabok-oriental-gravy-mix",
    "name": "Mama Sita's Palabok Oriental Gravy Mix 57g",
    "image_url": "https://cdn1.woolworths.media/content/wowproductimages/large/660931.jpg",
    "source_id": "Woolworths - 660931",
    "barcode": "4804888809160",
    "shop": "Woolworths",
    "weight": "100G",
    "prices": [
      {
        "state": "ACT",
        "price": "165",
        "price_per_unit": "289",
        "price_unit": "G"
      }
    ]
  },
  {
    "source_url": "https://www.woolworths.com.au/shop/productdetails/660940/mama-sita-s-pansit-bihon-rice-noodle-stir-fry-mix",
    "name": "Mama Sita's Pansit Bihon Rice Noodle Stir Fry Mix 40g",
    "image_url": "https://cdn1.woolworths.media/content/wowproductimages/large/660940.jpg",
    "source_id": "Woolworths - 660940",
    "barcode": "4806512022082",
    "shop": "Woolworths",
    "weight": "100G",
    "prices": [
      {
        "state": "ACT",
        "price": "165",
        "price_per_unit": "413",
        "price_unit": "G"
      }
    ]
  },
  {
    "source_url": "https://www.woolworths.com.au/shop/productdetails/660926/mama-sita-s-tocino-mix",
    "name": "Mama Sita's Tocino Mix 75g",
    "image_url": "https://cdn1.woolworths.media/content/wowproductimages/large/660926.jpg",
    "source_id": "Woolworths - 660926",
    "barcode": "4804888804028",
    "shop": "Woolworths",
    "weight": "100G",
    "prices": [
      {
        "state": "ACT",
        "price": "165",
        "price_per_unit": "220",
        "price_unit": "G"
      }
    ]
  },
  {
    "source_url": "https://www.woolworths.com.au/shop/productdetails/122258/marca-pina-patis-fish-sauce",
    "name": "Marca Pina Patis Fish Sauce 1L",
    "image_url": "https://cdn1.woolworths.media/content/wowproductimages/large/122258.jpg",
    "source_id": "Woolworths - 122258",
    "barcode": "4800405126345",
    "shop": "Woolworths",
    "weight": "100ML",
    "prices": [
      {
        "state": "ACT",
        "price": "300",
        "price_per_unit": "30",
        "price_unit": "ML"
      }
    ]
  },
  {
    "source_url": "https://www.woolworths.com.au/shop/productdetails/122338/marca-pina-vinegar-sukang-puti-vinegar-sukang-puti",
    "name": "Marca Pina Vinegar Sukang Puti 1L",
    "image_url": "https://cdn1.woolworths.media/content/wowproductimages/large/122338.jpg",
    "source_id": "Woolworths - 122338",
    "barcode": "4800405123757",
    "shop": "Woolworths",
    "weight": "100ML",
    "prices": []
  },
  {
    "source_url": "https://www.woolworths.com.au/shop/productdetails/55401/monika-chinese-noodles-philippine-style",
    "name": "Monika Chinese Noodles Philippine Style 225g",
    "image_url": "https://cdn1.woolworths.media/content/wowproductimages/large/055401.jpg",
    "source_id": "Woolworths - 55401",
    "barcode": "9311503532402",
    "shop": "Woolworths",
    "weight": "100G",
    "prices": [
      {
        "state": "ACT",
        "price": "350",
        "price_per_unit": "156",
        "price_unit": "G"
      }
    ]
  },
  {
    "source_url": "https://www.woolworths.com.au/shop/productdetails/123366/monika-kaong-preserved-sugar-palm",
    "name": "Monika Kaong Preserved Sugar Palm 340g",
    "image_url": "https://cdn1.woolworths.media/content/wowproductimages/large/123366.jpg",
    "source_id": "Woolworths - 123366",
    "barcode": "9311503531603",
    "shop": "Woolworths",
    "weight": "100G",
    "prices": [
      {
        "state": "ACT",
        "price": "400",
        "price_per_unit": "118",
        "price_unit": "G"
      }
    ]
  },
  {
    "source_url": "https://www.woolworths.com.au/shop/productdetails/124286/mysan-skyflake-condensada",
    "name": "Mysan Skyflake Condensada 300G",
    "image_url": "https://cdn1.woolworths.media/content/wowproductimages/large/124286.jpg",
    "source_id": "Woolworths - 124286",
    "barcode": "750515031531",
    "shop": "Woolworths",
    "weight": "100G",
    "prices": [
      {
        "state": "ACT",
        "price": "400",
        "price_per_unit": "133",
        "price_unit": "G"
      }
    ]
  },
  {
    "source_url": "https://www.woolworths.com.au/shop/productdetails/334227/rebisco-cupp-keyk-choco-topps",
    "name": "Rebisco Cupp Keyk Choco Topps 10 Pack",
    "image_url": "https://cdn1.woolworths.media/content/wowproductimages/large/334227.jpg",
    "source_id": "Woolworths - 334227",
    "barcode": "4800092552182",
    "shop": "Woolworths",
    "weight": "100G",
    "prices": [
      {
        "state": "ACT",
        "price": "595",
        "price_per_unit": "175",
        "price_unit": "G"
      },
      {
        "state": "NT",
        "price": "595",
        "price_per_unit": "175",
        "price_unit": "G"
      }
    ]
  },
  {
    "source_url": "https://www.woolworths.com.au/shop/productdetails/661165/rebisco-fudgee-barr-choco-blast",
    "name": "Rebisco Fudgee Barr Choco Blast 420g",
    "image_url": "https://cdn1.woolworths.media/content/wowproductimages/large/661165.jpg",
    "source_id": "Woolworths - 661165",
    "barcode": "4800092550904",
    "shop": "Woolworths",
    "weight": "100G",
    "prices": [
      {
        "state": "ACT",
        "price": "510",
        "price_per_unit": "131",
        "price_unit": "G"
      },
      {
        "state": "NT",
        "price": "510",
        "price_per_unit": "131",
        "price_unit": "G"
      }
    ]
  },
  {
    "source_url": "https://www.woolworths.com.au/shop/productdetails/661154/regent-golden-sweet-corn",
    "name": "Regent Golden Sweet Corn 60g",
    "image_url": "https://cdn1.woolworths.media/content/wowproductimages/large/661154.jpg",
    "source_id": "Woolworths - 661154",
    "barcode": "4801688103726",
    "shop": "Woolworths",
    "weight": "100G",
    "prices": [
      {
        "state": "ACT",
        "price": "160",
        "price_per_unit": "267",
        "price_unit": "G"
      },
      null
    ]
  },
  {
    "source_url": "https://www.woolworths.com.au/shop/productdetails/486308/wow-ulam-lechon-paksiw",
    "name": "Wow Ulam Lechon Paksiw 155g",
    "image_url": "https://cdn1.woolworths.media/content/wowproductimages/large/486308.jpg",
    "source_id": "Woolworths - 486308",
    "barcode": "748485802091",
    "shop": "Woolworths",
    "weight": "100G",
    "prices": [
      {
        "state": "NT",
        "price": "140",
        "price_per_unit": "90",
        "price_unit": "G"
      }
    ]
  }
]