[
  {
    "source_url": "https://www.woolworths.com.au/shop/productdetails/1074025884/australian-bush-spices-blue-seafood-blend-rub-60g-2pk",
    "name": "Australian Bush Spices Blue Seafood Blend/Rub 60g 2PK",
    "image_url": "https://cdn1.woolworths.media/content/wowproductimages/large/1074025884.jpg",
    "source_id": "Woolworths - 1074025884",
    "barcode": null,
    "shop": "Woolworths",
    "weight": "1EA",
    "prices": [
      {
        "state": "NSW",
        "price": "3700",
        "price_per_unit": "1850",
        "price_unit": "EA"
      },
      {
        "state": "VIC",
        "price": "3700",
        "price_per_unit": "1850",
        "price_unit": "EA"
      },
      {
        "state": "QLD",
        "price": "3700",
        "price_per_unit": "1850",
        "price_unit": "EA"
      },
      {
        "state": "WA",
        "price": "3700",
        "price_per_unit": "1850",
        "price_unit": "EA"
      },
      {
        "state": "SA",
        "price": "3700",
        "price_per_unit": "1850",
        "price_unit": "EA"
      },
      {
        "state": "TAS",
        "price": "3700",
        "price_per_unit": "1850",
        "price_unit": "EA"
      },
      {
        "state": "ACT",
        "price": "3700",
        "price_per_unit": "1850",
        "price_unit": "EA"
      },
      {
        "state": "NT",
        "price": "3700",
        "price_per_unit": "1850",
        "price_unit": "EA"
      }
    ]
  },
  {
    "source_url": "https://www.woolworths.com.au/shop/productdetails/1074025773/australian-bush-spices-orange-bush-curry-60g-2pk",
    "name": "Australian Bush Spices Orange Bush Curry 60g 2PK",
    "image_url": "https://cdn1.woolworths.media/content/wowproductimages/large/1074025773.jpg",
    "source_id": "Woolworths - 1074025773",
    "barcode": null,
    "shop": "Woolworths",
    "weight": "1EA",
    "prices": [
      {
        "state": "NSW",
        "price": "3900",
        "price_per_unit": "1950",
        "price_unit": "EA"
      },
      {
        "state": "VIC",
        "price": "3900",
        "price_per_unit": "1950",
        "price_unit": "EA"
      },
      {
        "state": "QLD",
        "price": "3900",
        "price_per_unit": "1950",
        "price_unit": "EA"
      },
      {
        "state": "WA",
        "price": "3900",
        "price_per_unit": "1950",
        "price_unit": "EA"
      },
      {
        "state": "SA",
        "price": "3900",
        "price_per_unit": "1950",
        "price_unit": "EA"
      },
      {
        "state": "TAS",
        "price": "3900",
        "price_per_unit": "1950",
        "price_unit": "EA"
      },
      {
        "state": "ACT",
        "price": "3900",
        "price_per_unit": "1950",
        "price_unit": "EA"
      },
      {
        "state": "NT",
        "price": "3900",
        "price_per_unit": "1950",
        "price_unit": "EA"
      }
    ]
  },
  {
    "source_url": "https://www.woolworths.com.au/shop/productdetails/1074721297/australian-bush-spices-red-meat-white-meat-seafood-blend-rub-combo-60g",
    "name": "Australian Bush Spices Red Meat/White Meat/Seafood Blend/Rub Combo 60g",
    "image_url": "https://cdn1.woolworths.media/content/wowproductimages/large/1074721297.jpg",
    "source_id": "Woolworths - 1074721297",
    "barcode": null,
    "shop": "Woolworths",
    "weight": "10G",
    "prices": [
      {
        "state": "NSW",
        "price": "4491",
        "price_per_unit": "250",
        "price_unit": "G"
      },
      {
        "state": "VIC",
        "price": "4491",
        "price_per_unit": "250",
        "price_unit": "G"
      },
      {
        "state": "QLD",
        "price": "4491",
        "price_per_unit": "250",
        "price_unit": "G"
      },
      {
        "state": "WA",
        "price": "4491",
        "price_per_unit": "250",
        "price_unit": "G"
      },
      {
        "state": "SA",
        "price": "4491",
        "price_per_unit": "250",
        "price_unit": "G"
      },
      {
        "state": "TAS",
        "price": "4491",
        "price_per_unit": "250",
        "price_unit": "G"
      },
      {
        "state": "ACT",
        "price": "4491",
        "price_per_unit": "250",
        "price_unit": "G"
      },
      {
        "state": "NT",
        "price": "4491",
        "price_per_unit": "250",
        "price_unit": "G"
      }
    ]
  },
  {
    "source_url": "https://www.woolworths.com.au/shop/productdetails/1074424917/australian-bush-spices-voilet-sweet-cooking-spice-60g",
    "name": "Australian Bush Spices Voilet Sweet Cooking Spice 60g",
    "image_url": "https://cdn1.woolworths.media/content/wowproductimages/large/1074424917.jpg",
    "source_id": "Woolworths - 1074424917",
    "barcode": null,
    "shop": "Woolworths",
    "weight": "1EA",
    "prices": [
      {
        "state": "NSW",
        "price": "2100",
        "price_per_unit": "2100",
        "price_unit": "EA"
      },
      {
        "state": "VIC",
        "price": "2100",
        "price_per_unit": "2100",
        "price_unit": "EA"
      },
      {
        "state": "QLD",
        "price": "2100",
        "price_per_unit": "2100",
        "price_unit": "EA"
      },
      {
        "state": "WA",
        "price": "2100",
        "price_per_unit": "2100",
        "price_unit": "EA"
      },
      {
        "state": "SA",
        "price": "2100",
        "price_per_unit": "2100",
        "price_unit": "EA"
      },
      {
        "state": "TAS",
        "price": "2100",
        "price_per_unit": "2100",
        "price_unit": "EA"
      },
      {
        "state": "ACT",
        "price": "2100",
        "price_per_unit": "2100",
        "price_unit": "EA"
      },
      {
        "state": "NT",
        "price": "2100",
        "price_per_unit": "2100",
        "price_unit": "EA"
      }
    ]
  },
  {
    "source_url": "https://www.woolworths.com.au/shop/productdetails/1074025803/australian-bush-spices-voilet-sweet-cooking-spice-60g-2pk",
    "name": "Australian Bush Spices Voilet Sweet Cooking Spice 60g 2PK",
    "image_url": "https://cdn1.woolworths.media/content/wowproductimages/large/1074025803.jpg",
    "source_id": "Woolworths - 1074025803",
    "barcode": null,
    "shop": "Woolworths",
    "weight": "1EA",
    "prices": [
      {
        "state": "NSW",
        "price": "2995",
        "price_per_unit": "1498",
        "price_unit": "EA"
      },
      {
        "state": "VIC",
        "price": "2995",
        "price_per_unit": "1498",
        "price_unit": "EA"
      },
      {
        "state": "QLD",
        "price": "2995",
        "price_per_unit": "1498",
        "price_unit": "EA"
      },
      {
        "state": "WA",
        "price": "2995",
        "price_per_unit": "1498",
        "price_unit": "EA"
      },
      {
        "state": "SA",
        "price": "2995",
        "price_per_unit": "1498",
        "price_unit": "EA"
      },
      {
        "state": "TAS",
        "price": "2995",
        "price_per_unit": "1498",
        "price_unit": "EA"
      },
      {
        "state": "ACT",
        "price": "2995",
        "price_per_unit": "1498",
        "price_unit": "EA"
      },
      {
        "state": "NT",
        "price": "2995",
        "price_per_unit": "1498",
        "price_unit": "EA"
      }
    ]
  },
  {
    "source_url": "https://www.woolworths.com.au/shop/productdetails/1074721301/australian-bush-spices-yellow-bush-dukkah-2pk-60g",
    "name": "Australian Bush Spices Yellow Bush Dukkah 2PK 60g",
    "image_url": "https://cdn1.woolworths.media/content/wowproductimages/large/1074721301.jpg",
    "source_id": "Woolworths - 1074721301",
    "barcode": null,
    "shop": "Woolworths",
    "weight": "10G",
    "prices": [
      {
        "state": "NSW",
        "price": "3500",
        "price_per_unit": "292",
        "price_unit": "G"
      },
      {
        "state": "VIC",
        "price": "3500",
        "price_per_unit": "292",
        "price_unit": "G"
      },
      {
        "state": "QLD",
        "price": "3500",
        "price_per_unit": "292",
        "price_unit": "G"
      },
      {
        "state": "WA",
        "price": "3500",
        "price_per_unit": "292",
        "price_unit": "G"
      },
      {
        "state": "SA",
        "price": "3500",
        "price_per_unit": "292",
        "price_unit": "G"
      },
      {
        "state": "TAS",
        "price": "3500",
        "price_per_unit": "292",
        "price_unit": "G"
      },
      {
        "state": "ACT",
        "price": "3500",
        "price_per_unit": "292",
        "price_unit": "G"
      },
      {
        "state": "NT",
        "price": "3500",
        "price_per_unit": "292",
        "price_unit": "G"
      }
    ]
  },
  {
    "source_url": "https://www.woolworths.com.au/shop/productdetails/1074025827/australian-bush-spices-yellow-bush-dukkah-60g",
    "name": "Australian Bush Spices Yellow Bush Dukkah 60g",
    "image_url": "https://cdn1.woolworths.media/content/wowproductimages/large/1074025827.jpg",
    "source_id": "Woolworths - 1074025827",
    "barcode": null,
    "shop": "Woolworths",
    "weight": "10G",
    "prices": [
      {
        "state": "NSW",
        "price": "2600",
        "price_per_unit": "433",
        "price_unit": "G"
      },
      {
        "state": "VIC",
        "price": "2600",
        "price_per_unit": "433",
        "price_unit": "G"
      },
      {
        "state": "QLD",
        "price": "2600",
        "price_per_unit": "433",
        "price_unit": "G"
      },
      {
        "state": "WA",
        "price": "2600",
        "price_per_unit": "433",
        "price_unit": "G"
      },
      {
        "state": "SA",
        "price": "2600",
        "price_per_unit": "433",
        "price_unit": "G"
      },
      {
        "state": "TAS",
        "price": "2600",
        "price_per_unit": "433",
        "price_unit": "G"
      },
      {
        "state": "ACT",
        "price": "2600",
        "price_per_unit": "433",
        "price_unit": "G"
      },
      {
        "state": "NT",
        "price": "2600",
        "price_per_unit": "433",
        "price_unit": "G"
      }
    ]
  },
  {
    "source_url": "https://www.woolworths.com.au/shop/productdetails/1075341021/bragg-seasoning-organic-sprinkle-42g",
    "name": "Bragg Seasoning Organic Sprinkle 42g",
    "image_url": "https://cdn1.woolworths.media/content/wowproductimages/large/1075341021.jpg",
    "source_id": "Woolworths - 1075341021",
    "barcode": null,
    "shop": "Woolworths",
    "weight": "100G",
    "prices": [
      {
        "state": "NSW",
        "price": "1290",
        "price_per_unit": "3071",
        "price_unit": "G"
      },
      {
        "state": "VIC",
        "price": "1290",
        "price_per_unit": "3071",
        "price_unit": "G"
      },
      {
        "state": "QLD",
        "price": "1290",
        "price_per_unit": "3071",
        "price_unit": "G"
      },
      {
        "state": "WA",
        "price": "1290",
        "price_per_unit": "3071",
        "price_unit": "G"
      },
      {
        "state": "SA",
        "price": "1290",
        "price_per_unit": "3071",
        "price_unit": "G"
      },
      {
        "state": "TAS",
        "price": "1290",
        "price_per_unit": "3071",
        "price_unit": "G"
      },
      {
        "state": "ACT",
        "price": "1290",
        "price_per_unit": "3071",
        "price_unit": "G"
      },
      {
        "state": "NT",
        "price": "1290",
        "price_per_unit": "3071",
        "price_unit": "G"
      }
    ]
  },
  {
    "source_url": "https://www.woolworths.com.au/shop/productdetails/1075341020/braggs-coconut-liquid-aminos-soy-free-seasoning-296ml",
    "name": "Braggs Coconut Liquid Aminos Soy-Free Seasoning 296ml",
    "image_url": "https://cdn1.woolworths.media/content/wowproductimages/large/1075341020.jpg",
    "source_id": "Woolworths - 1075341020",
    "barcode": null,
    "shop": "Woolworths",
    "weight": "100ML",
    "prices": [
      {
        "state": "NSW",
        "price": "1495",
        "price_per_unit": "505",
        "price_unit": "ML"
      },
      {
        "state": "VIC",
        "price": "1495",
        "price_per_unit": "505",
        "price_unit": "ML"
      },
      {
        "state": "QLD",
        "price": "1495",
        "price_per_unit": "505",
        "price_unit": "ML"
      },
      {
        "state": "WA",
        "price": "1495",
        "price_per_unit": "505",
        "price_unit": "ML"
      },
      {
        "state": "SA",
        "price": "1495",
        "price_per_unit": "505",
        "price_unit": "ML"
      },
      {
        "state": "TAS",
        "price": "1495",
        "price_per_unit": "505",
        "price_unit": "ML"
      },
      {
        "state": "ACT",
        "price": "1495",
        "price_per_unit": "505",
        "price_unit": "ML"
      },
      {
        "state": "NT",
        "price": "1495",
        "price_per_unit": "505",
        "price_unit": "ML"
      }
    ]
  },
  {
    "source_url": "https://www.woolworths.com.au/shop/productdetails/1075498767/carmencita-azafran-saffron-powder-1g-best-before-01-08-2026-",
    "name": "Carmencita Azafran Saffron Powder 1g (Best Before 01-08-2026)",
    "image_url": "https://cdn1.woolworths.media/content/wowproductimages/large/1075498767.jpg",
    "source_id": "Woolworths - 1075498767",
    "barcode": null,
    "shop": "Woolworths",
    "weight": "10G",
    "prices": [
      {
        "state": "NSW",
        "price": "1500",
        "price_per_unit": "15000",
        "price_unit": "G"
      },
      {
        "state": "VIC",
        "price": "1500",
        "price_per_unit": "15000",
        "price_unit": "G"
      },
      {
        "state": "QLD",
        "price": "1500",
        "price_per_unit": "15000",
        "price_unit": "G"
      },
      {
        "state": "WA",
        "price": "1500",
        "price_per_unit": "15000",
        "price_unit": "G"
      },
      {
        "state": "SA",
        "price": "1500",
        "price_per_unit": "15000",
        "price_unit": "G"
      },
      {
        "state": "TAS",
        "price": "1500",
        "price_per_unit": "15000",
        "price_unit": "G"
      },
      {
        "state": "ACT",
        "price": "1500",
        "price_per_unit": "15000",
        "price_unit": "G"
      },
      {
        "state": "NT",
        "price": "1500",
        "price_per_unit": "15000",
        "price_unit": "G"
      }
    ]
  },
  {
    "source_url": "https://www.woolworths.com.au/shop/productdetails/1075500880/carmencita-chimichurri-seasoning-110g-twin-pack-220g-total-best-before-01-06-2025-",
    "name": "Carmencita Chimichurri Seasoning 110g - Twin Pack 220g total (Best Before 01-06-2025)",
    "image_url": "https://cdn1.woolworths.media/content/wowproductimages/large/1075500880.jpg",
    "source_id": "Woolworths - 1075500880",
    "barcode": null,
    "shop": "Woolworths",
    "weight": "1EA",
    "prices": [
      {
        "state": "NSW",
        "price": "2000",
        "price_per_unit": "1000",
        "price_unit": "EA"
      },
      {
        "state": "VIC",
        "price": "2000",
        "price_per_unit": "1000",
        "price_unit": "EA"
      },
      {
        "state": "QLD",
        "price": "2000",
        "price_per_unit": "1000",
        "price_unit": "EA"
      },
      {
        "state": "WA",
        "price": "2000",
        "price_per_unit": "1000",
        "price_unit": "EA"
      },
      {
        "state": "SA",
        "price": "2000",
        "price_per_unit": "1000",
        "price_unit": "EA"
      },
      {
        "state": "TAS",
        "price": "2000",
        "price_per_unit": "1000",
        "price_unit": "EA"
      },
      {
        "state": "ACT",
        "price": "2000",
        "price_per_unit": "1000",
        "price_unit": "EA"
      },
      {
        "state": "NT",
        "price": "2000",
        "price_per_unit": "1000",
        "price_unit": "EA"
      }
    ]
  },
  {
    "source_url": "https://www.woolworths.com.au/shop/productdetails/1075210953/carmencita-paellero-spanish-paella-seasoning-20g-in-decorative-tin",
    "name": "Carmencita Paellero Spanish Paella Seasoning 20g in Decorative Tin",
    "image_url": "https://cdn1.woolworths.media/content/wowproductimages/large/1075210953.jpg",
    "source_id": "Woolworths - 1075210953",
    "barcode": null,
    "shop": "Woolworths",
    "weight": "10G",
    "prices": [
      {
        "state": "NSW",
        "price": "800",
        "price_per_unit": "400",
        "price_unit": "G"
      },
      {
        "state": "VIC",
        "price": "800",
        "price_per_unit": "400",
        "price_unit": "G"
      },
      {
        "state": "QLD",
        "price": "800",
        "price_per_unit": "400",
        "price_unit": "G"
      },
      {
        "state": "WA",
        "price": "800",
        "price_per_unit": "400",
        "price_unit": "G"
      },
      {
        "state": "SA",
        "price": "800",
        "price_per_unit": "400",
        "price_unit": "G"
      },
      {
        "state": "TAS",
        "price": "800",
        "price_per_unit": "400",
        "price_unit": "G"
      },
      {
        "state": "ACT",
        "price": "800",
        "price_per_unit": "400",
        "price_unit": "G"
      },
      {
        "state": "NT",
        "price": "800",
        "price_per_unit": "400",
        "price_unit": "G"
      }
    ]
  },
  {
    "source_url": "https://www.woolworths.com.au/shop/productdetails/1075363635/carmencita-paellero-valenciana-spanish-valencian-paella-mix-12g-3-pack-12-serves-per-packet-36-serves-total-best-before-01-01-2025-",
    "name": "Carmencita Paellero Valenciana Spanish Valencian Paella Mix 12g - 3 Pack 12 serves per packet 36 serves total (Best Before 01-01-2025)",
    "image_url": "https://cdn1.woolworths.media/content/wowproductimages/large/1075363635.jpg",
    "source_id": "Woolworths - 1075363635",
    "barcode": null,
    "shop": "Woolworths",
    "weight": "1EA",
    "prices": [
      {
        "state": "NSW",
        "price": "1500",
        "price_per_unit": "500",
        "price_unit": "EA"
      },
      {
        "state": "VIC",
        "price": "1500",
        "price_per_unit": "500",
        "price_unit": "EA"
      },
      {
        "state": "QLD",
        "price": "1500",
        "price_per_unit": "500",
        "price_unit": "EA"
      },
      {
        "state": "WA",
        "price": "1500",
        "price_per_unit": "500",
        "price_unit": "EA"
      },
      {
        "state": "SA",
        "price": "1500",
        "price_per_unit": "500",
        "price_unit": "EA"
      },
      {
        "state": "TAS",
        "price": "1500",
        "price_per_unit": "500",
        "price_unit": "EA"
      },
      {
        "state": "ACT",
        "price": "1500",
        "price_per_unit": "500",
        "price_unit": "EA"
      },
      {
        "state": "NT",
        "price": "1500",
        "price_per_unit": "500",
        "price_unit": "EA"
      }
    ]
  },
  {
    "source_url": "https://www.woolworths.com.au/shop/productdetails/1075500260/carmencita-pimenton-dulce-ahumado-sweet-smoked-paprika-217g-twin-pack-434g-total-best-before-01-10-2025-",
    "name": "Carmencita Pimenton Dulce Ahumado Sweet & Smoked Paprika 217g - Twin Pack 434g total (Best Before 01-10-2025)",
    "image_url": "https://cdn1.woolworths.media/content/wowproductimages/large/1075500260.jpg",
    "source_id": "Woolworths - 1075500260",
    "barcode": null,
    "shop": "Woolworths",
    "weight": "1EA",
    "prices": [
      {
        "state": "NSW",
        "price": "2000",
        "price_per_unit": "1000",
        "price_unit": "EA"
      },
      {
        "state": "VIC",
        "price": "2000",
        "price_per_unit": "1000",
        "price_unit": "EA"
      },
      {
        "state": "QLD",
        "price": "2000",
        "price_per_unit": "1000",
        "price_unit": "EA"
      },
      {
        "state": "WA",
        "price": "2000",
        "price_per_unit": "1000",
        "price_unit": "EA"
      },
      {
        "state": "SA",
        "price": "2000",
        "price_per_unit": "1000",
        "price_unit": "EA"
      },
      {
        "state": "TAS",
        "price": "2000",
        "price_per_unit": "1000",
        "price_unit": "EA"
      },
      {
        "state": "ACT",
        "price": "2000",
        "price_per_unit": "1000",
        "price_unit": "EA"
      },
      {
        "state": "NT",
        "price": "2000",
        "price_per_unit": "1000",
        "price_unit": "EA"
      }
    ]
  },
  {
    "source_url": "https://www.woolworths.com.au/shop/productdetails/1075500259/carmencita-pimenton-dulce-sweet-paprika-225g-twin-pack-450g-total-best-before-01-08-2025-",
    "name": "Carmencita Pimenton Dulce Sweet Paprika 225g - Twin Pack 450g total (Best Before 01-08-2025)",
    "image_url": "https://cdn1.woolworths.media/content/wowproductimages/large/1075500259.jpg",
    "source_id": "Woolworths - 1075500259",
    "barcode": null,
    "shop": "Woolworths",
    "weight": "1EA",
    "prices": [
      {
        "state": "NSW",
        "price": "2000",
        "price_per_unit": "1000",
        "price_unit": "EA"
      },
      {
        "state": "VIC",
        "price": "2000",
        "price_per_unit": "1000",
        "price_unit": "EA"
      },
      {
        "state": "QLD",
        "price": "2000",
        "price_per_unit": "1000",
        "price_unit": "EA"
      },
      {
        "state": "WA",
        "price": "2000",
        "price_per_unit": "1000",
        "price_unit": "EA"
      },
      {
        "state": "SA",
        "price": "2000",
        "price_per_unit": "1000",
        "price_unit": "EA"
      },
      {
        "state": "TAS",
        "price": "2000",
        "price_per_unit": "1000",
        "price_unit": "EA"
      },
      {
        "state": "ACT",
        "price": "2000",
        "price_per_unit": "1000",
        "price_unit": "EA"
      },
      {
        "state": "NT",
        "price": "2000",
        "price_per_unit": "1000",
        "price_unit": "EA"
      }
    ]
  },
  {
    "source_url": "https://www.woolworths.com.au/shop/productdetails/1075498766/carmencita-saffron-glass-jar-1g-best-before-01-09-2026-",
    "name": "Carmencita Saffron Glass Jar 1g (Best Before 01-09-2026)",
    "image_url": "https://cdn1.woolworths.media/content/wowproductimages/large/1075498766.jpg",
    "source_id": "Woolworths - 1075498766",
    "barcode": null,
    "shop": "Woolworths",
    "weight": "10G",
    "prices": [
      {
        "state": "NSW",
        "price": "1500",
        "price_per_unit": "15000",
        "price_unit": "G"
      },
      {
        "state": "VIC",
        "price": "1500",
        "price_per_unit": "15000",
        "price_unit": "G"
      },
      {
        "state": "QLD",
        "price": "1500",
        "price_per_unit": "15000",
        "price_unit": "G"
      },
      {
        "state": "WA",
        "price": "1500",
        "price_per_unit": "15000",
        "price_unit": "G"
      },
      {
        "state": "SA",
        "price": "1500",
        "price_per_unit": "15000",
        "price_unit": "G"
      },
      {
        "state": "TAS",
        "price": "1500",
        "price_per_unit": "15000",
        "price_unit": "G"
      },
      {
        "state": "ACT",
        "price": "1500",
        "price_per_unit": "15000",
        "price_unit": "G"
      },
      {
        "state": "NT",
        "price": "1500",
        "price_per_unit": "15000",
        "price_unit": "G"
      }
    ]
  },
  {
    "source_url": "https://www.woolworths.com.au/shop/productdetails/1075211469/carmencita-spanish-black-pepper-and-mediterannean-sea-salt-grinders-twin-pack-165g",
    "name": "Carmencita Spanish Black Pepper and Mediterannean Sea Salt Grinders Twin Pack 165g",
    "image_url": "https://cdn1.woolworths.media/content/wowproductimages/large/1075211469.jpg",
    "source_id": "Woolworths - 1075211469",
    "barcode": null,
    "shop": "Woolworths",
    "weight": "10G",
    "prices": [
      {
        "state": "NSW",
        "price": "1200",
        "price_per_unit": "73",
        "price_unit": "G"
      },
      {
        "state": "VIC",
        "price": "1200",
        "price_per_unit": "73",
        "price_unit": "G"
      },
      {
        "state": "QLD",
        "price": "1200",
        "price_per_unit": "73",
        "price_unit": "G"
      },
      {
        "state": "WA",
        "price": "1200",
        "price_per_unit": "73",
        "price_unit": "G"
      },
      {
        "state": "SA",
        "price": "1200",
        "price_per_unit": "73",
        "price_unit": "G"
      },
      {
        "state": "TAS",
        "price": "1200",
        "price_per_unit": "73",
        "price_unit": "G"
      },
      {
        "state": "ACT",
        "price": "1200",
        "price_per_unit": "73",
        "price_unit": "G"
      },
      {
        "state": "NT",
        "price": "1200",
        "price_per_unit": "73",
        "price_unit": "G"
      }
    ]
  },
  {
    "source_url": "https://www.woolworths.com.au/shop/productdetails/1075253896/carmencita-spanish-paella-seasoning-295g-best-before-01-04-2026-",
    "name": "Carmencita Spanish Paella Seasoning 295g (Best Before 01-04-2026)",
    "image_url": "https://cdn1.woolworths.media/content/wowproductimages/large/1075253896.jpg",
    "source_id": "Woolworths - 1075253896",
    "barcode": null,
    "shop": "Woolworths",
    "weight": "10G",
    "prices": [
      {
        "state": "NSW",
        "price": "1000",
        "price_per_unit": "34",
        "price_unit": "G"
      },
      {
        "state": "VIC",
        "price": "1000",
        "price_per_unit": "34",
        "price_unit": "G"
      },
      {
        "state": "QLD",
        "price": "1000",
        "price_per_unit": "34",
        "price_unit": "G"
      },
      {
        "state": "WA",
        "price": "1000",
        "price_per_unit": "34",
        "price_unit": "G"
      },
      {
        "state": "SA",
        "price": "1000",
        "price_per_unit": "34",
        "price_unit": "G"
      },
      {
        "state": "TAS",
        "price": "1000",
        "price_per_unit": "34",
        "price_unit": "G"
      },
      {
        "state": "ACT",
        "price": "1000",
        "price_per_unit": "34",
        "price_unit": "G"
      },
      {
        "state": "NT",
        "price": "1000",
        "price_per_unit": "34",
        "price_unit": "G"
      }
    ]
  },
  {
    "source_url": "https://www.woolworths.com.au/shop/productdetails/1075500416/carmencita-spanish-paella-seasoning-295g-3-pack-855g-total-best-before-01-04-2026-",
    "name": "Carmencita Spanish Paella Seasoning 295g - 3 pack 855g total (Best Before 01-04-2026)",
    "image_url": "https://cdn1.woolworths.media/content/wowproductimages/large/1075500416.jpg",
    "source_id": "Woolworths - 1075500416",
    "barcode": null,
    "shop": "Woolworths",
    "weight": "1EA",
    "prices": [
      {
        "state": "NSW",
        "price": "3000",
        "price_per_unit": "1000",
        "price_unit": "EA"
      },
      {
        "state": "VIC",
        "price": "3000",
        "price_per_unit": "1000",
        "price_unit": "EA"
      },
      {
        "state": "QLD",
        "price": "3000",
        "price_per_unit": "1000",
        "price_unit": "EA"
      },
      {
        "state": "WA",
        "price": "3000",
        "price_per_unit": "1000",
        "price_unit": "EA"
      },
      {
        "state": "SA",
        "price": "3000",
        "price_per_unit": "1000",
        "price_unit": "EA"
      },
      {
        "state": "TAS",
        "price": "3000",
        "price_per_unit": "1000",
        "price_unit": "EA"
      },
      {
        "state": "ACT",
        "price": "3000",
        "price_per_unit": "1000",
        "price_unit": "EA"
      },
      {
        "state": "NT",
        "price": "3000",
        "price_per_unit": "1000",
        "price_unit": "EA"
      }
    ]
  },
  {
    "source_url": "https://www.woolworths.com.au/shop/productdetails/1075500258/carmencita-sweet-smoked-217g-and-sweet-paprika-225g-multi-pack-442g-total-best-before-01-08-2025-",
    "name": "Carmencita Sweet Smoked 217g and Sweet Paprika 225g Multi Pack 442g total (Best Before 01-08-2025)",
    "image_url": "https://cdn1.woolworths.media/content/wowproductimages/large/1075500258.jpg",
    "source_id": "Woolworths - 1075500258",
    "barcode": null,
    "shop": "Woolworths",
    "weight": "1EA",
    "prices": [
      {
        "state": "NSW",
        "price": "2000",
        "price_per_unit": "1000",
        "price_unit": "EA"
      },
      {
        "state": "VIC",
        "price": "2000",
        "price_per_unit": "1000",
        "price_unit": "EA"
      },
      {
        "state": "QLD",
        "price": "2000",
        "price_per_unit": "1000",
        "price_unit": "EA"
      },
      {
        "state": "WA",
        "price": "2000",
        "price_per_unit": "1000",
        "price_unit": "EA"
      },
      {
        "state": "SA",
        "price": "2000",
        "price_per_unit": "1000",
        "price_unit": "EA"
      },
      {
        "state": "TAS",
        "price": "2000",
        "price_per_unit": "1000",
        "price_unit": "EA"
      },
      {
        "state": "ACT",
        "price": "2000",
        "price_per_unit": "1000",
        "price_unit": "EA"
      },
      {
        "state": "NT",
        "price": "2000",
        "price_per_unit": "1000",
        "price_unit": "EA"
      }
    ]
  },
  {
    "source_url": "https://www.woolworths.com.au/shop/productdetails/30015/clive-of-india-curry-powder",
    "name": "Clive Of India Curry Powder 100g",
    "image_url": "https://cdn1.woolworths.media/content/wowproductimages/large/030015.jpg",
    "source_id": "Woolworths - 30015",
    "barcode": "9310061061225",
    "shop": "Woolworths",
    "weight": "10G",
    "prices": [
      {
        "state": "NSW",
        "price": "400",
        "price_per_unit": "40",
        "price_unit": "G"
      },
      {
        "state": "VIC",
        "price": "400",
        "price_per_unit": "40",
        "price_unit": "G"
      },
      {
        "state": "QLD",
        "price": "400",
        "price_per_unit": "40",
        "price_unit": "G"
      },
      {
        "state": "WA",
        "price": "400",
        "price_per_unit": "40",
        "price_unit": "G"
      },
      {
        "state": "SA",
        "price": "400",
        "price_per_unit": "40",
        "price_unit": "G"
      },
      {
        "state": "TAS",
        "price": "400",
        "price_per_unit": "40",
        "price_unit": "G"
      },
      {
        "state": "ACT",
        "price": "350",
        "price_per_unit": "35",
        "price_unit": "G"
      },
      {
        "state": "NT",
        "price": "350",
        "price_per_unit": "35",
        "price_unit": "G"
      }
    ]
  },
  {
    "source_url": "https://www.woolworths.com.au/shop/productdetails/1074160035/fire-and-brimstone-brisket-rub-250gm-brisket250",
    "name": "Fire and Brimstone Brisket Rub 250gm - BRISKET250",
    "image_url": "https://cdn1.woolworths.media/content/wowproductimages/large/1074160035.jpg",
    "source_id": "Woolworths - 1074160035",
    "barcode": null,
    "shop": "Woolworths",
    "weight": null,
    "prices": [
      null,
      null,
      null
    ]
  },
  {
    "source_url": "https://www.woolworths.com.au/shop/productdetails/1074424914/grill-society-barbeque-grill-rub-fish-master-seasoning-180g-2pk",
    "name": "Grill Society Barbeque Grill Rub Fish Master Seasoning 180g 2PK",
    "image_url": "https://cdn1.woolworths.media/content/wowproductimages/large/1074424914.jpg",
    "source_id": "Woolworths - 1074424914",
    "barcode": null,
    "shop": "Woolworths",
    "weight": "1EA",
    "prices": [
      {
        "state": "NSW",
        "price": "2995",
        "price_per_unit": "2995",
        "price_unit": "EA"
      },
      {
        "state": "VIC",
        "price": "2995",
        "price_per_unit": "2995",
        "price_unit": "EA"
      },
      {
        "state": "QLD",
        "price": "2995",
        "price_per_unit": "2995",
        "price_unit": "EA"
      },
      {
        "state": "WA",
        "price": "2995",
        "price_per_unit": "2995",
        "price_unit": "EA"
      },
      {
        "state": "SA",
        "price": "2995",
        "price_per_unit": "2995",
        "price_unit": "EA"
      },
      {
        "state": "TAS",
        "price": "2995",
        "price_per_unit": "2995",
        "price_unit": "EA"
      },
      {
        "state": "ACT",
        "price": "2995",
        "price_per_unit": "2995",
        "price_unit": "EA"
      },
      {
        "state": "NT",
        "price": "2995",
        "price_per_unit": "2995",
        "price_unit": "EA"
      }
    ]
  },
  {
    "source_url": "https://www.woolworths.com.au/shop/productdetails/1074424916/grill-society-barbeque-grill-rub-texas-style-seasoning-240g-2pk",
    "name": "Grill Society Barbeque Grill Rub Texas Style Seasoning 240g 2PK",
    "image_url": "https://cdn1.woolworths.media/content/wowproductimages/large/1074424916.jpg",
    "source_id": "Woolworths - 1074424916",
    "barcode": null,
    "shop": "Woolworths",
    "weight": "1EA",
    "prices": [
      {
        "state": "NSW",
        "price": "2995",
        "price_per_unit": "2995",
        "price_unit": "EA"
      },
      {
        "state": "VIC",
        "price": "2995",
        "price_per_unit": "2995",
        "price_unit": "EA"
      },
      {
        "state": "QLD",
        "price": "2995",
        "price_per_unit": "2995",
        "price_unit": "EA"
      },
      {
        "state": "WA",
        "price": "2995",
        "price_per_unit": "2995",
        "price_unit": "EA"
      },
      {
        "state": "SA",
        "price": "2995",
        "price_per_unit": "2995",
        "price_unit": "EA"
      },
      {
        "state": "TAS",
        "price": "2995",
        "price_per_unit": "2995",
        "price_unit": "EA"
      },
      {
        "state": "ACT",
        "price": "2995",
        "price_per_unit": "2995",
        "price_unit": "EA"
      },
      {
        "state": "NT",
        "price": "2995",
        "price_per_unit": "2995",
        "price_unit": "EA"
      }
    ]
  },
  {
    "source_url": "https://www.woolworths.com.au/shop/productdetails/1074025839/grill-society-bbq-rub-sweet-memphis-290g",
    "name": "Grill Society BBQ Rub - Sweet Memphis 290g",
    "image_url": "https://cdn1.woolworths.media/content/wowproductimages/large/1074025839.jpg",
    "source_id": "Woolworths - 1074025839",
    "barcode": null,
    "shop": "Woolworths",
    "weight": "10G",
    "prices": [
      {
        "state": "NSW",
        "price": "2400",
        "price_per_unit": "83",
        "price_unit": "G"
      },
      {
        "state": "VIC",
        "price": "2400",
        "price_per_unit": "83",
        "price_unit": "G"
      },
      {
        "state": "QLD",
        "price": "2400",
        "price_per_unit": "83",
        "price_unit": "G"
      },
      {
        "state": "WA",
        "price": "2400",
        "price_per_unit": "83",
        "price_unit": "G"
      },
      {
        "state": "SA",
        "price": "2400",
        "price_per_unit": "83",
        "price_unit": "G"
      },
      {
        "state": "TAS",
        "price": "2400",
        "price_per_unit": "83",
        "price_unit": "G"
      },
      {
        "state": "ACT",
        "price": "2400",
        "price_per_unit": "83",
        "price_unit": "G"
      },
      {
        "state": "NT",
        "price": "2400",
        "price_per_unit": "83",
        "price_unit": "G"
      }
    ]
  },
  {
    "source_url": "https://www.woolworths.com.au/shop/productdetails/1074025796/grill-society-fiery-chilli-oil-240ml-chilli-salt-240g-combo-bottle",
    "name": "Grill Society Fiery Chilli Oil 240ml & Chilli Salt 240g Combo Bottle",
    "image_url": "https://cdn1.woolworths.media/content/wowproductimages/large/1074025796.jpg",
    "source_id": "Woolworths - 1074025796",
    "barcode": null,
    "shop": "Woolworths",
    "weight": "1EA",
    "prices": [
      {
        "state": "NSW",
        "price": "3200",
        "price_per_unit": "3200",
        "price_unit": "EA"
      },
      {
        "state": "VIC",
        "price": "3200",
        "price_per_unit": "3200",
        "price_unit": "EA"
      },
      {
        "state": "QLD",
        "price": "3200",
        "price_per_unit": "3200",
        "price_unit": "EA"
      },
      {
        "state": "WA",
        "price": "3200",
        "price_per_unit": "3200",
        "price_unit": "EA"
      },
      {
        "state": "SA",
        "price": "3200",
        "price_per_unit": "3200",
        "price_unit": "EA"
      },
      {
        "state": "TAS",
        "price": "3200",
        "price_per_unit": "3200",
        "price_unit": "EA"
      },
      {
        "state": "ACT",
        "price": "3200",
        "price_per_unit": "3200",
        "price_unit": "EA"
      },
      {
        "state": "NT",
        "price": "3200",
        "price_per_unit": "3200",
        "price_unit": "EA"
      }
    ]
  },
  {
    "source_url": "https://www.woolworths.com.au/shop/productdetails/94626/hoyt-s-bay-leaves",
    "name": "Hoyt's Bay Leaves 15G",
    "image_url": "https://cdn1.woolworths.media/content/wowproductimages/large/094626.jpg",
    "source_id": "Woolworths - 94626",
    "barcode": "9300725000684",
    "shop": "Woolworths",
    "weight": "10G",
    "prices": [
      {
        "state": "NSW",
        "price": "200",
        "price_per_unit": "133",
        "price_unit": "G"
      },
      {
        "state": "VIC",
        "price": "200",
        "price_per_unit": "133",
        "price_unit": "G"
      },
      {
        "state": "QLD",
        "price": "200",
        "price_per_unit": "133",
        "price_unit": "G"
      },
      {
        "state": "WA",
        "price": "200",
        "price_per_unit": "133",
        "price_unit": "G"
      },
      {
        "state": "SA",
        "price": "200",
        "price_per_unit": "133",
        "price_unit": "G"
      },
      {
        "state": "TAS",
        "price": "180",
        "price_per_unit": "120",
        "price_unit": "G"
      },
      {
        "state": "ACT",
        "price": "180",
        "price_per_unit": "120",
        "price_unit": "G"
      },
      {
        "state": "NT",
        "price": "180",
        "price_per_unit": "120",
        "price_unit": "G"
      }
    ]
  },
  {
    "source_url": "https://www.woolworths.com.au/shop/productdetails/210624/hoyt-s-chilli-dried-crushed",
    "name": "Hoyt's Chilli Dried Crushed 100G",
    "image_url": "https://cdn1.woolworths.media/content/wowproductimages/large/210624.jpg",
    "source_id": "Woolworths - 210624",
    "barcode": "9300725008901",
    "shop": "Woolworths",
    "weight": "10G",
    "prices": [
      {
        "state": "NSW",
        "price": "550",
        "price_per_unit": "55",
        "price_unit": "G"
      },
      {
        "state": "VIC",
        "price": "550",
        "price_per_unit": "55",
        "price_unit": "G"
      },
      {
        "state": "QLD",
        "price": "550",
        "price_per_unit": "55",
        "price_unit": "G"
      },
      {
        "state": "WA",
        "price": "550",
        "price_per_unit": "55",
        "price_unit": "G"
      },
      {
        "state": "SA",
        "price": "550",
        "price_per_unit": "55",
        "price_unit": "G"
      },
      {
        "state": "TAS",
        "price": "550",
        "price_per_unit": "55",
        "price_unit": "G"
      },
      {
        "state": "ACT",
        "price": "550",
        "price_per_unit": "55",
        "price_unit": "G"
      },
      {
        "state": "NT",
        "price": "550",
        "price_per_unit": "55",
        "price_unit": "G"
      }
    ]
  },
  {
    "source_url": "https://www.woolworths.com.au/shop/productdetails/94633/hoyt-s-cinnamon-sticks",
    "name": "Hoyt's Cinnamon Sticks 15G",
    "image_url": "https://cdn1.woolworths.media/content/wowproductimages/large/094633.jpg",
    "source_id": "Woolworths - 94633",
    "barcode": "9300725001124",
    "shop": "Woolworths",
    "weight": "10G",
    "prices": [
      {
        "state": "NSW",
        "price": "370",
        "price_per_unit": "247",
        "price_unit": "G"
      },
      {
        "state": "VIC",
        "price": "370",
        "price_per_unit": "247",
        "price_unit": "G"
      },
      {
        "state": "QLD",
        "price": "370",
        "price_per_unit": "247",
        "price_unit": "G"
      },
      {
        "state": "WA",
        "price": "370",
        "price_per_unit": "247",
        "price_unit": "G"
      },
      {
        "state": "SA",
        "price": "370",
        "price_per_unit": "247",
        "price_unit": "G"
      },
      {
        "state": "TAS",
        "price": "370",
        "price_per_unit": "247",
        "price_unit": "G"
      },
      {
        "state": "ACT",
        "price": "370",
        "price_per_unit": "247",
        "price_unit": "G"
      },
      {
        "state": "NT",
        "price": "370",
        "price_per_unit": "247",
        "price_unit": "G"
      }
    ]
  },
  {
    "source_url": "https://www.woolworths.com.au/shop/productdetails/94636/hoyt-s-cumin-ground",
    "name": "Hoyt's Cumin Ground 25G",
    "image_url": "https://cdn1.woolworths.media/content/wowproductimages/large/094636.jpg",
    "source_id": "Woolworths - 94636",
    "barcode": "9300725001643",
    "shop": "Woolworths",
    "weight": "10G",
    "prices": [
      {
        "state": "NSW",
        "price": "230",
        "price_per_unit": "92",
        "price_unit": "G"
      },
      {
        "state": "VIC",
        "price": "230",
        "price_per_unit": "92",
        "price_unit": "G"
      },
      {
        "state": "QLD",
        "price": "230",
        "price_per_unit": "92",
        "price_unit": "G"
      },
      {
        "state": "WA",
        "price": "230",
        "price_per_unit": "92",
        "price_unit": "G"
      },
      {
        "state": "SA",
        "price": "230",
        "price_per_unit": "92",
        "price_unit": "G"
      },
      {
        "state": "TAS",
        "price": "230",
        "price_per_unit": "92",
        "price_unit": "G"
      },
      {
        "state": "ACT",
        "price": "230",
        "price_per_unit": "92",
        "price_unit": "G"
      },
      {
        "state": "NT",
        "price": "230",
        "price_per_unit": "92",
        "price_unit": "G"
      }
    ]
  },
  {
    "source_url": "https://www.woolworths.com.au/shop/productdetails/574876/hoyt-s-italian-herb-mix",
    "name": "Hoyt's Italian Herb Mix 140G",
    "image_url": "https://cdn1.woolworths.media/content/wowproductimages/large/574876.jpg",
    "source_id": "Woolworths - 574876",
    "barcode": "9300725012564",
    "shop": "Woolworths",
    "weight": "10G",
    "prices": [
      {
        "state": "NSW",
        "price": "600",
        "price_per_unit": "43",
        "price_unit": "G"
      },
      {
        "state": "VIC",
        "price": "600",
        "price_per_unit": "43",
        "price_unit": "G"
      },
      {
        "state": "QLD",
        "price": "600",
        "price_per_unit": "43",
        "price_unit": "G"
      },
      {
        "state": "WA",
        "price": "600",
        "price_per_unit": "43",
        "price_unit": "G"
      },
      {
        "state": "SA",
        "price": "600",
        "price_per_unit": "43",
        "price_unit": "G"
      },
      {
        "state": "TAS",
        "price": "600",
        "price_per_unit": "43",
        "price_unit": "G"
      },
      {
        "state": "ACT",
        "price": "600",
        "price_per_unit": "43",
        "price_unit": "G"
      },
      {
        "state": "NT",
        "price": "600",
        "price_per_unit": "43",
        "price_unit": "G"
      }
    ]
  },
  {
    "source_url": "https://www.woolworths.com.au/shop/productdetails/829198/hoyt-s-paprika-sweet-smoked",
    "name": "Hoyt's Paprika Sweet Smoked 140G",
    "image_url": "https://cdn1.woolworths.media/content/wowproductimages/large/829198.jpg",
    "source_id": "Woolworths - 829198",
    "barcode": "9300725012540",
    "shop": "Woolworths",
    "weight": "10G",
    "prices": [
      {
        "state": "NSW",
        "price": "580",
        "price_per_unit": "41",
        "price_unit": "G"
      },
      {
        "state": "VIC",
        "price": "580",
        "price_per_unit": "41",
        "price_unit": "G"
      },
      {
        "state": "QLD",
        "price": "580",
        "price_per_unit": "41",
        "price_unit": "G"
      },
      {
        "state": "WA",
        "price": "580",
        "price_per_unit": "41",
        "price_unit": "G"
      },
      {
        "state": "SA",
        "price": "580",
        "price_per_unit": "41",
        "price_unit": "G"
      },
      {
        "state": "TAS",
        "price": "580",
        "price_per_unit": "41",
        "price_unit": "G"
      },
      {
        "state": "ACT",
        "price": "580",
        "price_per_unit": "41",
        "price_unit": "G"
      },
      {
        "state": "NT",
        "price": "580",
        "price_per_unit": "41",
        "price_unit": "G"
      }
    ]
  },
  {
    "source_url": "https://www.woolworths.com.au/shop/productdetails/70348/hoyt-s-seasoning-lemon-pepper",
    "name": "Hoyt's Seasoning Lemon & Pepper 50G",
    "image_url": "https://cdn1.woolworths.media/content/wowproductimages/large/070348.jpg",
    "source_id": "Woolworths - 70348",
    "barcode": "9300725002299",
    "shop": "Woolworths",
    "weight": "10G",
    "prices": [
      {
        "state": "NSW",
        "price": "260",
        "price_per_unit": "52",
        "price_unit": "G"
      },
      {
        "state": "VIC",
        "price": "260",
        "price_per_unit": "52",
        "price_unit": "G"
      },
      {
        "state": "QLD",
        "price": "260",
        "price_per_unit": "52",
        "price_unit": "G"
      },
      {
        "state": "WA",
        "price": "260",
        "price_per_unit": "52",
        "price_unit": "G"
      },
      {
        "state": "SA",
        "price": "260",
        "price_per_unit": "52",
        "price_unit": "G"
      },
      {
        "state": "TAS",
        "price": "260",
        "price_per_unit": "52",
        "price_unit": "G"
      },
      {
        "state": "ACT",
        "price": "260",
        "price_per_unit": "52",
        "price_unit": "G"
      },
      {
        "state": "NT",
        "price": "260",
        "price_per_unit": "52",
        "price_unit": "G"
      }
    ]
  },
  {
    "source_url": "https://www.woolworths.com.au/shop/productdetails/94622/hoyt-s-sesame-seeds",
    "name": "Hoyt's Sesame Seeds 100G",
    "image_url": "https://cdn1.woolworths.media/content/wowproductimages/large/094622.jpg",
    "source_id": "Woolworths - 94622",
    "barcode": "9300725001568",
    "shop": "Woolworths",
    "weight": "10G",
    "prices": [
      {
        "state": "NSW",
        "price": "300",
        "price_per_unit": "30",
        "price_unit": "G"
      },
      {
        "state": "VIC",
        "price": "300",
        "price_per_unit": "30",
        "price_unit": "G"
      },
      {
        "state": "QLD",
        "price": "300",
        "price_per_unit": "30",
        "price_unit": "G"
      },
      {
        "state": "WA",
        "price": "300",
        "price_per_unit": "30",
        "price_unit": "G"
      },
      {
        "state": "SA",
        "price": "300",
        "price_per_unit": "30",
        "price_unit": "G"
      },
      {
        "state": "TAS",
        "price": "300",
        "price_per_unit": "30",
        "price_unit": "G"
      },
      {
        "state": "ACT",
        "price": "300",
        "price_per_unit": "30",
        "price_unit": "G"
      },
      {
        "state": "NT",
        "price": "300",
        "price_per_unit": "30",
        "price_unit": "G"
      }
    ]
  },
  {
    "source_url": "https://www.woolworths.com.au/shop/productdetails/1074496758/jane-s-krazy-mixed-up-everything-bagel-seasoning-78g-x-3",
    "name": "Jane's Krazy Mixed Up Everything Bagel Seasoning 78g x 3",
    "image_url": "https://cdn1.woolworths.media/content/wowproductimages/large/1074496758.jpg",
    "source_id": "Woolworths - 1074496758",
    "barcode": null,
    "shop": "Woolworths",
    "weight": "1EA",
    "prices": [
      {
        "state": "NSW",
        "price": "3749",
        "price_per_unit": "1250",
        "price_unit": "EA"
      },
      {
        "state": "VIC",
        "price": "3749",
        "price_per_unit": "1250",
        "price_unit": "EA"
      },
      {
        "state": "QLD",
        "price": "3749",
        "price_per_unit": "1250",
        "price_unit": "EA"
      },
      {
        "state": "WA",
        "price": "3749",
        "price_per_unit": "1250",
        "price_unit": "EA"
      },
      {
        "state": "SA",
        "price": "3749",
        "price_per_unit": "1250",
        "price_unit": "EA"
      },
      {
        "state": "TAS",
        "price": "3749",
        "price_per_unit": "1250",
        "price_unit": "EA"
      },
      {
        "state": "ACT",
        "price": "3749",
        "price_per_unit": "1250",
        "price_unit": "EA"
      },
      {
        "state": "NT",
        "price": "3749",
        "price_per_unit": "1250",
        "price_unit": "EA"
      }
    ]
  },
  {
    "source_url": "https://www.woolworths.com.au/shop/productdetails/34487/keen-s-mustard-powder-powder",
    "name": "Keen's Mustard Powder Powder 50g",
    "image_url": "https://cdn1.woolworths.media/content/wowproductimages/large/034487.jpg",
    "source_id": "Woolworths - 34487",
    "barcode": "93623018",
    "shop": "Woolworths",
    "weight": "10G",
    "prices": [
      {
        "state": "NSW",
        "price": "500",
        "price_per_unit": "100",
        "price_unit": "G"
      },
      {
        "state": "VIC",
        "price": "500",
        "price_per_unit": "100",
        "price_unit": "G"
      },
      {
        "state": "QLD",
        "price": "500",
        "price_per_unit": "100",
        "price_unit": "G"
      },
      {
        "state": "WA",
        "price": "500",
        "price_per_unit": "100",
        "price_unit": "G"
      },
      {
        "state": "SA",
        "price": "500",
        "price_per_unit": "100",
        "price_unit": "G"
      },
      {
        "state": "TAS",
        "price": "500",
        "price_per_unit": "100",
        "price_unit": "G"
      },
      {
        "state": "NT",
        "price": "500",
        "price_per_unit": "100",
        "price_unit": "G"
      }
    ]
  },
  {
    "source_url": "https://www.woolworths.com.au/shop/productdetails/33281/keen-s-traditional-curry-powder",
    "name": "Keen's Traditional Curry Powder 120g",
    "image_url": "https://cdn1.woolworths.media/content/wowproductimages/large/033281.jpg",
    "source_id": "Woolworths - 33281",
    "barcode": "93623063",
    "shop": "Woolworths",
    "weight": "10G",
    "prices": [
      {
        "state": "NSW",
        "price": "550",
        "price_per_unit": "46",
        "price_unit": "G"
      },
      {
        "state": "VIC",
        "price": "550",
        "price_per_unit": "46",
        "price_unit": "G"
      },
      {
        "state": "QLD",
        "price": "550",
        "price_per_unit": "46",
        "price_unit": "G"
      },
      {
        "state": "WA",
        "price": "550",
        "price_per_unit": "46",
        "price_unit": "G"
      },
      {
        "state": "SA",
        "price": "550",
        "price_per_unit": "46",
        "price_unit": "G"
      },
      {
        "state": "TAS",
        "price": "550",
        "price_per_unit": "46",
        "price_unit": "G"
      },
      {
        "state": "NT",
        "price": "550",
        "price_per_unit": "46",
        "price_unit": "G"
      }
    ]
  },
  {
    "source_url": "https://www.woolworths.com.au/shop/productdetails/33280/keen-s-traditional-curry-powder",
    "name": "Keen's Traditional Curry Powder 60g",
    "image_url": "https://cdn1.woolworths.media/content/wowproductimages/large/033280.jpg",
    "source_id": "Woolworths - 33280",
    "barcode": "9300683071559",
    "shop": "Woolworths",
    "weight": "10G",
    "prices": [
      {
        "state": "NSW",
        "price": "430",
        "price_per_unit": "72",
        "price_unit": "G"
      },
      {
        "state": "VIC",
        "price": "430",
        "price_per_unit": "72",
        "price_unit": "G"
      },
      {
        "state": "QLD",
        "price": "430",
        "price_per_unit": "72",
        "price_unit": "G"
      },
      {
        "state": "WA",
        "price": "430",
        "price_per_unit": "72",
        "price_unit": "G"
      },
      {
        "state": "SA",
        "price": "430",
        "price_per_unit": "72",
        "price_unit": "G"
      },
      {
        "state": "TAS",
        "price": "430",
        "price_per_unit": "72",
        "price_unit": "G"
      },
      {
        "state": "NT",
        "price": "430",
        "price_per_unit": "72",
        "price_unit": "G"
      }
    ]
  },
  {
    "source_url": "https://www.woolworths.com.au/shop/productdetails/1074159910/lanes-bbq-garlic-rub-298g",
    "name": "Lanes BBQ Garlic Rub 298g",
    "image_url": "https://cdn1.woolworths.media/content/wowproductimages/large/1074159910.jpg",
    "source_id": "Woolworths - 1074159910",
    "barcode": null,
    "shop": "Woolworths",
    "weight": null,
    "prices": [
      null,
      null,
      null
    ]
  },
  {
    "source_url": "https://www.woolworths.com.au/shop/productdetails/1074159907/lanes-bbq-magic-dust-340g",
    "name": "Lanes BBQ Magic dust 340g",
    "image_url": "https://cdn1.woolworths.media/content/wowproductimages/large/1074159907.jpg",
    "source_id": "Woolworths - 1074159907",
    "barcode": null,
    "shop": "Woolworths",
    "weight": null,
    "prices": [
      null,
      null,
      null
    ]
  },
  {
    "source_url": "https://www.woolworths.com.au/shop/productdetails/1074159905/lanes-bbq-signature-340g",
    "name": "Lanes BBQ signature 340g",
    "image_url": "https://cdn1.woolworths.media/content/wowproductimages/large/1074159905.jpg",
    "source_id": "Woolworths - 1074159905",
    "barcode": null,
    "shop": "Woolworths",
    "weight": null,
    "prices": [
      null,
      null,
      null
    ]
  },
  {
    "source_url": "https://www.woolworths.com.au/shop/productdetails/1075318902/leo-s-spanish-saffron-plastic-jar-twin-pack-1g-each-2g-total",
    "name": "Leo's Spanish Saffron Plastic Jar Twin Pack 1g each- 2g total",
    "image_url": "https://cdn1.woolworths.media/content/wowproductimages/large/1075318902.jpg",
    "source_id": "Woolworths - 1075318902",
    "barcode": null,
    "shop": "Woolworths",
    "weight": "10G",
    "prices": [
      {
        "state": "NSW",
        "price": "3000",
        "price_per_unit": "30000",
        "price_unit": "G"
      },
      {
        "state": "VIC",
        "price": "3000",
        "price_per_unit": "30000",
        "price_unit": "G"
      },
      {
        "state": "QLD",
        "price": "3000",
        "price_per_unit": "30000",
        "price_unit": "G"
      },
      {
        "state": "WA",
        "price": "3000",
        "price_per_unit": "30000",
        "price_unit": "G"
      },
      {
        "state": "SA",
        "price": "3000",
        "price_per_unit": "30000",
        "price_unit": "G"
      },
      {
        "state": "TAS",
        "price": "3000",
        "price_per_unit": "30000",
        "price_unit": "G"
      },
      {
        "state": "ACT",
        "price": "3000",
        "price_per_unit": "30000",
        "price_unit": "G"
      },
      {
        "state": "NT",
        "price": "3000",
        "price_per_unit": "30000",
        "price_unit": "G"
      }
    ]
  },
  {
    "source_url": "https://www.woolworths.com.au/shop/productdetails/1075318920/leo-s-spanish-saffron-threads-plastic-box-5g",
    "name": "Leo's Spanish Saffron Threads Plastic Box 5g",
    "image_url": "https://cdn1.woolworths.media/content/wowproductimages/large/1075318920.jpg",
    "source_id": "Woolworths - 1075318920",
    "barcode": null,
    "shop": "Woolworths",
    "weight": "10G",
    "prices": [
      {
        "state": "NSW",
        "price": "4000",
        "price_per_unit": "8000",
        "price_unit": "G"
      },
      {
        "state": "VIC",
        "price": "4000",
        "price_per_unit": "8000",
        "price_unit": "G"
      },
      {
        "state": "QLD",
        "price": "4000",
        "price_per_unit": "8000",
        "price_unit": "G"
      },
      {
        "state": "WA",
        "price": "4000",
        "price_per_unit": "8000",
        "price_unit": "G"
      },
      {
        "state": "SA",
        "price": "4000",
        "price_per_unit": "8000",
        "price_unit": "G"
      },
      {
        "state": "TAS",
        "price": "4000",
        "price_per_unit": "8000",
        "price_unit": "G"
      },
      {
        "state": "ACT",
        "price": "4000",
        "price_per_unit": "8000",
        "price_unit": "G"
      },
      {
        "state": "NT",
        "price": "4000",
        "price_per_unit": "8000",
        "price_unit": "G"
      }
    ]
  },
  {
    "source_url": "https://www.woolworths.com.au/shop/productdetails/1075318919/leo-s-spanish-saffron-threads-plastic-box-twin-pack-1g-each-2g-total",
    "name": "Leo's Spanish Saffron Threads Plastic Box Twin Pack- 1g each- 2g total",
    "image_url": "https://cdn1.woolworths.media/content/wowproductimages/large/1075318919.jpg",
    "source_id": "Woolworths - 1075318919",
    "barcode": null,
    "shop": "Woolworths",
    "weight": "10G",
    "prices": [
      {
        "state": "NSW",
        "price": "3000",
        "price_per_unit": "30000",
        "price_unit": "G"
      },
      {
        "state": "VIC",
        "price": "3000",
        "price_per_unit": "30000",
        "price_unit": "G"
      },
      {
        "state": "QLD",
        "price": "3000",
        "price_per_unit": "30000",
        "price_unit": "G"
      },
      {
        "state": "WA",
        "price": "3000",
        "price_per_unit": "30000",
        "price_unit": "G"
      },
      {
        "state": "SA",
        "price": "3000",
        "price_per_unit": "30000",
        "price_unit": "G"
      },
      {
        "state": "TAS",
        "price": "3000",
        "price_per_unit": "30000",
        "price_unit": "G"
      },
      {
        "state": "ACT",
        "price": "3000",
        "price_per_unit": "30000",
        "price_unit": "G"
      },
      {
        "state": "NT",
        "price": "3000",
        "price_per_unit": "30000",
        "price_unit": "G"
      }
    ]
  },
  {
    "source_url": "https://www.woolworths.com.au/shop/productdetails/1074032755/liebers-garlic-powder-79g-x-4",
    "name": "Liebers Garlic Powder 79g x 4",
    "image_url": "https://cdn1.woolworths.media/content/wowproductimages/large/1074032755.jpg",
    "source_id": "Woolworths - 1074032755",
    "barcode": null,
    "shop": "Woolworths",
    "weight": "1EA",
    "prices": [
      {
        "state": "NSW",
        "price": "4499",
        "price_per_unit": "1125",
        "price_unit": "EA"
      },
      {
        "state": "VIC",
        "price": "4499",
        "price_per_unit": "1125",
        "price_unit": "EA"
      },
      {
        "state": "QLD",
        "price": "4499",
        "price_per_unit": "1125",
        "price_unit": "EA"
      },
      {
        "state": "WA",
        "price": "4499",
        "price_per_unit": "1125",
        "price_unit": "EA"
      },
      {
        "state": "SA",
        "price": "4499",
        "price_per_unit": "1125",
        "price_unit": "EA"
      },
      {
        "state": "TAS",
        "price": "4499",
        "price_per_unit": "1125",
        "price_unit": "EA"
      },
      {
        "state": "ACT",
        "price": "4499",
        "price_per_unit": "1125",
        "price_unit": "EA"
      },
      {
        "state": "NT",
        "price": "4499",
        "price_per_unit": "1125",
        "price_unit": "EA"
      }
    ]
  },
  {
    "source_url": "https://www.woolworths.com.au/shop/productdetails/1074032756/liebers-ground-cinnamon-85g-x-3",
    "name": "Liebers Ground Cinnamon 85g x 3",
    "image_url": "https://cdn1.woolworths.media/content/wowproductimages/large/1074032756.jpg",
    "source_id": "Woolworths - 1074032756",
    "barcode": null,
    "shop": "Woolworths",
    "weight": "1EA",
    "prices": [
      {
        "state": "NSW",
        "price": "3599",
        "price_per_unit": "1200",
        "price_unit": "EA"
      },
      {
        "state": "VIC",
        "price": "3599",
        "price_per_unit": "1200",
        "price_unit": "EA"
      },
      {
        "state": "QLD",
        "price": "3599",
        "price_per_unit": "1200",
        "price_unit": "EA"
      },
      {
        "state": "WA",
        "price": "3599",
        "price_per_unit": "1200",
        "price_unit": "EA"
      },
      {
        "state": "SA",
        "price": "3599",
        "price_per_unit": "1200",
        "price_unit": "EA"
      },
      {
        "state": "TAS",
        "price": "3599",
        "price_per_unit": "1200",
        "price_unit": "EA"
      },
      {
        "state": "ACT",
        "price": "3599",
        "price_per_unit": "1200",
        "price_unit": "EA"
      },
      {
        "state": "NT",
        "price": "3599",
        "price_per_unit": "1200",
        "price_unit": "EA"
      }
    ]
  },
  {
    "source_url": "https://www.woolworths.com.au/shop/productdetails/1074496767/lovish-foods-everything-bagel-seasoning-550g",
    "name": "Lovish & Foods Everything Bagel Seasoning 550g",
    "image_url": "https://cdn1.woolworths.media/content/wowproductimages/large/1074496767.jpg",
    "source_id": "Woolworths - 1074496767",
    "barcode": null,
    "shop": "Woolworths",
    "weight": "10G",
    "prices": [
      {
        "state": "NSW",
        "price": "3599",
        "price_per_unit": "72",
        "price_unit": "G"
      },
      {
        "state": "VIC",
        "price": "3599",
        "price_per_unit": "72",
        "price_unit": "G"
      },
      {
        "state": "QLD",
        "price": "3599",
        "price_per_unit": "72",
        "price_unit": "G"
      },
      {
        "state": "WA",
        "price": "3599",
        "price_per_unit": "72",
        "price_unit": "G"
      },
      {
        "state": "SA",
        "price": "3599",
        "price_per_unit": "72",
        "price_unit": "G"
      },
      {
        "state": "TAS",
        "price": "3599",
        "price_per_unit": "72",
        "price_unit": "G"
      },
      {
        "state": "ACT",
        "price": "3599",
        "price_per_unit": "72",
        "price_unit": "G"
      },
      {
        "state": "NT",
        "price": "3599",
        "price_per_unit": "72",
        "price_unit": "G"
      }
    ]
  },
  {
    "source_url": "https://www.woolworths.com.au/shop/productdetails/32857/masterfoods-all-purpose-seasoning",
    "name": "MasterFoods All Purpose Seasoning 65g",
    "image_url": "https://cdn1.woolworths.media/content/wowproductimages/large/032857.jpg",
    "source_id": "Woolworths - 32857",
    "barcode": "93716765",
    "shop": "Woolworths",
    "weight": "10G",
    "prices": [
      {
        "state": "NSW",
        "price": "300",
        "price_per_unit": "46",
        "price_unit": "G"
      },
      {
        "state": "VIC",
        "price": "300",
        "price_per_unit": "46",
        "price_unit": "G"
      },
      {
        "state": "QLD",
        "price": "300",
        "price_per_unit": "46",
        "price_unit": "G"
      },
      {
        "state": "WA",
        "price": "300",
        "price_per_unit": "46",
        "price_unit": "G"
      },
      {
        "state": "SA",
        "price": "370",
        "price_per_unit": "57",
        "price_unit": "G"
      },
      {
        "state": "TAS",
        "price": "370",
        "price_per_unit": "57",
        "price_unit": "G"
      },
      {
        "state": "ACT",
        "price": "300",
        "price_per_unit": "46",
        "price_unit": "G"
      },
      {
        "state": "NT",
        "price": "300",
        "price_per_unit": "46",
        "price_unit": "G"
      }
    ]
  },
  {
    "source_url": "https://www.woolworths.com.au/shop/productdetails/46497/masterfoods-chicken-salt",
    "name": "MasterFoods Chicken Salt 65G",
    "image_url": "https://cdn1.woolworths.media/content/wowproductimages/large/046497.jpg",
    "source_id": "Woolworths - 46497",
    "barcode": "93782456",
    "shop": "Woolworths",
    "weight": "10G",
    "prices": [
      {
        "state": "NSW",
        "price": "300",
        "price_per_unit": "46",
        "price_unit": "G"
      },
      {
        "state": "VIC",
        "price": "300",
        "price_per_unit": "46",
        "price_unit": "G"
      },
      {
        "state": "QLD",
        "price": "300",
        "price_per_unit": "46",
        "price_unit": "G"
      },
      {
        "state": "WA",
        "price": "300",
        "price_per_unit": "46",
        "price_unit": "G"
      },
      {
        "state": "SA",
        "price": "370",
        "price_per_unit": "57",
        "price_unit": "G"
      },
      {
        "state": "TAS",
        "price": "370",
        "price_per_unit": "57",
        "price_unit": "G"
      },
      {
        "state": "ACT",
        "price": "300",
        "price_per_unit": "46",
        "price_unit": "G"
      },
      {
        "state": "NT",
        "price": "300",
        "price_per_unit": "46",
        "price_unit": "G"
      }
    ]
  },
  {
    "source_url": "https://www.woolworths.com.au/shop/productdetails/44782/masterfoods-chilli-flakes",
    "name": "MasterFoods Chilli Flakes 18g",
    "image_url": "https://cdn1.woolworths.media/content/wowproductimages/large/044782.jpg",
    "source_id": "Woolworths - 44782",
    "barcode": "93782623",
    "shop": "Woolworths",
    "weight": "10G",
    "prices": [
      {
        "state": "NSW",
        "price": "330",
        "price_per_unit": "183",
        "price_unit": "G"
      },
      {
        "state": "VIC",
        "price": "330",
        "price_per_unit": "183",
        "price_unit": "G"
      },
      {
        "state": "QLD",
        "price": "330",
        "price_per_unit": "183",
        "price_unit": "G"
      },
      {
        "state": "WA",
        "price": "330",
        "price_per_unit": "183",
        "price_unit": "G"
      },
      {
        "state": "SA",
        "price": "330",
        "price_per_unit": "183",
        "price_unit": "G"
      },
      {
        "state": "TAS",
        "price": "330",
        "price_per_unit": "183",
        "price_unit": "G"
      },
      {
        "state": "ACT",
        "price": "330",
        "price_per_unit": "183",
        "price_unit": "G"
      },
      {
        "state": "NT",
        "price": "330",
        "price_per_unit": "183",
        "price_unit": "G"
      }
    ]
  },
  {
    "source_url": "https://www.woolworths.com.au/shop/productdetails/35546/masterfoods-chinese-5-spice",
    "name": "MasterFoods Chinese 5 Spice 30g",
    "image_url": "https://cdn1.woolworths.media/content/wowproductimages/large/035546.jpg",
    "source_id": "Woolworths - 35546",
    "barcode": "93716437",
    "shop": "Woolworths",
    "weight": "10G",
    "prices": [
      {
        "state": "NSW",
        "price": "320",
        "price_per_unit": "107",
        "price_unit": "G"
      },
      {
        "state": "VIC",
        "price": "320",
        "price_per_unit": "107",
        "price_unit": "G"
      },
      {
        "state": "QLD",
        "price": "320",
        "price_per_unit": "107",
        "price_unit": "G"
      },
      {
        "state": "WA",
        "price": "320",
        "price_per_unit": "107",
        "price_unit": "G"
      },
      {
        "state": "SA",
        "price": "330",
        "price_per_unit": "110",
        "price_unit": "G"
      },
      {
        "state": "TAS",
        "price": "330",
        "price_per_unit": "110",
        "price_unit": "G"
      },
      {
        "state": "ACT",
        "price": "320",
        "price_per_unit": "107",
        "price_unit": "G"
      },
      {
        "state": "NT",
        "price": "320",
        "price_per_unit": "107",
        "price_unit": "G"
      }
    ]
  },
  {
    "source_url": "https://www.woolworths.com.au/shop/productdetails/35390/masterfoods-cloves-whole",
    "name": "MasterFoods Cloves Whole 20g",
    "image_url": "https://cdn1.woolworths.media/content/wowproductimages/large/035390.jpg",
    "source_id": "Woolworths - 35390",
    "barcode": "93716468",
    "shop": "Woolworths",
    "weight": "10G",
    "prices": [
      {
        "state": "VIC",
        "price": "480",
        "price_per_unit": "240",
        "price_unit": "G"
      },
      {
        "state": "QLD",
        "price": "480",
        "price_per_unit": "240",
        "price_unit": "G"
      },
      {
        "state": "WA",
        "price": "480",
        "price_per_unit": "240",
        "price_unit": "G"
      },
      {
        "state": "SA",
        "price": "330",
        "price_per_unit": "165",
        "price_unit": "G"
      },
      {
        "state": "TAS",
        "price": "330",
        "price_per_unit": "165",
        "price_unit": "G"
      },
      {
        "state": "ACT",
        "price": "480",
        "price_per_unit": "240",
        "price_unit": "G"
      },
      {
        "state": "NT",
        "price": "480",
        "price_per_unit": "240",
        "price_unit": "G"
      }
    ]
  },
  {
    "source_url": "https://www.woolworths.com.au/shop/productdetails/92156/masterfoods-dried-italian-herbs",
    "name": "MasterFoods Dried Italian Herbs 10g",
    "image_url": "https://cdn1.woolworths.media/content/wowproductimages/large/092156.jpg",
    "source_id": "Woolworths - 92156",
    "barcode": "93716925",
    "shop": "Woolworths",
    "weight": "10G",
    "prices": [
      {
        "state": "NSW",
        "price": "270",
        "price_per_unit": "270",
        "price_unit": "G"
      },
      {
        "state": "VIC",
        "price": "270",
        "price_per_unit": "270",
        "price_unit": "G"
      },
      {
        "state": "QLD",
        "price": "270",
        "price_per_unit": "270",
        "price_unit": "G"
      },
      {
        "state": "WA",
        "price": "270",
        "price_per_unit": "270",
        "price_unit": "G"
      },
      {
        "state": "SA",
        "price": "330",
        "price_per_unit": "330",
        "price_unit": "G"
      },
      {
        "state": "TAS",
        "price": "330",
        "price_per_unit": "330",
        "price_unit": "G"
      },
      {
        "state": "ACT",
        "price": "270",
        "price_per_unit": "270",
        "price_unit": "G"
      },
      {
        "state": "NT",
        "price": "270",
        "price_per_unit": "270",
        "price_unit": "G"
      }
    ]
  },
  {
    "source_url": "https://www.woolworths.com.au/shop/productdetails/94489/masterfoods-garlic-powder",
    "name": "MasterFoods Garlic Powder 155g",
    "image_url": "https://cdn1.woolworths.media/content/wowproductimages/large/094489.jpg",
    "source_id": "Woolworths - 94489",
    "barcode": "93716857",
    "shop": "Woolworths",
    "weight": "10G",
    "prices": [
      {
        "state": "NSW",
        "price": "650",
        "price_per_unit": "42",
        "price_unit": "G"
      },
      {
        "state": "VIC",
        "price": "650",
        "price_per_unit": "42",
        "price_unit": "G"
      },
      {
        "state": "QLD",
        "price": "650",
        "price_per_unit": "42",
        "price_unit": "G"
      },
      {
        "state": "WA",
        "price": "650",
        "price_per_unit": "42",
        "price_unit": "G"
      },
      {
        "state": "SA",
        "price": "600",
        "price_per_unit": "39",
        "price_unit": "G"
      },
      {
        "state": "TAS",
        "price": "600",
        "price_per_unit": "39",
        "price_unit": "G"
      },
      {
        "state": "ACT",
        "price": "650",
        "price_per_unit": "42",
        "price_unit": "G"
      },
      {
        "state": "NT",
        "price": "650",
        "price_per_unit": "42",
        "price_unit": "G"
      }
    ]
  },
  {
    "source_url": "https://www.woolworths.com.au/shop/productdetails/35388/masterfoods-garlic-powder",
    "name": "MasterFoods Garlic Powder 50g",
    "image_url": "https://cdn1.woolworths.media/content/wowproductimages/large/035388.jpg",
    "source_id": "Woolworths - 35388",
    "barcode": "93716635",
    "shop": "Woolworths",
    "weight": "10G",
    "prices": [
      {
        "state": "NSW",
        "price": "350",
        "price_per_unit": "70",
        "price_unit": "G"
      },
      {
        "state": "VIC",
        "price": "350",
        "price_per_unit": "70",
        "price_unit": "G"
      },
      {
        "state": "QLD",
        "price": "350",
        "price_per_unit": "70",
        "price_unit": "G"
      },
      {
        "state": "WA",
        "price": "350",
        "price_per_unit": "70",
        "price_unit": "G"
      },
      {
        "state": "SA",
        "price": "330",
        "price_per_unit": "66",
        "price_unit": "G"
      },
      {
        "state": "TAS",
        "price": "330",
        "price_per_unit": "66",
        "price_unit": "G"
      },
      {
        "state": "ACT",
        "price": "350",
        "price_per_unit": "70",
        "price_unit": "G"
      },
      {
        "state": "NT",
        "price": "350",
        "price_per_unit": "70",
        "price_unit": "G"
      }
    ]
  },
  {
    "source_url": "https://www.woolworths.com.au/shop/productdetails/32510/masterfoods-ground-cayenne-pepper",
    "name": "MasterFoods Ground Cayenne Pepper 30g",
    "image_url": "https://cdn1.woolworths.media/content/wowproductimages/large/032510.jpg",
    "source_id": "Woolworths - 32510",
    "barcode": "93716543",
    "shop": "Woolworths",
    "weight": "10G",
    "prices": [
      {
        "state": "NSW",
        "price": "420",
        "price_per_unit": "140",
        "price_unit": "G"
      },
      {
        "state": "VIC",
        "price": "420",
        "price_per_unit": "140",
        "price_unit": "G"
      },
      {
        "state": "QLD",
        "price": "420",
        "price_per_unit": "140",
        "price_unit": "G"
      },
      {
        "state": "WA",
        "price": "420",
        "price_per_unit": "140",
        "price_unit": "G"
      },
      {
        "state": "SA",
        "price": "330",
        "price_per_unit": "110",
        "price_unit": "G"
      },
      {
        "state": "TAS",
        "price": "330",
        "price_per_unit": "110",
        "price_unit": "G"
      },
      {
        "state": "ACT",
        "price": "420",
        "price_per_unit": "140",
        "price_unit": "G"
      },
      {
        "state": "NT",
        "price": "420",
        "price_per_unit": "140",
        "price_unit": "G"
      }
    ]
  },
  {
    "source_url": "https://www.woolworths.com.au/shop/productdetails/36353/masterfoods-ground-cinnamon-ground",
    "name": "MasterFoods Ground Cinnamon 28g",
    "image_url": "https://cdn1.woolworths.media/content/wowproductimages/large/036353.jpg",
    "source_id": "Woolworths - 36353",
    "barcode": "93716451",
    "shop": "Woolworths",
    "weight": "10G",
    "prices": [
      {
        "state": "NSW",
        "price": "280",
        "price_per_unit": "100",
        "price_unit": "G"
      },
      {
        "state": "VIC",
        "price": "280",
        "price_per_unit": "100",
        "price_unit": "G"
      },
      {
        "state": "QLD",
        "price": "280",
        "price_per_unit": "100",
        "price_unit": "G"
      },
      {
        "state": "WA",
        "price": "280",
        "price_per_unit": "100",
        "price_unit": "G"
      },
      {
        "state": "SA",
        "price": "330",
        "price_per_unit": "118",
        "price_unit": "G"
      },
      {
        "state": "TAS",
        "price": "330",
        "price_per_unit": "118",
        "price_unit": "G"
      },
      {
        "state": "ACT",
        "price": "280",
        "price_per_unit": "100",
        "price_unit": "G"
      },
      {
        "state": "NT",
        "price": "280",
        "price_per_unit": "100",
        "price_unit": "G"
      }
    ]
  },
  {
    "source_url": "https://www.woolworths.com.au/shop/productdetails/32649/masterfoods-ground-cumin-seeds-cumin-seeds",
    "name": "MasterFoods Ground Cumin Seeds 25g",
    "image_url": "https://cdn1.woolworths.media/content/wowproductimages/large/032649.jpg",
    "source_id": "Woolworths - 32649",
    "barcode": "93716482",
    "shop": "Woolworths",
    "weight": "10G",
    "prices": [
      {
        "state": "NSW",
        "price": "320",
        "price_per_unit": "128",
        "price_unit": "G"
      },
      {
        "state": "VIC",
        "price": "320",
        "price_per_unit": "128",
        "price_unit": "G"
      },
      {
        "state": "QLD",
        "price": "320",
        "price_per_unit": "128",
        "price_unit": "G"
      },
      {
        "state": "WA",
        "price": "320",
        "price_per_unit": "128",
        "price_unit": "G"
      },
      {
        "state": "SA",
        "price": "330",
        "price_per_unit": "132",
        "price_unit": "G"
      },
      {
        "state": "TAS",
        "price": "330",
        "price_per_unit": "132",
        "price_unit": "G"
      },
      {
        "state": "ACT",
        "price": "320",
        "price_per_unit": "128",
        "price_unit": "G"
      },
      {
        "state": "NT",
        "price": "320",
        "price_per_unit": "128",
        "price_unit": "G"
      }
    ]
  },
  {
    "source_url": "https://www.woolworths.com.au/shop/productdetails/32503/masterfoods-ground-ginger",
    "name": "MasterFoods Ground Ginger 25g",
    "image_url": "https://cdn1.woolworths.media/content/wowproductimages/large/032503.jpg",
    "source_id": "Woolworths - 32503",
    "barcode": "93716499",
    "shop": "Woolworths",
    "weight": "10G",
    "prices": [
      {
        "state": "VIC",
        "price": "290",
        "price_per_unit": "116",
        "price_unit": "G"
      },
      {
        "state": "QLD",
        "price": "290",
        "price_per_unit": "116",
        "price_unit": "G"
      },
      {
        "state": "WA",
        "price": "290",
        "price_per_unit": "116",
        "price_unit": "G"
      },
      {
        "state": "SA",
        "price": "330",
        "price_per_unit": "132",
        "price_unit": "G"
      },
      {
        "state": "TAS",
        "price": "330",
        "price_per_unit": "132",
        "price_unit": "G"
      },
      {
        "state": "ACT",
        "price": "290",
        "price_per_unit": "116",
        "price_unit": "G"
      },
      {
        "state": "NT",
        "price": "290",
        "price_per_unit": "116",
        "price_unit": "G"
      }
    ]
  },
  {
    "source_url": "https://www.woolworths.com.au/shop/productdetails/32775/masterfoods-ground-paprika",
    "name": "MasterFoods Ground Paprika 35g",
    "image_url": "https://cdn1.woolworths.media/content/wowproductimages/large/032775.jpg",
    "source_id": "Woolworths - 32775",
    "barcode": "93716536",
    "shop": "Woolworths",
    "weight": "10G",
    "prices": [
      {
        "state": "VIC",
        "price": "290",
        "price_per_unit": "83",
        "price_unit": "G"
      },
      {
        "state": "QLD",
        "price": "290",
        "price_per_unit": "83",
        "price_unit": "G"
      },
      {
        "state": "WA",
        "price": "290",
        "price_per_unit": "83",
        "price_unit": "G"
      },
      {
        "state": "SA",
        "price": "330",
        "price_per_unit": "94",
        "price_unit": "G"
      },
      {
        "state": "TAS",
        "price": "330",
        "price_per_unit": "94",
        "price_unit": "G"
      },
      {
        "state": "ACT",
        "price": "290",
        "price_per_unit": "83",
        "price_unit": "G"
      },
      {
        "state": "NT",
        "price": "290",
        "price_per_unit": "83",
        "price_unit": "G"
      }
    ]
  },
  {
    "source_url": "https://www.woolworths.com.au/shop/productdetails/33982/masterfoods-ground-turmeric-ground",
    "name": "MasterFoods Ground Turmeric 28g",
    "image_url": "https://cdn1.woolworths.media/content/wowproductimages/large/033982.jpg",
    "source_id": "Woolworths - 33982",
    "barcode": "93716611",
    "shop": "Woolworths",
    "weight": "10G",
    "prices": [
      {
        "state": "VIC",
        "price": "280",
        "price_per_unit": "100",
        "price_unit": "G"
      },
      {
        "state": "QLD",
        "price": "280",
        "price_per_unit": "100",
        "price_unit": "G"
      },
      {
        "state": "WA",
        "price": "280",
        "price_per_unit": "100",
        "price_unit": "G"
      },
      {
        "state": "SA",
        "price": "330",
        "price_per_unit": "118",
        "price_unit": "G"
      },
      {
        "state": "TAS",
        "price": "330",
        "price_per_unit": "118",
        "price_unit": "G"
      },
      {
        "state": "ACT",
        "price": "280",
        "price_per_unit": "100",
        "price_unit": "G"
      },
      {
        "state": "NT",
        "price": "280",
        "price_per_unit": "100",
        "price_unit": "G"
      }
    ]
  },
  {
    "source_url": "https://www.woolworths.com.au/shop/productdetails/92159/masterfoods-italian-herb-blend",
    "name": "MasterFoods Italian Herb Blend 30g",
    "image_url": "https://cdn1.woolworths.media/content/wowproductimages/large/092159.jpg",
    "source_id": "Woolworths - 92159",
    "barcode": "93716994",
    "shop": "Woolworths",
    "weight": "10G",
    "prices": [
      {
        "state": "NSW",
        "price": "580",
        "price_per_unit": "193",
        "price_unit": "G"
      },
      {
        "state": "VIC",
        "price": "580",
        "price_per_unit": "193",
        "price_unit": "G"
      },
      {
        "state": "QLD",
        "price": "580",
        "price_per_unit": "193",
        "price_unit": "G"
      },
      {
        "state": "WA",
        "price": "580",
        "price_per_unit": "193",
        "price_unit": "G"
      },
      {
        "state": "SA",
        "price": "580",
        "price_per_unit": "193",
        "price_unit": "G"
      },
      {
        "state": "TAS",
        "price": "580",
        "price_per_unit": "193",
        "price_unit": "G"
      },
      {
        "state": "ACT",
        "price": "580",
        "price_per_unit": "193",
        "price_unit": "G"
      },
      {
        "state": "NT",
        "price": "580",
        "price_per_unit": "193",
        "price_unit": "G"
      }
    ]
  },
  {
    "source_url": "https://www.woolworths.com.au/shop/productdetails/342450/masterfoods-large-all-purpose-seasoning-all-purpose",
    "name": "MasterFoods Large All Purpose Seasoning 200g",
    "image_url": "https://cdn1.woolworths.media/content/wowproductimages/large/342450.jpg",
    "source_id": "Woolworths - 342450",
    "barcode": "9310012035503",
    "shop": "Woolworths",
    "weight": "10G",
    "prices": [
      {
        "state": "NSW",
        "price": "650",
        "price_per_unit": "33",
        "price_unit": "G"
      },
      {
        "state": "VIC",
        "price": "650",
        "price_per_unit": "33",
        "price_unit": "G"
      },
      {
        "state": "QLD",
        "price": "650",
        "price_per_unit": "33",
        "price_unit": "G"
      },
      {
        "state": "WA",
        "price": "650",
        "price_per_unit": "33",
        "price_unit": "G"
      },
      {
        "state": "SA",
        "price": "650",
        "price_per_unit": "33",
        "price_unit": "G"
      },
      {
        "state": "TAS",
        "price": "650",
        "price_per_unit": "33",
        "price_unit": "G"
      },
      {
        "state": "ACT",
        "price": "650",
        "price_per_unit": "33",
        "price_unit": "G"
      },
      {
        "state": "NT",
        "price": "650",
        "price_per_unit": "33",
        "price_unit": "G"
      }
    ]
  },
  {
    "source_url": "https://www.woolworths.com.au/shop/productdetails/355479/masterfoods-lemon-herb-garlic-seasoning",
    "name": "MasterFoods Lemon Herb & Garlic Seasoning 46g",
    "image_url": "https://cdn1.woolworths.media/content/wowproductimages/large/355479.jpg",
    "source_id": "Woolworths - 355479",
    "barcode": "9310012036111",
    "shop": "Woolworths",
    "weight": "10G",
    "prices": [
      {
        "state": "NSW",
        "price": "350",
        "price_per_unit": "76",
        "price_unit": "G"
      },
      {
        "state": "VIC",
        "price": "350",
        "price_per_unit": "76",
        "price_unit": "G"
      },
      {
        "state": "QLD",
        "price": "350",
        "price_per_unit": "76",
        "price_unit": "G"
      },
      {
        "state": "WA",
        "price": "350",
        "price_per_unit": "76",
        "price_unit": "G"
      },
      {
        "state": "SA",
        "price": "370",
        "price_per_unit": "80",
        "price_unit": "G"
      },
      {
        "state": "TAS",
        "price": "370",
        "price_per_unit": "80",
        "price_unit": "G"
      },
      {
        "state": "ACT",
        "price": "350",
        "price_per_unit": "76",
        "price_unit": "G"
      },
      {
        "state": "NT",
        "price": "350",
        "price_per_unit": "76",
        "price_unit": "G"
      }
    ]
  },
  {
    "source_url": "https://www.woolworths.com.au/shop/productdetails/35205/masterfoods-lemon-pepper-seasoning",
    "name": "MasterFoods Lemon Pepper Seasoning 52g",
    "image_url": "https://cdn1.woolworths.media/content/wowproductimages/large/035205.jpg",
    "source_id": "Woolworths - 35205",
    "barcode": "93716680",
    "shop": "Woolworths",
    "weight": "10G",
    "prices": [
      {
        "state": "NSW",
        "price": "400",
        "price_per_unit": "77",
        "price_unit": "G"
      },
      {
        "state": "VIC",
        "price": "400",
        "price_per_unit": "77",
        "price_unit": "G"
      },
      {
        "state": "QLD",
        "price": "400",
        "price_per_unit": "77",
        "price_unit": "G"
      },
      {
        "state": "WA",
        "price": "400",
        "price_per_unit": "77",
        "price_unit": "G"
      },
      {
        "state": "SA",
        "price": "370",
        "price_per_unit": "71",
        "price_unit": "G"
      },
      {
        "state": "TAS",
        "price": "370",
        "price_per_unit": "71",
        "price_unit": "G"
      },
      {
        "state": "ACT",
        "price": "400",
        "price_per_unit": "77",
        "price_unit": "G"
      },
      null
    ]
  },
  {
    "source_url": "https://www.woolworths.com.au/shop/productdetails/35389/masterfoods-onion-powder",
    "name": "MasterFoods Onion Powder 40g",
    "image_url": "https://cdn1.woolworths.media/content/wowproductimages/large/035389.jpg",
    "source_id": "Woolworths - 35389",
    "barcode": "93716642",
    "shop": "Woolworths",
    "weight": "10G",
    "prices": [
      {
        "state": "NSW",
        "price": "370",
        "price_per_unit": "93",
        "price_unit": "G"
      },
      {
        "state": "VIC",
        "price": "370",
        "price_per_unit": "93",
        "price_unit": "G"
      },
      {
        "state": "QLD",
        "price": "370",
        "price_per_unit": "93",
        "price_unit": "G"
      },
      {
        "state": "WA",
        "price": "370",
        "price_per_unit": "93",
        "price_unit": "G"
      },
      {
        "state": "SA",
        "price": "330",
        "price_per_unit": "83",
        "price_unit": "G"
      },
      {
        "state": "TAS",
        "price": "330",
        "price_per_unit": "83",
        "price_unit": "G"
      },
      {
        "state": "ACT",
        "price": "370",
        "price_per_unit": "93",
        "price_unit": "G"
      },
      {
        "state": "NT",
        "price": "370",
        "price_per_unit": "93",
        "price_unit": "G"
      }
    ]
  },
  {
    "source_url": "https://www.woolworths.com.au/shop/productdetails/35398/masterfoods-oregano-leaves",
    "name": "MasterFoods Oregano Leaves 5g",
    "image_url": "https://cdn1.woolworths.media/content/wowproductimages/large/035398.jpg",
    "source_id": "Woolworths - 35398",
    "barcode": "93716123",
    "shop": "Woolworths",
    "weight": "10G",
    "prices": [
      {
        "state": "NSW",
        "price": "260",
        "price_per_unit": "520",
        "price_unit": "G"
      },
      {
        "state": "VIC",
        "price": "260",
        "price_per_unit": "520",
        "price_unit": "G"
      },
      {
        "state": "QLD",
        "price": "260",
        "price_per_unit": "520",
        "price_unit": "G"
      },
      {
        "state": "WA",
        "price": "260",
        "price_per_unit": "520",
        "price_unit": "G"
      },
      {
        "state": "SA",
        "price": "330",
        "price_per_unit": "660",
        "price_unit": "G"
      },
      {
        "state": "TAS",
        "price": "330",
        "price_per_unit": "660",
        "price_unit": "G"
      },
      {
        "state": "ACT",
        "price": "260",
        "price_per_unit": "520",
        "price_unit": "G"
      },
      {
        "state": "NT",
        "price": "260",
        "price_per_unit": "520",
        "price_unit": "G"
      }
    ]
  },
  {
    "source_url": "https://www.woolworths.com.au/shop/productdetails/1075557222/masterfoods-piri-piri-seasoning-spice-hot-500g-bottle",
    "name": "Masterfoods Piri Piri Seasoning Spice Hot 500g Bottle",
    "image_url": "https://cdn1.woolworths.media/content/wowproductimages/large/1075557222.jpg",
    "source_id": "Woolworths - 1075557222",
    "barcode": null,
    "shop": "Woolworths",
    "weight": "1EA",
    "prices": [
      {
        "state": "NSW",
        "price": "5000",
        "price_per_unit": "5000",
        "price_unit": "EA"
      },
      {
        "state": "VIC",
        "price": "5000",
        "price_per_unit": "5000",
        "price_unit": "EA"
      },
      {
        "state": "QLD",
        "price": "5000",
        "price_per_unit": "5000",
        "price_unit": "EA"
      },
      {
        "state": "WA",
        "price": "5000",
        "price_per_unit": "5000",
        "price_unit": "EA"
      },
      {
        "state": "SA",
        "price": "5000",
        "price_per_unit": "5000",
        "price_unit": "EA"
      },
      {
        "state": "TAS",
        "price": "5000",
        "price_per_unit": "5000",
        "price_unit": "EA"
      },
      {
        "state": "ACT",
        "price": "5000",
        "price_per_unit": "5000",
        "price_unit": "EA"
      },
      {
        "state": "NT",
        "price": "5000",
        "price_per_unit": "5000",
        "price_unit": "EA"
      }
    ]
  },
  {
    "source_url": "https://www.woolworths.com.au/shop/productdetails/210007/masterfoods-portuguese-chicken-seasoning",
    "name": "MasterFoods Portuguese Chicken Seasoning 50g",
    "image_url": "https://cdn1.woolworths.media/content/wowproductimages/large/210007.jpg",
    "source_id": "Woolworths - 210007",
    "barcode": "9310012029847",
    "shop": "Woolworths",
    "weight": "10G",
    "prices": [
      {
        "state": "NSW",
        "price": "430",
        "price_per_unit": "86",
        "price_unit": "G"
      },
      {
        "state": "VIC",
        "price": "430",
        "price_per_unit": "86",
        "price_unit": "G"
      },
      {
        "state": "QLD",
        "price": "430",
        "price_per_unit": "86",
        "price_unit": "G"
      },
      {
        "state": "WA",
        "price": "430",
        "price_per_unit": "86",
        "price_unit": "G"
      },
      {
        "state": "SA",
        "price": "450",
        "price_per_unit": "90",
        "price_unit": "G"
      },
      {
        "state": "TAS",
        "price": "450",
        "price_per_unit": "90",
        "price_unit": "G"
      },
      {
        "state": "ACT",
        "price": "430",
        "price_per_unit": "86",
        "price_unit": "G"
      },
      {
        "state": "NT",
        "price": "430",
        "price_per_unit": "86",
        "price_unit": "G"
      }
    ]
  },
  {
    "source_url": "https://www.woolworths.com.au/shop/productdetails/170748/masterfoods-pure-saffron",
    "name": "MasterFoods Pure Saffron 250mg",
    "image_url": "https://cdn1.woolworths.media/content/wowproductimages/large/170748.jpg",
    "source_id": "Woolworths - 170748",
    "barcode": "9310012060017",
    "shop": "Woolworths",
    "weight": "10G",
    "prices": [
      {
        "state": "NSW",
        "price": "1490",
        "price_per_unit": "59600",
        "price_unit": "G"
      },
      {
        "state": "VIC",
        "price": "1490",
        "price_per_unit": "59600",
        "price_unit": "G"
      },
      {
        "state": "QLD",
        "price": "1490",
        "price_per_unit": "59600",
        "price_unit": "G"
      },
      {
        "state": "WA",
        "price": "1490",
        "price_per_unit": "59600",
        "price_unit": "G"
      },
      {
        "state": "SA",
        "price": "1490",
        "price_per_unit": "59600",
        "price_unit": "G"
      },
      {
        "state": "TAS",
        "price": "1490",
        "price_per_unit": "59600",
        "price_unit": "G"
      },
      {
        "state": "ACT",
        "price": "1490",
        "price_per_unit": "59600",
        "price_unit": "G"
      },
      {
        "state": "NT",
        "price": "1490",
        "price_per_unit": "59600",
        "price_unit": "G"
      }
    ]
  },
  {
    "source_url": "https://www.woolworths.com.au/shop/productdetails/209978/masterfoods-roast-vegetable-seasoning",
    "name": "MasterFoods Roast Vegetable Seasoning 38g",
    "image_url": "https://cdn1.woolworths.media/content/wowproductimages/large/209978.jpg",
    "source_id": "Woolworths - 209978",
    "barcode": "9310012029854",
    "shop": "Woolworths",
    "weight": "10G",
    "prices": [
      {
        "state": "NSW",
        "price": "400",
        "price_per_unit": "105",
        "price_unit": "G"
      },
      {
        "state": "VIC",
        "price": "400",
        "price_per_unit": "105",
        "price_unit": "G"
      },
      {
        "state": "QLD",
        "price": "400",
        "price_per_unit": "105",
        "price_unit": "G"
      },
      {
        "state": "WA",
        "price": "400",
        "price_per_unit": "105",
        "price_unit": "G"
      },
      {
        "state": "SA",
        "price": "400",
        "price_per_unit": "105",
        "price_unit": "G"
      },
      {
        "state": "TAS",
        "price": "400",
        "price_per_unit": "105",
        "price_unit": "G"
      },
      {
        "state": "ACT",
        "price": "400",
        "price_per_unit": "105",
        "price_unit": "G"
      },
      {
        "state": "NT",
        "price": "400",
        "price_per_unit": "105",
        "price_unit": "G"
      }
    ]
  },
  {
    "source_url": "https://www.woolworths.com.au/shop/productdetails/35946/masterfoods-sesame-seeds",
    "name": "MasterFoods Sesame Seeds 37g",
    "image_url": "https://cdn1.woolworths.media/content/wowproductimages/large/035946.jpg",
    "source_id": "Woolworths - 35946",
    "barcode": "93716604",
    "shop": "Woolworths",
    "weight": "10G",
    "prices": [
      {
        "state": "NSW",
        "price": "315",
        "price_per_unit": "85",
        "price_unit": "G"
      },
      {
        "state": "VIC",
        "price": "315",
        "price_per_unit": "85",
        "price_unit": "G"
      },
      {
        "state": "QLD",
        "price": "315",
        "price_per_unit": "85",
        "price_unit": "G"
      },
      {
        "state": "WA",
        "price": "315",
        "price_per_unit": "85",
        "price_unit": "G"
      },
      {
        "state": "SA",
        "price": "330",
        "price_per_unit": "89",
        "price_unit": "G"
      },
      {
        "state": "TAS",
        "price": "330",
        "price_per_unit": "89",
        "price_unit": "G"
      },
      {
        "state": "ACT",
        "price": "315",
        "price_per_unit": "85",
        "price_unit": "G"
      },
      {
        "state": "NT",
        "price": "315",
        "price_per_unit": "85",
        "price_unit": "G"
      }
    ]
  },
  {
    "source_url": "https://www.woolworths.com.au/shop/productdetails/580620/masterfoods-smoked-paprika",
    "name": "MasterFoods Smoked Paprika 35g",
    "image_url": "https://cdn1.woolworths.media/content/wowproductimages/large/580620.jpg",
    "source_id": "Woolworths - 580620",
    "barcode": "9310012049234",
    "shop": "Woolworths",
    "weight": "10G",
    "prices": [
      {
        "state": "NSW",
        "price": "350",
        "price_per_unit": "100",
        "price_unit": "G"
      },
      {
        "state": "VIC",
        "price": "350",
        "price_per_unit": "100",
        "price_unit": "G"
      },
      {
        "state": "QLD",
        "price": "350",
        "price_per_unit": "100",
        "price_unit": "G"
      },
      {
        "state": "WA",
        "price": "350",
        "price_per_unit": "100",
        "price_unit": "G"
      },
      {
        "state": "SA",
        "price": "330",
        "price_per_unit": "94",
        "price_unit": "G"
      },
      {
        "state": "TAS",
        "price": "330",
        "price_per_unit": "94",
        "price_unit": "G"
      },
      {
        "state": "ACT",
        "price": "350",
        "price_per_unit": "100",
        "price_unit": "G"
      },
      {
        "state": "NT",
        "price": "350",
        "price_per_unit": "100",
        "price_unit": "G"
      }
    ]
  },
  {
    "source_url": "https://www.woolworths.com.au/shop/productdetails/92153/masterfoods-steak-seasoning",
    "name": "MasterFoods Steak Seasoning 45g",
    "image_url": "https://cdn1.woolworths.media/content/wowproductimages/large/092153.jpg",
    "source_id": "Woolworths - 92153",
    "barcode": "93716918",
    "shop": "Woolworths",
    "weight": "10G",
    "prices": [
      {
        "state": "NSW",
        "price": "400",
        "price_per_unit": "89",
        "price_unit": "G"
      },
      {
        "state": "VIC",
        "price": "400",
        "price_per_unit": "89",
        "price_unit": "G"
      },
      {
        "state": "QLD",
        "price": "400",
        "price_per_unit": "89",
        "price_unit": "G"
      },
      {
        "state": "WA",
        "price": "400",
        "price_per_unit": "89",
        "price_unit": "G"
      },
      {
        "state": "SA",
        "price": "370",
        "price_per_unit": "82",
        "price_unit": "G"
      },
      {
        "state": "TAS",
        "price": "370",
        "price_per_unit": "82",
        "price_unit": "G"
      },
      {
        "state": "ACT",
        "price": "400",
        "price_per_unit": "89",
        "price_unit": "G"
      },
      {
        "state": "NT",
        "price": "400",
        "price_per_unit": "89",
        "price_unit": "G"
      }
    ]
  },
  {
    "source_url": "https://www.woolworths.com.au/shop/productdetails/894209/masterfoods-taco-spice-blend-mild",
    "name": "Masterfoods Taco Spice Blend Mild 143g",
    "image_url": "https://cdn1.woolworths.media/content/wowproductimages/large/894209.jpg",
    "source_id": "Woolworths - 894209",
    "barcode": "9310012047179",
    "shop": "Woolworths",
    "weight": "10G",
    "prices": [
      {
        "state": "NSW",
        "price": "700",
        "price_per_unit": "49",
        "price_unit": "G"
      },
      {
        "state": "VIC",
        "price": "700",
        "price_per_unit": "49",
        "price_unit": "G"
      },
      {
        "state": "QLD",
        "price": "700",
        "price_per_unit": "49",
        "price_unit": "G"
      },
      {
        "state": "WA",
        "price": "700",
        "price_per_unit": "49",
        "price_unit": "G"
      },
      {
        "state": "SA",
        "price": "730",
        "price_per_unit": "51",
        "price_unit": "G"
      },
      {
        "state": "TAS",
        "price": "730",
        "price_per_unit": "51",
        "price_unit": "G"
      },
      {
        "state": "ACT",
        "price": "700",
        "price_per_unit": "49",
        "price_unit": "G"
      },
      {
        "state": "NT",
        "price": "700",
        "price_per_unit": "49",
        "price_unit": "G"
      }
    ]
  },
  {
    "source_url": "https://www.woolworths.com.au/shop/productdetails/35399/masterfoods-thyme-leaves",
    "name": "MasterFoods Thyme Leaves 10g",
    "image_url": "https://cdn1.woolworths.media/content/wowproductimages/large/035399.jpg",
    "source_id": "Woolworths - 35399",
    "barcode": "93716130",
    "shop": "Woolworths",
    "weight": "10G",
    "prices": [
      {
        "state": "NSW",
        "price": "270",
        "price_per_unit": "270",
        "price_unit": "G"
      },
      {
        "state": "VIC",
        "price": "270",
        "price_per_unit": "270",
        "price_unit": "G"
      },
      {
        "state": "QLD",
        "price": "270",
        "price_per_unit": "270",
        "price_unit": "G"
      },
      {
        "state": "WA",
        "price": "270",
        "price_per_unit": "270",
        "price_unit": "G"
      },
      {
        "state": "SA",
        "price": "330",
        "price_per_unit": "330",
        "price_unit": "G"
      },
      {
        "state": "TAS",
        "price": "330",
        "price_per_unit": "330",
        "price_unit": "G"
      },
      {
        "state": "ACT",
        "price": "270",
        "price_per_unit": "270",
        "price_unit": "G"
      },
      {
        "state": "NT",
        "price": "270",
        "price_per_unit": "270",
        "price_unit": "G"
      }
    ]
  },
  {
    "source_url": "https://www.woolworths.com.au/shop/productdetails/507605/mccormick-grill-mates-garlic-crushed-herbs-with-salt-pepper",
    "name": "McCormick Grill Mates Garlic & Crushed Herbs With Salt & Pepper 155g",
    "image_url": "https://cdn1.woolworths.media/content/wowproductimages/large/507605.jpg",
    "source_id": "Woolworths - 507605",
    "barcode": "52100051109",
    "shop": "Woolworths",
    "weight": "100G",
    "prices": [
      {
        "state": "NSW",
        "price": "700",
        "price_per_unit": "452",
        "price_unit": "G"
      },
      {
        "state": "VIC",
        "price": "700",
        "price_per_unit": "452",
        "price_unit": "G"
      },
      {
        "state": "QLD",
        "price": "700",
        "price_per_unit": "452",
        "price_unit": "G"
      },
      {
        "state": "WA",
        "price": "700",
        "price_per_unit": "452",
        "price_unit": "G"
      },
      {
        "state": "SA",
        "price": "700",
        "price_per_unit": "452",
        "price_unit": "G"
      },
      {
        "state": "TAS",
        "price": "550",
        "price_per_unit": "355",
        "price_unit": "G"
      },
      {
        "state": "ACT",
        "price": "550",
        "price_per_unit": "355",
        "price_unit": "G"
      },
      {
        "state": "NT",
        "price": "550",
        "price_per_unit": "355",
        "price_unit": "G"
      }
    ]
  },
  {
    "source_url": "https://www.woolworths.com.au/shop/productdetails/320994/mckenzie-s-pepper-black-whole",
    "name": "McKenzie's Pepper Black Whole 200g",
    "image_url": "https://cdn1.woolworths.media/content/wowproductimages/large/320994.jpg",
    "source_id": "Woolworths - 320994",
    "barcode": "9310061967206",
    "shop": "Woolworths",
    "weight": "10G",
    "prices": [
      {
        "state": "NSW",
        "price": "595",
        "price_per_unit": "30",
        "price_unit": "G"
      },
      {
        "state": "VIC",
        "price": "595",
        "price_per_unit": "30",
        "price_unit": "G"
      },
      {
        "state": "QLD",
        "price": "595",
        "price_per_unit": "30",
        "price_unit": "G"
      },
      {
        "state": "WA",
        "price": "595",
        "price_per_unit": "30",
        "price_unit": "G"
      },
      {
        "state": "SA",
        "price": "595",
        "price_per_unit": "30",
        "price_unit": "G"
      },
      {
        "state": "TAS",
        "price": "550",
        "price_per_unit": "28",
        "price_unit": "G"
      },
      {
        "state": "ACT",
        "price": "550",
        "price_per_unit": "28",
        "price_unit": "G"
      },
      {
        "state": "NT",
        "price": "550",
        "price_per_unit": "28",
        "price_unit": "G"
      }
    ]
  },
  {
    "source_url": "https://www.woolworths.com.au/shop/productdetails/68742/mingle-butter-chicken-recipe-base",
    "name": "Mingle Butter Chicken Recipe Base 30g",
    "image_url": "https://cdn1.woolworths.media/content/wowproductimages/large/068742.jpg",
    "source_id": "Woolworths - 68742",
    "barcode": "9350465003025",
    "shop": "Woolworths",
    "weight": "10G",
    "prices": [
      {
        "state": "NSW",
        "price": "195",
        "price_per_unit": "65",
        "price_unit": "G"
      },
      {
        "state": "VIC",
        "price": "195",
        "price_per_unit": "65",
        "price_unit": "G"
      },
      {
        "state": "QLD",
        "price": "195",
        "price_per_unit": "65",
        "price_unit": "G"
      },
      {
        "state": "WA",
        "price": "195",
        "price_per_unit": "65",
        "price_unit": "G"
      },
      {
        "state": "TAS",
        "price": "260",
        "price_per_unit": "87",
        "price_unit": "G"
      },
      {
        "state": "ACT",
        "price": "260",
        "price_per_unit": "87",
        "price_unit": "G"
      },
      {
        "state": "NT",
        "price": "260",
        "price_per_unit": "87",
        "price_unit": "G"
      }
    ]
  },
  {
    "source_url": "https://www.woolworths.com.au/shop/productdetails/1075479066/mingle-seasoning-all-purpose-120g",
    "name": "Mingle Seasoning All Purpose 120g",
    "image_url": "https://cdn1.woolworths.media/content/wowproductimages/large/1075479066.jpg",
    "source_id": "Woolworths - 1075479066",
    "barcode": null,
    "shop": "Woolworths",
    "weight": "10G",
    "prices": [
      {
        "state": "NSW",
        "price": "1395",
        "price_per_unit": "116",
        "price_unit": "G"
      },
      {
        "state": "VIC",
        "price": "1395",
        "price_per_unit": "116",
        "price_unit": "G"
      },
      {
        "state": "QLD",
        "price": "1395",
        "price_per_unit": "116",
        "price_unit": "G"
      },
      {
        "state": "WA",
        "price": "1395",
        "price_per_unit": "116",
        "price_unit": "G"
      },
      {
        "state": "SA",
        "price": "1395",
        "price_per_unit": "116",
        "price_unit": "G"
      },
      {
        "state": "TAS",
        "price": "1395",
        "price_per_unit": "116",
        "price_unit": "G"
      },
      {
        "state": "ACT",
        "price": "1395",
        "price_per_unit": "116",
        "price_unit": "G"
      },
      {
        "state": "NT",
        "price": "1395",
        "price_per_unit": "116",
        "price_unit": "G"
      }
    ]
  },
  {
    "source_url": "https://www.woolworths.com.au/shop/productdetails/1075480875/mingle-seasoning-bbq-lovers-120g",
    "name": "Mingle Seasoning Bbq Lovers 120g",
    "image_url": "https://cdn1.woolworths.media/content/wowproductimages/large/1075480875.jpg",
    "source_id": "Woolworths - 1075480875",
    "barcode": null,
    "shop": "Woolworths",
    "weight": "10G",
    "prices": [
      {
        "state": "NSW",
        "price": "1116",
        "price_per_unit": "93",
        "price_unit": "G"
      },
      {
        "state": "VIC",
        "price": "1116",
        "price_per_unit": "93",
        "price_unit": "G"
      },
      {
        "state": "QLD",
        "price": "1116",
        "price_per_unit": "93",
        "price_unit": "G"
      },
      {
        "state": "WA",
        "price": "1116",
        "price_per_unit": "93",
        "price_unit": "G"
      },
      {
        "state": "SA",
        "price": "1116",
        "price_per_unit": "93",
        "price_unit": "G"
      },
      {
        "state": "TAS",
        "price": "1116",
        "price_per_unit": "93",
        "price_unit": "G"
      },
      {
        "state": "ACT",
        "price": "1116",
        "price_per_unit": "93",
        "price_unit": "G"
      },
      {
        "state": "NT",
        "price": "1116",
        "price_per_unit": "93",
        "price_unit": "G"
      }
    ]
  },
  {
    "source_url": "https://www.woolworths.com.au/shop/productdetails/1075478733/mingle-seasoning-citrus-pepper-130g",
    "name": "Mingle Seasoning Citrus Pepper 130g",
    "image_url": "https://cdn1.woolworths.media/content/wowproductimages/large/1075478733.jpg",
    "source_id": "Woolworths - 1075478733",
    "barcode": null,
    "shop": "Woolworths",
    "weight": "10G",
    "prices": [
      {
        "state": "NSW",
        "price": "1116",
        "price_per_unit": "86",
        "price_unit": "G"
      },
      {
        "state": "VIC",
        "price": "1116",
        "price_per_unit": "86",
        "price_unit": "G"
      },
      {
        "state": "QLD",
        "price": "1116",
        "price_per_unit": "86",
        "price_unit": "G"
      },
      {
        "state": "WA",
        "price": "1116",
        "price_per_unit": "86",
        "price_unit": "G"
      },
      {
        "state": "SA",
        "price": "1116",
        "price_per_unit": "86",
        "price_unit": "G"
      },
      {
        "state": "TAS",
        "price": "1116",
        "price_per_unit": "86",
        "price_unit": "G"
      },
      {
        "state": "ACT",
        "price": "1116",
        "price_per_unit": "86",
        "price_unit": "G"
      },
      {
        "state": "NT",
        "price": "1116",
        "price_per_unit": "86",
        "price_unit": "G"
      }
    ]
  },
  {
    "source_url": "https://www.woolworths.com.au/shop/productdetails/1075478456/mingle-seasoning-dill-garlic-ranch-120g",
    "name": "Mingle Seasoning Dill & Garlic Ranch 120g",
    "image_url": "https://cdn1.woolworths.media/content/wowproductimages/large/1075478456.jpg",
    "source_id": "Woolworths - 1075478456",
    "barcode": null,
    "shop": "Woolworths",
    "weight": "10G",
    "prices": [
      {
        "state": "NSW",
        "price": "1395",
        "price_per_unit": "116",
        "price_unit": "G"
      },
      {
        "state": "VIC",
        "price": "1395",
        "price_per_unit": "116",
        "price_unit": "G"
      },
      {
        "state": "QLD",
        "price": "1395",
        "price_per_unit": "116",
        "price_unit": "G"
      },
      {
        "state": "WA",
        "price": "1395",
        "price_per_unit": "116",
        "price_unit": "G"
      },
      {
        "state": "SA",
        "price": "1395",
        "price_per_unit": "116",
        "price_unit": "G"
      },
      {
        "state": "TAS",
        "price": "1395",
        "price_per_unit": "116",
        "price_unit": "G"
      },
      {
        "state": "ACT",
        "price": "1395",
        "price_per_unit": "116",
        "price_unit": "G"
      },
      {
        "state": "NT",
        "price": "1395",
        "price_per_unit": "116",
        "price_unit": "G"
      }
    ]
  },
  {
    "source_url": "https://www.woolworths.com.au/shop/productdetails/1075480715/mingle-seasoning-garlic-herb-130g",
    "name": "Mingle Seasoning Garlic & Herb 130g",
    "image_url": "https://cdn1.woolworths.media/content/wowproductimages/large/1075480715.jpg",
    "source_id": "Woolworths - 1075480715",
    "barcode": null,
    "shop": "Woolworths",
    "weight": "100G",
    "prices": [
      {
        "state": "NSW",
        "price": "1116",
        "price_per_unit": "858",
        "price_unit": "G"
      },
      {
        "state": "VIC",
        "price": "1116",
        "price_per_unit": "858",
        "price_unit": "G"
      },
      {
        "state": "QLD",
        "price": "1116",
        "price_per_unit": "858",
        "price_unit": "G"
      },
      {
        "state": "WA",
        "price": "1116",
        "price_per_unit": "858",
        "price_unit": "G"
      },
      {
        "state": "SA",
        "price": "1116",
        "price_per_unit": "858",
        "price_unit": "G"
      },
      {
        "state": "TAS",
        "price": "1116",
        "price_per_unit": "858",
        "price_unit": "G"
      },
      {
        "state": "ACT",
        "price": "1116",
        "price_per_unit": "858",
        "price_unit": "G"
      },
      {
        "state": "NT",
        "price": "1116",
        "price_per_unit": "858",
        "price_unit": "G"
      }
    ]
  },
  {
    "source_url": "https://www.woolworths.com.au/shop/productdetails/1075477867/mingle-seasoning-greek-garlic-lovers-120g",
    "name": "Mingle Seasoning Greek Garlic Lovers 120g",
    "image_url": "https://cdn1.woolworths.media/content/wowproductimages/large/1075477867.jpg",
    "source_id": "Woolworths - 1075477867",
    "barcode": null,
    "shop": "Woolworths",
    "weight": "10G",
    "prices": [
      {
        "state": "NSW",
        "price": "1116",
        "price_per_unit": "93",
        "price_unit": "G"
      },
      {
        "state": "VIC",
        "price": "1116",
        "price_per_unit": "93",
        "price_unit": "G"
      },
      {
        "state": "QLD",
        "price": "1116",
        "price_per_unit": "93",
        "price_unit": "G"
      },
      {
        "state": "WA",
        "price": "1116",
        "price_per_unit": "93",
        "price_unit": "G"
      },
      {
        "state": "SA",
        "price": "1116",
        "price_per_unit": "93",
        "price_unit": "G"
      },
      {
        "state": "TAS",
        "price": "1116",
        "price_per_unit": "93",
        "price_unit": "G"
      },
      {
        "state": "ACT",
        "price": "1116",
        "price_per_unit": "93",
        "price_unit": "G"
      },
      {
        "state": "NT",
        "price": "1116",
        "price_per_unit": "93",
        "price_unit": "G"
      }
    ]
  },
  {
    "source_url": "https://www.woolworths.com.au/shop/productdetails/1075478821/mingle-seasoning-holy-moly-not-just-for-guacamole-120g",
    "name": "Mingle Seasoning Holy Moly Not Just For Guacamole 120g",
    "image_url": "https://cdn1.woolworths.media/content/wowproductimages/large/1075478821.jpg",
    "source_id": "Woolworths - 1075478821",
    "barcode": null,
    "shop": "Woolworths",
    "weight": "10G",
    "prices": [
      {
        "state": "NSW",
        "price": "1116",
        "price_per_unit": "93",
        "price_unit": "G"
      },
      {
        "state": "VIC",
        "price": "1116",
        "price_per_unit": "93",
        "price_unit": "G"
      },
      {
        "state": "QLD",
        "price": "1116",
        "price_per_unit": "93",
        "price_unit": "G"
      },
      {
        "state": "WA",
        "price": "1116",
        "price_per_unit": "93",
        "price_unit": "G"
      },
      {
        "state": "SA",
        "price": "1116",
        "price_per_unit": "93",
        "price_unit": "G"
      },
      {
        "state": "TAS",
        "price": "1116",
        "price_per_unit": "93",
        "price_unit": "G"
      },
      {
        "state": "ACT",
        "price": "1116",
        "price_per_unit": "93",
        "price_unit": "G"
      },
      {
        "state": "NT",
        "price": "1116",
        "price_per_unit": "93",
        "price_unit": "G"
      }
    ]
  },
  {
    "source_url": "https://www.woolworths.com.au/shop/productdetails/1075478294/mingle-seasoning-moroccan-seasoning-120g",
    "name": "Mingle Seasoning Moroccan Seasoning 120g",
    "image_url": "https://cdn1.woolworths.media/content/wowproductimages/large/1075478294.jpg",
    "source_id": "Woolworths - 1075478294",
    "barcode": null,
    "shop": "Woolworths",
    "weight": "10G",
    "prices": [
      {
        "state": "NSW",
        "price": "1395",
        "price_per_unit": "116",
        "price_unit": "G"
      },
      {
        "state": "VIC",
        "price": "1395",
        "price_per_unit": "116",
        "price_unit": "G"
      },
      {
        "state": "QLD",
        "price": "1395",
        "price_per_unit": "116",
        "price_unit": "G"
      },
      {
        "state": "WA",
        "price": "1395",
        "price_per_unit": "116",
        "price_unit": "G"
      },
      {
        "state": "SA",
        "price": "1395",
        "price_per_unit": "116",
        "price_unit": "G"
      },
      {
        "state": "TAS",
        "price": "1395",
        "price_per_unit": "116",
        "price_unit": "G"
      },
      {
        "state": "ACT",
        "price": "1395",
        "price_per_unit": "116",
        "price_unit": "G"
      },
      {
        "state": "NT",
        "price": "1395",
        "price_per_unit": "116",
        "price_unit": "G"
      }
    ]
  },
  {
    "source_url": "https://www.woolworths.com.au/shop/productdetails/1075478887/mingle-seasoning-pizza-pizzaz-100g",
    "name": "Mingle Seasoning Pizza Pizzaz 100g",
    "image_url": "https://cdn1.woolworths.media/content/wowproductimages/large/1075478887.jpg",
    "source_id": "Woolworths - 1075478887",
    "barcode": null,
    "shop": "Woolworths",
    "weight": "100G",
    "prices": [
      {
        "state": "NSW",
        "price": "1116",
        "price_per_unit": "1116",
        "price_unit": "G"
      },
      {
        "state": "VIC",
        "price": "1116",
        "price_per_unit": "1116",
        "price_unit": "G"
      },
      {
        "state": "QLD",
        "price": "1116",
        "price_per_unit": "1116",
        "price_unit": "G"
      },
      {
        "state": "WA",
        "price": "1116",
        "price_per_unit": "1116",
        "price_unit": "G"
      },
      {
        "state": "SA",
        "price": "1116",
        "price_per_unit": "1116",
        "price_unit": "G"
      },
      {
        "state": "TAS",
        "price": "1116",
        "price_per_unit": "1116",
        "price_unit": "G"
      },
      {
        "state": "ACT",
        "price": "1116",
        "price_per_unit": "1116",
        "price_unit": "G"
      },
      {
        "state": "NT",
        "price": "1116",
        "price_per_unit": "1116",
        "price_unit": "G"
      }
    ]
  },
  {
    "source_url": "https://www.woolworths.com.au/shop/productdetails/1075479871/mingle-seasoning-spicy-mexican-130g",
    "name": "Mingle Seasoning Spicy Mexican 130g",
    "image_url": "https://cdn1.woolworths.media/content/wowproductimages/large/1075479871.jpg",
    "source_id": "Woolworths - 1075479871",
    "barcode": null,
    "shop": "Woolworths",
    "weight": "10G",
    "prices": [
      {
        "state": "NSW",
        "price": "1116",
        "price_per_unit": "86",
        "price_unit": "G"
      },
      {
        "state": "VIC",
        "price": "1116",
        "price_per_unit": "86",
        "price_unit": "G"
      },
      {
        "state": "QLD",
        "price": "1116",
        "price_per_unit": "86",
        "price_unit": "G"
      },
      {
        "state": "WA",
        "price": "1116",
        "price_per_unit": "86",
        "price_unit": "G"
      },
      {
        "state": "SA",
        "price": "1116",
        "price_per_unit": "86",
        "price_unit": "G"
      },
      {
        "state": "TAS",
        "price": "1116",
        "price_per_unit": "86",
        "price_unit": "G"
      },
      {
        "state": "ACT",
        "price": "1116",
        "price_per_unit": "86",
        "price_unit": "G"
      },
      {
        "state": "NT",
        "price": "1116",
        "price_per_unit": "86",
        "price_unit": "G"
      }
    ]
  },
  {
    "source_url": "https://www.woolworths.com.au/shop/productdetails/1075479200/mingle-seasoning-whoops-we-forgot-the-bagel-seasoning-120g",
    "name": "Mingle Seasoning Whoops We Forgot The Bagel Seasoning 120g",
    "image_url": "https://cdn1.woolworths.media/content/wowproductimages/large/1075479200.jpg",
    "source_id": "Woolworths - 1075479200",
    "barcode": null,
    "shop": "Woolworths",
    "weight": "10G",
    "prices": [
      {
        "state": "NSW",
        "price": "1116",
        "price_per_unit": "93",
        "price_unit": "G"
      },
      {
        "state": "VIC",
        "price": "1116",
        "price_per_unit": "93",
        "price_unit": "G"
      },
      {
        "state": "QLD",
        "price": "1116",
        "price_per_unit": "93",
        "price_unit": "G"
      },
      {
        "state": "WA",
        "price": "1116",
        "price_per_unit": "93",
        "price_unit": "G"
      },
      {
        "state": "SA",
        "price": "1116",
        "price_per_unit": "93",
        "price_unit": "G"
      },
      {
        "state": "TAS",
        "price": "1116",
        "price_per_unit": "93",
        "price_unit": "G"
      },
      {
        "state": "ACT",
        "price": "1116",
        "price_per_unit": "93",
        "price_unit": "G"
      },
      {
        "state": "NT",
        "price": "1116",
        "price_per_unit": "93",
        "price_unit": "G"
      }
    ]
  },
  {
    "source_url": "https://www.woolworths.com.au/shop/productdetails/1075478535/mingle-seasoning-whoops-we-forgot-the-bagel-seasoning-spicy-edition-130g",
    "name": "Mingle Seasoning Whoops We Forgot The Bagel Seasoning Spicy Edition 130g",
    "image_url": "https://cdn1.woolworths.media/content/wowproductimages/large/1075478535.jpg",
    "source_id": "Woolworths - 1075478535",
    "barcode": null,
    "shop": "Woolworths",
    "weight": "10G",
    "prices": [
      {
        "state": "NSW",
        "price": "1116",
        "price_per_unit": "86",
        "price_unit": "G"
      },
      {
        "state": "VIC",
        "price": "1116",
        "price_per_unit": "86",
        "price_unit": "G"
      },
      {
        "state": "QLD",
        "price": "1116",
        "price_per_unit": "86",
        "price_unit": "G"
      },
      {
        "state": "WA",
        "price": "1116",
        "price_per_unit": "86",
        "price_unit": "G"
      },
      {
        "state": "SA",
        "price": "1116",
        "price_per_unit": "86",
        "price_unit": "G"
      },
      {
        "state": "TAS",
        "price": "1116",
        "price_per_unit": "86",
        "price_unit": "G"
      },
      {
        "state": "ACT",
        "price": "1116",
        "price_per_unit": "86",
        "price_unit": "G"
      },
      {
        "state": "NT",
        "price": "1116",
        "price_per_unit": "86",
        "price_unit": "G"
      }
    ]
  },
  {
    "source_url": "https://www.woolworths.com.au/shop/productdetails/169031/mingle-use-me-on-everything-all-natural-seasoning",
    "name": "Mingle Use Me On Everything All Natural Seasoning 50g",
    "image_url": "https://cdn1.woolworths.media/content/wowproductimages/large/169031.jpg",
    "source_id": "Woolworths - 169031",
    "barcode": "9350465009935",
    "shop": "Woolworths",
    "weight": "10G",
    "prices": [
      {
        "state": "NSW",
        "price": "495",
        "price_per_unit": "99",
        "price_unit": "G"
      },
      {
        "state": "VIC",
        "price": "495",
        "price_per_unit": "99",
        "price_unit": "G"
      },
      {
        "state": "QLD",
        "price": "495",
        "price_per_unit": "99",
        "price_unit": "G"
      },
      {
        "state": "WA",
        "price": "495",
        "price_per_unit": "99",
        "price_unit": "G"
      },
      {
        "state": "SA",
        "price": "495",
        "price_per_unit": "99",
        "price_unit": "G"
      },
      {
        "state": "TAS",
        "price": "495",
        "price_per_unit": "99",
        "price_unit": "G"
      },
      {
        "state": "ACT",
        "price": "495",
        "price_per_unit": "99",
        "price_unit": "G"
      },
      {
        "state": "NT",
        "price": "495",
        "price_per_unit": "99",
        "price_unit": "G"
      }
    ]
  },
  {
    "source_url": "https://www.woolworths.com.au/shop/productdetails/1074159618/moist-a-p-meat-bomb-turbo-boost-meat-flavour-injection-500g-moist-meat-bomb",
    "name": "MOIST® A.P. Meat Bomb Turbo Boost Meat Flavour Injection 500G - MOIST-MEAT-BOMB",
    "image_url": "https://cdn1.woolworths.media/content/wowproductimages/large/1074159618.jpg",
    "source_id": "Woolworths - 1074159618",
    "barcode": null,
    "shop": "Woolworths",
    "weight": null,
    "prices": [
      null,
      null,
      null
    ]
  },
  {
    "source_url": "https://www.woolworths.com.au/shop/productdetails/1074413874/mudgeeraba-spices-durban-express-curry-masala-medium-240g-",
    "name": "Mudgeeraba Spices  Durban Express Curry Masala Medium (240g)",
    "image_url": "https://cdn1.woolworths.media/content/wowproductimages/large/1074413874.jpg",
    "source_id": "Woolworths - 1074413874",
    "barcode": null,
    "shop": "Woolworths",
    "weight": "10G",
    "prices": [
      {
        "state": "NSW",
        "price": "2500",
        "price_per_unit": "104",
        "price_unit": "G"
      },
      {
        "state": "VIC",
        "price": "2500",
        "price_per_unit": "104",
        "price_unit": "G"
      },
      {
        "state": "QLD",
        "price": "2500",
        "price_per_unit": "104",
        "price_unit": "G"
      },
      {
        "state": "WA",
        "price": "2500",
        "price_per_unit": "104",
        "price_unit": "G"
      },
      {
        "state": "SA",
        "price": "2500",
        "price_per_unit": "104",
        "price_unit": "G"
      },
      {
        "state": "TAS",
        "price": "2500",
        "price_per_unit": "104",
        "price_unit": "G"
      },
      {
        "state": "ACT",
        "price": "2500",
        "price_per_unit": "104",
        "price_unit": "G"
      },
      {
        "state": "NT",
        "price": "2500",
        "price_per_unit": "104",
        "price_unit": "G"
      }
    ]
  },
  {
    "source_url": "https://www.woolworths.com.au/shop/productdetails/1074413831/mudgeeraba-spices-agra-lamb-coconut-curry-masala-medium-240g-",
    "name": "Mudgeeraba Spices Agra Lamb & Coconut Curry Masala Medium (240g)",
    "image_url": "https://cdn1.woolworths.media/content/wowproductimages/large/1074413831.jpg",
    "source_id": "Woolworths - 1074413831",
    "barcode": null,
    "shop": "Woolworths",
    "weight": "10G",
    "prices": [
      {
        "state": "NSW",
        "price": "2500",
        "price_per_unit": "104",
        "price_unit": "G"
      },
      {
        "state": "VIC",
        "price": "2500",
        "price_per_unit": "104",
        "price_unit": "G"
      },
      {
        "state": "QLD",
        "price": "2500",
        "price_per_unit": "104",
        "price_unit": "G"
      },
      {
        "state": "WA",
        "price": "2500",
        "price_per_unit": "104",
        "price_unit": "G"
      },
      {
        "state": "SA",
        "price": "2500",
        "price_per_unit": "104",
        "price_unit": "G"
      },
      {
        "state": "TAS",
        "price": "2500",
        "price_per_unit": "104",
        "price_unit": "G"
      },
      {
        "state": "ACT",
        "price": "2500",
        "price_per_unit": "104",
        "price_unit": "G"
      },
      {
        "state": "NT",
        "price": "2500",
        "price_per_unit": "104",
        "price_unit": "G"
      }
    ]
  },
  {
    "source_url": "https://www.woolworths.com.au/shop/productdetails/1074413829/mudgeeraba-spices-beef-rendang-curry-masala-hot-240g-",
    "name": "Mudgeeraba Spices Beef Rendang Curry Masala Hot (240g)",
    "image_url": "https://cdn1.woolworths.media/content/wowproductimages/large/1074413829.jpg",
    "source_id": "Woolworths - 1074413829",
    "barcode": null,
    "shop": "Woolworths",
    "weight": "10G",
    "prices": [
      {
        "state": "NSW",
        "price": "2500",
        "price_per_unit": "104",
        "price_unit": "G"
      },
      {
        "state": "VIC",
        "price": "2500",
        "price_per_unit": "104",
        "price_unit": "G"
      },
      {
        "state": "QLD",
        "price": "2500",
        "price_per_unit": "104",
        "price_unit": "G"
      },
      {
        "state": "WA",
        "price": "2500",
        "price_per_unit": "104",
        "price_unit": "G"
      },
      {
        "state": "SA",
        "price": "2500",
        "price_per_unit": "104",
        "price_unit": "G"
      },
      {
        "state": "TAS",
        "price": "2500",
        "price_per_unit": "104",
        "price_unit": "G"
      },
      {
        "state": "ACT",
        "price": "2500",
        "price_per_unit": "104",
        "price_unit": "G"
      },
      {
        "state": "NT",
        "price": "2500",
        "price_per_unit": "104",
        "price_unit": "G"
      }
    ]
  },
  {
    "source_url": "https://www.woolworths.com.au/shop/productdetails/1074413828/mudgeeraba-spices-beef-vindaloo-curry-masala-hot-240g-",
    "name": "Mudgeeraba Spices Beef Vindaloo Curry Masala Hot (240g)",
    "image_url": "https://cdn1.woolworths.media/content/wowproductimages/large/1074413828.jpg",
    "source_id": "Woolworths - 1074413828",
    "barcode": null,
    "shop": "Woolworths",
    "weight": "10G",
    "prices": [
      {
        "state": "NSW",
        "price": "2500",
        "price_per_unit": "104",
        "price_unit": "G"
      },
      {
        "state": "VIC",
        "price": "2500",
        "price_per_unit": "104",
        "price_unit": "G"
      },
      {
        "state": "QLD",
        "price": "2500",
        "price_per_unit": "104",
        "price_unit": "G"
      },
      {
        "state": "WA",
        "price": "2500",
        "price_per_unit": "104",
        "price_unit": "G"
      },
      {
        "state": "SA",
        "price": "2500",
        "price_per_unit": "104",
        "price_unit": "G"
      },
      {
        "state": "TAS",
        "price": "2500",
        "price_per_unit": "104",
        "price_unit": "G"
      },
      {
        "state": "ACT",
        "price": "2500",
        "price_per_unit": "104",
        "price_unit": "G"
      },
      {
        "state": "NT",
        "price": "2500",
        "price_per_unit": "104",
        "price_unit": "G"
      }
    ]
  },
  {
    "source_url": "https://www.woolworths.com.au/shop/productdetails/1074413608/mudgeeraba-spices-bombaywalla-curry-masala-hot-240g-",
    "name": "Mudgeeraba Spices Bombaywalla Curry Masala Hot (240g)",
    "image_url": "https://cdn1.woolworths.media/content/wowproductimages/large/1074413608.jpg",
    "source_id": "Woolworths - 1074413608",
    "barcode": null,
    "shop": "Woolworths",
    "weight": "10G",
    "prices": [
      {
        "state": "NSW",
        "price": "2500",
        "price_per_unit": "104",
        "price_unit": "G"
      },
      {
        "state": "VIC",
        "price": "2500",
        "price_per_unit": "104",
        "price_unit": "G"
      },
      {
        "state": "QLD",
        "price": "2500",
        "price_per_unit": "104",
        "price_unit": "G"
      },
      {
        "state": "WA",
        "price": "2500",
        "price_per_unit": "104",
        "price_unit": "G"
      },
      {
        "state": "SA",
        "price": "2500",
        "price_per_unit": "104",
        "price_unit": "G"
      },
      {
        "state": "TAS",
        "price": "2500",
        "price_per_unit": "104",
        "price_unit": "G"
      },
      {
        "state": "ACT",
        "price": "2500",
        "price_per_unit": "104",
        "price_unit": "G"
      },
      {
        "state": "NT",
        "price": "2500",
        "price_per_unit": "104",
        "price_unit": "G"
      }
    ]
  },
  {
    "source_url": "https://www.woolworths.com.au/shop/productdetails/1074413830/mudgeeraba-spices-butter-chicken-curry-masala-mild-240g-",
    "name": "Mudgeeraba Spices Butter Chicken Curry Masala Mild (240g)",
    "image_url": "https://cdn1.woolworths.media/content/wowproductimages/large/1074413830.jpg",
    "source_id": "Woolworths - 1074413830",
    "barcode": null,
    "shop": "Woolworths",
    "weight": "10G",
    "prices": [
      {
        "state": "NSW",
        "price": "2500",
        "price_per_unit": "104",
        "price_unit": "G"
      },
      {
        "state": "VIC",
        "price": "2500",
        "price_per_unit": "104",
        "price_unit": "G"
      },
      {
        "state": "QLD",
        "price": "2500",
        "price_per_unit": "104",
        "price_unit": "G"
      },
      {
        "state": "WA",
        "price": "2500",
        "price_per_unit": "104",
        "price_unit": "G"
      },
      {
        "state": "SA",
        "price": "2500",
        "price_per_unit": "104",
        "price_unit": "G"
      },
      {
        "state": "TAS",
        "price": "2500",
        "price_per_unit": "104",
        "price_unit": "G"
      },
      {
        "state": "ACT",
        "price": "2500",
        "price_per_unit": "104",
        "price_unit": "G"
      },
      {
        "state": "NT",
        "price": "2500",
        "price_per_unit": "104",
        "price_unit": "G"
      }
    ]
  },
  {
    "source_url": "https://www.woolworths.com.au/shop/productdetails/1074413827/mudgeeraba-spices-chicken-biryani-andhra-pradesh-masala-medium-250g-",
    "name": "Mudgeeraba Spices Chicken Biryani (Andhra Pradesh) Masala Medium (250g)",
    "image_url": "https://cdn1.woolworths.media/content/wowproductimages/large/1074413827.jpg",
    "source_id": "Woolworths - 1074413827",
    "barcode": null,
    "shop": "Woolworths",
    "weight": "10G",
    "prices": [
      {
        "state": "NSW",
        "price": "2500",
        "price_per_unit": "104",
        "price_unit": "G"
      },
      {
        "state": "VIC",
        "price": "2500",
        "price_per_unit": "104",
        "price_unit": "G"
      },
      {
        "state": "QLD",
        "price": "2500",
        "price_per_unit": "104",
        "price_unit": "G"
      },
      {
        "state": "WA",
        "price": "2500",
        "price_per_unit": "104",
        "price_unit": "G"
      },
      {
        "state": "SA",
        "price": "2500",
        "price_per_unit": "104",
        "price_unit": "G"
      },
      {
        "state": "TAS",
        "price": "2500",
        "price_per_unit": "104",
        "price_unit": "G"
      },
      {
        "state": "ACT",
        "price": "2500",
        "price_per_unit": "104",
        "price_unit": "G"
      },
      {
        "state": "NT",
        "price": "2500",
        "price_per_unit": "104",
        "price_unit": "G"
      }
    ]
  },
  {
    "source_url": "https://www.woolworths.com.au/shop/productdetails/1074413825/mudgeeraba-spices-chicken-tikka-masala-medium-240g-",
    "name": "Mudgeeraba Spices Chicken Tikka Masala Medium (240g)",
    "image_url": "https://cdn1.woolworths.media/content/wowproductimages/large/1074413825.jpg",
    "source_id": "Woolworths - 1074413825",
    "barcode": null,
    "shop": "Woolworths",
    "weight": "10G",
    "prices": [
      {
        "state": "NSW",
        "price": "2500",
        "price_per_unit": "104",
        "price_unit": "G"
      },
      {
        "state": "VIC",
        "price": "2500",
        "price_per_unit": "104",
        "price_unit": "G"
      },
      {
        "state": "QLD",
        "price": "2500",
        "price_per_unit": "104",
        "price_unit": "G"
      },
      {
        "state": "WA",
        "price": "2500",
        "price_per_unit": "104",
        "price_unit": "G"
      },
      {
        "state": "SA",
        "price": "2500",
        "price_per_unit": "104",
        "price_unit": "G"
      },
      {
        "state": "TAS",
        "price": "2500",
        "price_per_unit": "104",
        "price_unit": "G"
      },
      {
        "state": "ACT",
        "price": "2500",
        "price_per_unit": "104",
        "price_unit": "G"
      },
      {
        "state": "NT",
        "price": "2500",
        "price_per_unit": "104",
        "price_unit": "G"
      }
    ]
  },
  {
    "source_url": "https://www.woolworths.com.au/shop/productdetails/1074413826/mudgeeraba-spices-chittagong-curry-masala-medium-250g-",
    "name": "Mudgeeraba Spices Chittagong Curry Masala Medium (250g)",
    "image_url": "https://cdn1.woolworths.media/content/wowproductimages/large/1074413826.jpg",
    "source_id": "Woolworths - 1074413826",
    "barcode": null,
    "shop": "Woolworths",
    "weight": "10G",
    "prices": [
      {
        "state": "NSW",
        "price": "2500",
        "price_per_unit": "104",
        "price_unit": "G"
      },
      {
        "state": "VIC",
        "price": "2500",
        "price_per_unit": "104",
        "price_unit": "G"
      },
      {
        "state": "QLD",
        "price": "2500",
        "price_per_unit": "104",
        "price_unit": "G"
      },
      {
        "state": "WA",
        "price": "2500",
        "price_per_unit": "104",
        "price_unit": "G"
      },
      {
        "state": "SA",
        "price": "2500",
        "price_per_unit": "104",
        "price_unit": "G"
      },
      {
        "state": "TAS",
        "price": "2500",
        "price_per_unit": "104",
        "price_unit": "G"
      },
      {
        "state": "ACT",
        "price": "2500",
        "price_per_unit": "104",
        "price_unit": "G"
      },
      {
        "state": "NT",
        "price": "2500",
        "price_per_unit": "104",
        "price_unit": "G"
      }
    ]
  },
  {
    "source_url": "https://www.woolworths.com.au/shop/productdetails/1074413824/mudgeeraba-spices-goa-beef-curry-masala-medium-250g-",
    "name": "Mudgeeraba Spices Goa Beef Curry Masala Medium (250g)",
    "image_url": "https://cdn1.woolworths.media/content/wowproductimages/large/1074413824.jpg",
    "source_id": "Woolworths - 1074413824",
    "barcode": null,
    "shop": "Woolworths",
    "weight": "10G",
    "prices": [
      {
        "state": "NSW",
        "price": "2500",
        "price_per_unit": "104",
        "price_unit": "G"
      },
      {
        "state": "VIC",
        "price": "2500",
        "price_per_unit": "104",
        "price_unit": "G"
      },
      {
        "state": "QLD",
        "price": "2500",
        "price_per_unit": "104",
        "price_unit": "G"
      },
      {
        "state": "WA",
        "price": "2500",
        "price_per_unit": "104",
        "price_unit": "G"
      },
      {
        "state": "SA",
        "price": "2500",
        "price_per_unit": "104",
        "price_unit": "G"
      },
      {
        "state": "TAS",
        "price": "2500",
        "price_per_unit": "104",
        "price_unit": "G"
      },
      {
        "state": "ACT",
        "price": "2500",
        "price_per_unit": "104",
        "price_unit": "G"
      },
      {
        "state": "NT",
        "price": "2500",
        "price_per_unit": "104",
        "price_unit": "G"
      }
    ]
  },
  {
    "source_url": "https://www.woolworths.com.au/shop/productdetails/1074413823/mudgeeraba-spices-goa-fish-curry-masala-hot-250g-",
    "name": "Mudgeeraba Spices Goa Fish Curry Masala Hot (250g)",
    "image_url": "https://cdn1.woolworths.media/content/wowproductimages/large/1074413823.jpg",
    "source_id": "Woolworths - 1074413823",
    "barcode": null,
    "shop": "Woolworths",
    "weight": "10G",
    "prices": [
      {
        "state": "NSW",
        "price": "2500",
        "price_per_unit": "104",
        "price_unit": "G"
      },
      {
        "state": "VIC",
        "price": "2500",
        "price_per_unit": "104",
        "price_unit": "G"
      },
      {
        "state": "QLD",
        "price": "2500",
        "price_per_unit": "104",
        "price_unit": "G"
      },
      {
        "state": "WA",
        "price": "2500",
        "price_per_unit": "104",
        "price_unit": "G"
      },
      {
        "state": "SA",
        "price": "2500",
        "price_per_unit": "104",
        "price_unit": "G"
      },
      {
        "state": "TAS",
        "price": "2500",
        "price_per_unit": "104",
        "price_unit": "G"
      },
      {
        "state": "ACT",
        "price": "2500",
        "price_per_unit": "104",
        "price_unit": "G"
      },
      {
        "state": "NT",
        "price": "2500",
        "price_per_unit": "104",
        "price_unit": "G"
      }
    ]
  },
  {
    "source_url": "https://www.woolworths.com.au/shop/productdetails/1074413822/mudgeeraba-spices-goa-lamb-curry-masala-medium-250g-",
    "name": "Mudgeeraba Spices Goa Lamb Curry Masala Medium (250g)",
    "image_url": "https://cdn1.woolworths.media/content/wowproductimages/large/1074413822.jpg",
    "source_id": "Woolworths - 1074413822",
    "barcode": null,
    "shop": "Woolworths",
    "weight": "10G",
    "prices": [
      {
        "state": "NSW",
        "price": "2500",
        "price_per_unit": "104",
        "price_unit": "G"
      },
      {
        "state": "VIC",
        "price": "2500",
        "price_per_unit": "104",
        "price_unit": "G"
      },
      {
        "state": "QLD",
        "price": "2500",
        "price_per_unit": "104",
        "price_unit": "G"
      },
      {
        "state": "WA",
        "price": "2500",
        "price_per_unit": "104",
        "price_unit": "G"
      },
      {
        "state": "SA",
        "price": "2500",
        "price_per_unit": "104",
        "price_unit": "G"
      },
      {
        "state": "TAS",
        "price": "2500",
        "price_per_unit": "104",
        "price_unit": "G"
      },
      {
        "state": "ACT",
        "price": "2500",
        "price_per_unit": "104",
        "price_unit": "G"
      },
      {
        "state": "NT",
        "price": "2500",
        "price_per_unit": "104",
        "price_unit": "G"
      }
    ]
  },
  {
    "source_url": "https://www.woolworths.com.au/shop/productdetails/1074413821/mudgeeraba-spices-kashmiri-chicken-almond-raisin-korma-masala-medium-250g-",
    "name": "Mudgeeraba Spices Kashmiri Chicken Almond & Raisin Korma Masala Medium (250g)",
    "image_url": "https://cdn1.woolworths.media/content/wowproductimages/large/1074413821.jpg",
    "source_id": "Woolworths - 1074413821",
    "barcode": null,
    "shop": "Woolworths",
    "weight": "10G",
    "prices": [
      {
        "state": "NSW",
        "price": "2500",
        "price_per_unit": "104",
        "price_unit": "G"
      },
      {
        "state": "VIC",
        "price": "2500",
        "price_per_unit": "104",
        "price_unit": "G"
      },
      {
        "state": "QLD",
        "price": "2500",
        "price_per_unit": "104",
        "price_unit": "G"
      },
      {
        "state": "WA",
        "price": "2500",
        "price_per_unit": "104",
        "price_unit": "G"
      },
      {
        "state": "SA",
        "price": "2500",
        "price_per_unit": "104",
        "price_unit": "G"
      },
      {
        "state": "TAS",
        "price": "2500",
        "price_per_unit": "104",
        "price_unit": "G"
      },
      {
        "state": "ACT",
        "price": "2500",
        "price_per_unit": "104",
        "price_unit": "G"
      },
      {
        "state": "NT",
        "price": "2500",
        "price_per_unit": "104",
        "price_unit": "G"
      }
    ]
  },
  {
    "source_url": "https://www.woolworths.com.au/shop/productdetails/1074413820/mudgeeraba-spices-lamb-cashew-korma-masala-mild-240g-",
    "name": "Mudgeeraba Spices Lamb & Cashew Korma Masala Mild (240g)",
    "image_url": "https://cdn1.woolworths.media/content/wowproductimages/large/1074413820.jpg",
    "source_id": "Woolworths - 1074413820",
    "barcode": null,
    "shop": "Woolworths",
    "weight": "10G",
    "prices": [
      {
        "state": "NSW",
        "price": "2500",
        "price_per_unit": "104",
        "price_unit": "G"
      },
      {
        "state": "VIC",
        "price": "2500",
        "price_per_unit": "104",
        "price_unit": "G"
      },
      {
        "state": "QLD",
        "price": "2500",
        "price_per_unit": "104",
        "price_unit": "G"
      },
      {
        "state": "WA",
        "price": "2500",
        "price_per_unit": "104",
        "price_unit": "G"
      },
      {
        "state": "SA",
        "price": "2500",
        "price_per_unit": "104",
        "price_unit": "G"
      },
      {
        "state": "TAS",
        "price": "2500",
        "price_per_unit": "104",
        "price_unit": "G"
      },
      {
        "state": "ACT",
        "price": "2500",
        "price_per_unit": "104",
        "price_unit": "G"
      },
      {
        "state": "NT",
        "price": "2500",
        "price_per_unit": "104",
        "price_unit": "G"
      }
    ]
  },
  {
    "source_url": "https://www.woolworths.com.au/shop/productdetails/1074413819/mudgeeraba-spices-lamb-korma-shiraz-masala-medium-250g-",
    "name": "Mudgeeraba Spices Lamb Korma Shiraz Masala Medium (250g)",
    "image_url": "https://cdn1.woolworths.media/content/wowproductimages/large/1074413819.jpg",
    "source_id": "Woolworths - 1074413819",
    "barcode": null,
    "shop": "Woolworths",
    "weight": "10G",
    "prices": [
      {
        "state": "NSW",
        "price": "2500",
        "price_per_unit": "104",
        "price_unit": "G"
      },
      {
        "state": "VIC",
        "price": "2500",
        "price_per_unit": "104",
        "price_unit": "G"
      },
      {
        "state": "QLD",
        "price": "2500",
        "price_per_unit": "104",
        "price_unit": "G"
      },
      {
        "state": "WA",
        "price": "2500",
        "price_per_unit": "104",
        "price_unit": "G"
      },
      {
        "state": "SA",
        "price": "2500",
        "price_per_unit": "104",
        "price_unit": "G"
      },
      {
        "state": "TAS",
        "price": "2500",
        "price_per_unit": "104",
        "price_unit": "G"
      },
      {
        "state": "ACT",
        "price": "2500",
        "price_per_unit": "104",
        "price_unit": "G"
      },
      {
        "state": "NT",
        "price": "2500",
        "price_per_unit": "104",
        "price_unit": "G"
      }
    ]
  },
  {
    "source_url": "https://www.woolworths.com.au/shop/productdetails/1074413818/mudgeeraba-spices-madras-chicken-curry-masala-medium-250g-",
    "name": "Mudgeeraba Spices Madras Chicken Curry Masala Medium (250g)",
    "image_url": "https://cdn1.woolworths.media/content/wowproductimages/large/1074413818.jpg",
    "source_id": "Woolworths - 1074413818",
    "barcode": null,
    "shop": "Woolworths",
    "weight": "10G",
    "prices": [
      {
        "state": "NSW",
        "price": "2500",
        "price_per_unit": "104",
        "price_unit": "G"
      },
      {
        "state": "VIC",
        "price": "2500",
        "price_per_unit": "104",
        "price_unit": "G"
      },
      {
        "state": "QLD",
        "price": "2500",
        "price_per_unit": "104",
        "price_unit": "G"
      },
      {
        "state": "WA",
        "price": "2500",
        "price_per_unit": "104",
        "price_unit": "G"
      },
      {
        "state": "SA",
        "price": "2500",
        "price_per_unit": "104",
        "price_unit": "G"
      },
      {
        "state": "TAS",
        "price": "2500",
        "price_per_unit": "104",
        "price_unit": "G"
      },
      {
        "state": "ACT",
        "price": "2500",
        "price_per_unit": "104",
        "price_unit": "G"
      },
      {
        "state": "NT",
        "price": "2500",
        "price_per_unit": "104",
        "price_unit": "G"
      }
    ]
  },
  {
    "source_url": "https://www.woolworths.com.au/shop/productdetails/1074413814/mudgeeraba-spices-madras-meat-curry-masala-medium-250g-",
    "name": "Mudgeeraba Spices Madras Meat Curry Masala Medium (250g)",
    "image_url": "https://cdn1.woolworths.media/content/wowproductimages/large/1074413814.jpg",
    "source_id": "Woolworths - 1074413814",
    "barcode": null,
    "shop": "Woolworths",
    "weight": "10G",
    "prices": [
      {
        "state": "NSW",
        "price": "2500",
        "price_per_unit": "104",
        "price_unit": "G"
      },
      {
        "state": "VIC",
        "price": "2500",
        "price_per_unit": "104",
        "price_unit": "G"
      },
      {
        "state": "QLD",
        "price": "2500",
        "price_per_unit": "104",
        "price_unit": "G"
      },
      {
        "state": "WA",
        "price": "2500",
        "price_per_unit": "104",
        "price_unit": "G"
      },
      {
        "state": "SA",
        "price": "2500",
        "price_per_unit": "104",
        "price_unit": "G"
      },
      {
        "state": "TAS",
        "price": "2500",
        "price_per_unit": "104",
        "price_unit": "G"
      },
      {
        "state": "ACT",
        "price": "2500",
        "price_per_unit": "104",
        "price_unit": "G"
      },
      {
        "state": "NT",
        "price": "2500",
        "price_per_unit": "104",
        "price_unit": "G"
      }
    ]
  },
  {
    "source_url": "https://www.woolworths.com.au/shop/productdetails/1074413816/mudgeeraba-spices-malabar-lamb-biryani-masala-medium-250g-",
    "name": "Mudgeeraba Spices Malabar Lamb Biryani Masala Medium (250g)",
    "image_url": "https://cdn1.woolworths.media/content/wowproductimages/large/1074413816.jpg",
    "source_id": "Woolworths - 1074413816",
    "barcode": null,
    "shop": "Woolworths",
    "weight": "10G",
    "prices": [
      {
        "state": "NSW",
        "price": "2500",
        "price_per_unit": "104",
        "price_unit": "G"
      },
      {
        "state": "VIC",
        "price": "2500",
        "price_per_unit": "104",
        "price_unit": "G"
      },
      {
        "state": "QLD",
        "price": "2500",
        "price_per_unit": "104",
        "price_unit": "G"
      },
      {
        "state": "WA",
        "price": "2500",
        "price_per_unit": "104",
        "price_unit": "G"
      },
      {
        "state": "SA",
        "price": "2500",
        "price_per_unit": "104",
        "price_unit": "G"
      },
      {
        "state": "TAS",
        "price": "2500",
        "price_per_unit": "104",
        "price_unit": "G"
      },
      {
        "state": "ACT",
        "price": "2500",
        "price_per_unit": "104",
        "price_unit": "G"
      },
      {
        "state": "NT",
        "price": "2500",
        "price_per_unit": "104",
        "price_unit": "G"
      }
    ]
  },
  {
    "source_url": "https://www.woolworths.com.au/shop/productdetails/1074413817/mudgeeraba-spices-malay-goat-curry-masala-medium-250g-",
    "name": "Mudgeeraba Spices Malay Goat Curry Masala Medium (250g)",
    "image_url": "https://cdn1.woolworths.media/content/wowproductimages/large/1074413817.jpg",
    "source_id": "Woolworths - 1074413817",
    "barcode": null,
    "shop": "Woolworths",
    "weight": "10G",
    "prices": [
      {
        "state": "NSW",
        "price": "2500",
        "price_per_unit": "104",
        "price_unit": "G"
      },
      {
        "state": "VIC",
        "price": "2500",
        "price_per_unit": "104",
        "price_unit": "G"
      },
      {
        "state": "QLD",
        "price": "2500",
        "price_per_unit": "104",
        "price_unit": "G"
      },
      {
        "state": "WA",
        "price": "2500",
        "price_per_unit": "104",
        "price_unit": "G"
      },
      {
        "state": "SA",
        "price": "2500",
        "price_per_unit": "104",
        "price_unit": "G"
      },
      {
        "state": "TAS",
        "price": "2500",
        "price_per_unit": "104",
        "price_unit": "G"
      },
      {
        "state": "ACT",
        "price": "2500",
        "price_per_unit": "104",
        "price_unit": "G"
      },
      {
        "state": "NT",
        "price": "2500",
        "price_per_unit": "104",
        "price_unit": "G"
      }
    ]
  },
  {
    "source_url": "https://www.woolworths.com.au/shop/productdetails/1074413815/mudgeeraba-spices-malay-lamb-curry-masala-medium-250g-",
    "name": "Mudgeeraba Spices Malay Lamb Curry Masala Medium (250g)",
    "image_url": "https://cdn1.woolworths.media/content/wowproductimages/large/1074413815.jpg",
    "source_id": "Woolworths - 1074413815",
    "barcode": null,
    "shop": "Woolworths",
    "weight": "10G",
    "prices": [
      {
        "state": "NSW",
        "price": "2500",
        "price_per_unit": "104",
        "price_unit": "G"
      },
      {
        "state": "VIC",
        "price": "2500",
        "price_per_unit": "104",
        "price_unit": "G"
      },
      {
        "state": "QLD",
        "price": "2500",
        "price_per_unit": "104",
        "price_unit": "G"
      },
      {
        "state": "WA",
        "price": "2500",
        "price_per_unit": "104",
        "price_unit": "G"
      },
      {
        "state": "SA",
        "price": "2500",
        "price_per_unit": "104",
        "price_unit": "G"
      },
      {
        "state": "TAS",
        "price": "2500",
        "price_per_unit": "104",
        "price_unit": "G"
      },
      {
        "state": "ACT",
        "price": "2500",
        "price_per_unit": "104",
        "price_unit": "G"
      },
      {
        "state": "NT",
        "price": "2500",
        "price_per_unit": "104",
        "price_unit": "G"
      }
    ]
  },
  {
    "source_url": "https://www.woolworths.com.au/shop/productdetails/1074413875/mudgeeraba-spices-mudgeeraba-spices-bombaywalla-curry-masala-mild-240g-",
    "name": "Mudgeeraba Spices Mudgeeraba Spices  Bombaywalla Curry Masala Mild (240g)",
    "image_url": "https://cdn1.woolworths.media/content/wowproductimages/large/1074413875.jpg",
    "source_id": "Woolworths - 1074413875",
    "barcode": null,
    "shop": "Woolworths",
    "weight": "10G",
    "prices": [
      {
        "state": "NSW",
        "price": "2500",
        "price_per_unit": "104",
        "price_unit": "G"
      },
      {
        "state": "VIC",
        "price": "2500",
        "price_per_unit": "104",
        "price_unit": "G"
      },
      {
        "state": "QLD",
        "price": "2500",
        "price_per_unit": "104",
        "price_unit": "G"
      },
      {
        "state": "WA",
        "price": "2500",
        "price_per_unit": "104",
        "price_unit": "G"
      },
      {
        "state": "SA",
        "price": "2500",
        "price_per_unit": "104",
        "price_unit": "G"
      },
      {
        "state": "TAS",
        "price": "2500",
        "price_per_unit": "104",
        "price_unit": "G"
      },
      {
        "state": "ACT",
        "price": "2500",
        "price_per_unit": "104",
        "price_unit": "G"
      },
      {
        "state": "NT",
        "price": "2500",
        "price_per_unit": "104",
        "price_unit": "G"
      }
    ]
  },
  {
    "source_url": "https://www.woolworths.com.au/shop/productdetails/1074413813/mudgeeraba-spices-parsee-chicken-cashew-korma-masala-mild-250g-",
    "name": "Mudgeeraba Spices Parsee Chicken & Cashew Korma Masala Mild (250g)",
    "image_url": "https://cdn1.woolworths.media/content/wowproductimages/large/1074413813.jpg",
    "source_id": "Woolworths - 1074413813",
    "barcode": null,
    "shop": "Woolworths",
    "weight": "10G",
    "prices": [
      {
        "state": "NSW",
        "price": "2500",
        "price_per_unit": "104",
        "price_unit": "G"
      },
      {
        "state": "VIC",
        "price": "2500",
        "price_per_unit": "104",
        "price_unit": "G"
      },
      {
        "state": "QLD",
        "price": "2500",
        "price_per_unit": "104",
        "price_unit": "G"
      },
      {
        "state": "WA",
        "price": "2500",
        "price_per_unit": "104",
        "price_unit": "G"
      },
      {
        "state": "SA",
        "price": "2500",
        "price_per_unit": "104",
        "price_unit": "G"
      },
      {
        "state": "TAS",
        "price": "2500",
        "price_per_unit": "104",
        "price_unit": "G"
      },
      {
        "state": "ACT",
        "price": "2500",
        "price_per_unit": "104",
        "price_unit": "G"
      },
      {
        "state": "NT",
        "price": "2500",
        "price_per_unit": "104",
        "price_unit": "G"
      }
    ]
  },
  {
    "source_url": "https://www.woolworths.com.au/shop/productdetails/1074413812/mudgeeraba-spices-parsee-chicken-fried-potato-korma-masala-medium-250g-",
    "name": "Mudgeeraba Spices Parsee Chicken & Fried Potato Korma Masala Medium (250g)",
    "image_url": "https://cdn1.woolworths.media/content/wowproductimages/large/1074413812.jpg",
    "source_id": "Woolworths - 1074413812",
    "barcode": null,
    "shop": "Woolworths",
    "weight": "10G",
    "prices": [
      {
        "state": "NSW",
        "price": "2500",
        "price_per_unit": "104",
        "price_unit": "G"
      },
      {
        "state": "VIC",
        "price": "2500",
        "price_per_unit": "104",
        "price_unit": "G"
      },
      {
        "state": "QLD",
        "price": "2500",
        "price_per_unit": "104",
        "price_unit": "G"
      },
      {
        "state": "WA",
        "price": "2500",
        "price_per_unit": "104",
        "price_unit": "G"
      },
      {
        "state": "SA",
        "price": "2500",
        "price_per_unit": "104",
        "price_unit": "G"
      },
      {
        "state": "TAS",
        "price": "2500",
        "price_per_unit": "104",
        "price_unit": "G"
      },
      {
        "state": "ACT",
        "price": "2500",
        "price_per_unit": "104",
        "price_unit": "G"
      },
      {
        "state": "NT",
        "price": "2500",
        "price_per_unit": "104",
        "price_unit": "G"
      }
    ]
  },
  {
    "source_url": "https://www.woolworths.com.au/shop/productdetails/1074413811/mudgeeraba-spices-parsee-chicken-spinach-curry-masala-medium-250g-",
    "name": "Mudgeeraba Spices Parsee Chicken & Spinach Curry Masala Medium (250g)",
    "image_url": "https://cdn1.woolworths.media/content/wowproductimages/large/1074413811.jpg",
    "source_id": "Woolworths - 1074413811",
    "barcode": null,
    "shop": "Woolworths",
    "weight": "10G",
    "prices": [
      {
        "state": "NSW",
        "price": "2500",
        "price_per_unit": "104",
        "price_unit": "G"
      },
      {
        "state": "VIC",
        "price": "2500",
        "price_per_unit": "104",
        "price_unit": "G"
      },
      {
        "state": "QLD",
        "price": "2500",
        "price_per_unit": "104",
        "price_unit": "G"
      },
      {
        "state": "WA",
        "price": "2500",
        "price_per_unit": "104",
        "price_unit": "G"
      },
      {
        "state": "SA",
        "price": "2500",
        "price_per_unit": "104",
        "price_unit": "G"
      },
      {
        "state": "TAS",
        "price": "2500",
        "price_per_unit": "104",
        "price_unit": "G"
      },
      {
        "state": "ACT",
        "price": "2500",
        "price_per_unit": "104",
        "price_unit": "G"
      },
      {
        "state": "NT",
        "price": "2500",
        "price_per_unit": "104",
        "price_unit": "G"
      }
    ]
  },
  {
    "source_url": "https://www.woolworths.com.au/shop/productdetails/1074413810/mudgeeraba-spices-rogan-josh-curry-masala-medium-240g-",
    "name": "Mudgeeraba Spices Rogan Josh Curry Masala Medium (240g)",
    "image_url": "https://cdn1.woolworths.media/content/wowproductimages/large/1074413810.jpg",
    "source_id": "Woolworths - 1074413810",
    "barcode": null,
    "shop": "Woolworths",
    "weight": "10G",
    "prices": [
      {
        "state": "NSW",
        "price": "2500",
        "price_per_unit": "104",
        "price_unit": "G"
      },
      {
        "state": "VIC",
        "price": "2500",
        "price_per_unit": "104",
        "price_unit": "G"
      },
      {
        "state": "QLD",
        "price": "2500",
        "price_per_unit": "104",
        "price_unit": "G"
      },
      {
        "state": "WA",
        "price": "2500",
        "price_per_unit": "104",
        "price_unit": "G"
      },
      {
        "state": "SA",
        "price": "2500",
        "price_per_unit": "104",
        "price_unit": "G"
      },
      {
        "state": "TAS",
        "price": "2500",
        "price_per_unit": "104",
        "price_unit": "G"
      },
      {
        "state": "ACT",
        "price": "2500",
        "price_per_unit": "104",
        "price_unit": "G"
      },
      {
        "state": "NT",
        "price": "2500",
        "price_per_unit": "104",
        "price_unit": "G"
      }
    ]
  },
  {
    "source_url": "https://www.woolworths.com.au/shop/productdetails/1074413809/mudgeeraba-spices-south-indian-chicken-korma-masala-mild-250g-",
    "name": "Mudgeeraba Spices South Indian Chicken Korma Masala Mild (250g)",
    "image_url": "https://cdn1.woolworths.media/content/wowproductimages/large/1074413809.jpg",
    "source_id": "Woolworths - 1074413809",
    "barcode": null,
    "shop": "Woolworths",
    "weight": "10G",
    "prices": [
      {
        "state": "NSW",
        "price": "2500",
        "price_per_unit": "104",
        "price_unit": "G"
      },
      {
        "state": "VIC",
        "price": "2500",
        "price_per_unit": "104",
        "price_unit": "G"
      },
      {
        "state": "QLD",
        "price": "2500",
        "price_per_unit": "104",
        "price_unit": "G"
      },
      {
        "state": "WA",
        "price": "2500",
        "price_per_unit": "104",
        "price_unit": "G"
      },
      {
        "state": "SA",
        "price": "2500",
        "price_per_unit": "104",
        "price_unit": "G"
      },
      {
        "state": "TAS",
        "price": "2500",
        "price_per_unit": "104",
        "price_unit": "G"
      },
      {
        "state": "ACT",
        "price": "2500",
        "price_per_unit": "104",
        "price_unit": "G"
      },
      {
        "state": "NT",
        "price": "2500",
        "price_per_unit": "104",
        "price_unit": "G"
      }
    ]
  },
  {
    "source_url": "https://www.woolworths.com.au/shop/productdetails/1074413808/mudgeeraba-spices-south-indian-vegetable-curry-masala-mild-240g-",
    "name": "Mudgeeraba Spices South Indian Vegetable Curry Masala Mild (240g)",
    "image_url": "https://cdn1.woolworths.media/content/wowproductimages/large/1074413808.jpg",
    "source_id": "Woolworths - 1074413808",
    "barcode": null,
    "shop": "Woolworths",
    "weight": "10G",
    "prices": [
      {
        "state": "NSW",
        "price": "2500",
        "price_per_unit": "104",
        "price_unit": "G"
      },
      {
        "state": "VIC",
        "price": "2500",
        "price_per_unit": "104",
        "price_unit": "G"
      },
      {
        "state": "QLD",
        "price": "2500",
        "price_per_unit": "104",
        "price_unit": "G"
      },
      {
        "state": "WA",
        "price": "2500",
        "price_per_unit": "104",
        "price_unit": "G"
      },
      {
        "state": "SA",
        "price": "2500",
        "price_per_unit": "104",
        "price_unit": "G"
      },
      {
        "state": "TAS",
        "price": "2500",
        "price_per_unit": "104",
        "price_unit": "G"
      },
      {
        "state": "ACT",
        "price": "2500",
        "price_per_unit": "104",
        "price_unit": "G"
      },
      {
        "state": "NT",
        "price": "2500",
        "price_per_unit": "104",
        "price_unit": "G"
      }
    ]
  },
  {
    "source_url": "https://www.woolworths.com.au/shop/productdetails/1074413807/mudgeeraba-spices-sri-lanka-beef-curry-masala-mild-240g-",
    "name": "Mudgeeraba Spices Sri Lanka Beef Curry Masala Mild (240g)",
    "image_url": "https://cdn1.woolworths.media/content/wowproductimages/large/1074413807.jpg",
    "source_id": "Woolworths - 1074413807",
    "barcode": null,
    "shop": "Woolworths",
    "weight": "10G",
    "prices": [
      {
        "state": "NSW",
        "price": "2500",
        "price_per_unit": "104",
        "price_unit": "G"
      },
      {
        "state": "VIC",
        "price": "2500",
        "price_per_unit": "104",
        "price_unit": "G"
      },
      {
        "state": "QLD",
        "price": "2500",
        "price_per_unit": "104",
        "price_unit": "G"
      },
      {
        "state": "WA",
        "price": "2500",
        "price_per_unit": "104",
        "price_unit": "G"
      },
      {
        "state": "SA",
        "price": "2500",
        "price_per_unit": "104",
        "price_unit": "G"
      },
      {
        "state": "TAS",
        "price": "2500",
        "price_per_unit": "104",
        "price_unit": "G"
      },
      {
        "state": "ACT",
        "price": "2500",
        "price_per_unit": "104",
        "price_unit": "G"
      },
      {
        "state": "NT",
        "price": "2500",
        "price_per_unit": "104",
        "price_unit": "G"
      }
    ]
  },
  {
    "source_url": "https://www.woolworths.com.au/shop/productdetails/1074413806/mudgeeraba-spices-sri-lanka-chicken-curry-masala-medium-240g-",
    "name": "Mudgeeraba Spices Sri Lanka Chicken Curry Masala Medium (240g)",
    "image_url": "https://cdn1.woolworths.media/content/wowproductimages/large/1074413806.jpg",
    "source_id": "Woolworths - 1074413806",
    "barcode": null,
    "shop": "Woolworths",
    "weight": "10G",
    "prices": [
      {
        "state": "NSW",
        "price": "2500",
        "price_per_unit": "104",
        "price_unit": "G"
      },
      {
        "state": "VIC",
        "price": "2500",
        "price_per_unit": "104",
        "price_unit": "G"
      },
      {
        "state": "QLD",
        "price": "2500",
        "price_per_unit": "104",
        "price_unit": "G"
      },
      {
        "state": "WA",
        "price": "2500",
        "price_per_unit": "104",
        "price_unit": "G"
      },
      {
        "state": "SA",
        "price": "2500",
        "price_per_unit": "104",
        "price_unit": "G"
      },
      {
        "state": "TAS",
        "price": "2500",
        "price_per_unit": "104",
        "price_unit": "G"
      },
      {
        "state": "ACT",
        "price": "2500",
        "price_per_unit": "104",
        "price_unit": "G"
      },
      {
        "state": "NT",
        "price": "2500",
        "price_per_unit": "104",
        "price_unit": "G"
      }
    ]
  },
  {
    "source_url": "https://www.woolworths.com.au/shop/productdetails/1074413805/mudgeeraba-spices-sumatra-lamb-curry-masala-medium-240g-",
    "name": "Mudgeeraba Spices Sumatra Lamb Curry Masala Medium (240g)",
    "image_url": "https://cdn1.woolworths.media/content/wowproductimages/large/1074413805.jpg",
    "source_id": "Woolworths - 1074413805",
    "barcode": null,
    "shop": "Woolworths",
    "weight": "10G",
    "prices": [
      {
        "state": "NSW",
        "price": "2500",
        "price_per_unit": "104",
        "price_unit": "G"
      },
      {
        "state": "VIC",
        "price": "2500",
        "price_per_unit": "104",
        "price_unit": "G"
      },
      {
        "state": "QLD",
        "price": "2500",
        "price_per_unit": "104",
        "price_unit": "G"
      },
      {
        "state": "WA",
        "price": "2500",
        "price_per_unit": "104",
        "price_unit": "G"
      },
      {
        "state": "SA",
        "price": "2500",
        "price_per_unit": "104",
        "price_unit": "G"
      },
      {
        "state": "TAS",
        "price": "2500",
        "price_per_unit": "104",
        "price_unit": "G"
      },
      {
        "state": "ACT",
        "price": "2500",
        "price_per_unit": "104",
        "price_unit": "G"
      },
      {
        "state": "NT",
        "price": "2500",
        "price_per_unit": "104",
        "price_unit": "G"
      }
    ]
  },
  {
    "source_url": "https://www.woolworths.com.au/shop/productdetails/1074413804/mudgeeraba-spices-tandoori-chicken-masala-hot-240g-",
    "name": "Mudgeeraba Spices Tandoori Chicken Masala Hot (240g)",
    "image_url": "https://cdn1.woolworths.media/content/wowproductimages/large/1074413804.jpg",
    "source_id": "Woolworths - 1074413804",
    "barcode": null,
    "shop": "Woolworths",
    "weight": "10G",
    "prices": [
      {
        "state": "NSW",
        "price": "2500",
        "price_per_unit": "104",
        "price_unit": "G"
      },
      {
        "state": "VIC",
        "price": "2500",
        "price_per_unit": "104",
        "price_unit": "G"
      },
      {
        "state": "QLD",
        "price": "2500",
        "price_per_unit": "104",
        "price_unit": "G"
      },
      {
        "state": "WA",
        "price": "2500",
        "price_per_unit": "104",
        "price_unit": "G"
      },
      {
        "state": "SA",
        "price": "2500",
        "price_per_unit": "104",
        "price_unit": "G"
      },
      {
        "state": "TAS",
        "price": "2500",
        "price_per_unit": "104",
        "price_unit": "G"
      },
      {
        "state": "ACT",
        "price": "2500",
        "price_per_unit": "104",
        "price_unit": "G"
      },
      {
        "state": "NT",
        "price": "2500",
        "price_per_unit": "104",
        "price_unit": "G"
      }
    ]
  },
  {
    "source_url": "https://www.woolworths.com.au/shop/productdetails/1074413803/mudgeeraba-spices-thai-green-curry-masala-mild-240g-",
    "name": "Mudgeeraba Spices Thai Green Curry Masala Mild (240g)",
    "image_url": "https://cdn1.woolworths.media/content/wowproductimages/large/1074413803.jpg",
    "source_id": "Woolworths - 1074413803",
    "barcode": null,
    "shop": "Woolworths",
    "weight": "10G",
    "prices": [
      {
        "state": "NSW",
        "price": "2500",
        "price_per_unit": "104",
        "price_unit": "G"
      },
      {
        "state": "VIC",
        "price": "2500",
        "price_per_unit": "104",
        "price_unit": "G"
      },
      {
        "state": "QLD",
        "price": "2500",
        "price_per_unit": "104",
        "price_unit": "G"
      },
      {
        "state": "WA",
        "price": "2500",
        "price_per_unit": "104",
        "price_unit": "G"
      },
      {
        "state": "SA",
        "price": "2500",
        "price_per_unit": "104",
        "price_unit": "G"
      },
      {
        "state": "TAS",
        "price": "2500",
        "price_per_unit": "104",
        "price_unit": "G"
      },
      {
        "state": "ACT",
        "price": "2500",
        "price_per_unit": "104",
        "price_unit": "G"
      },
      {
        "state": "NT",
        "price": "2500",
        "price_per_unit": "104",
        "price_unit": "G"
      }
    ]
  },
  {
    "source_url": "https://www.woolworths.com.au/shop/productdetails/1074413802/mudgeeraba-spices-thai-red-massaman-curry-masala-medium-240g-",
    "name": "Mudgeeraba Spices Thai Red (Massaman) Curry Masala Medium (240g)",
    "image_url": "https://cdn1.woolworths.media/content/wowproductimages/large/1074413802.jpg",
    "source_id": "Woolworths - 1074413802",
    "barcode": null,
    "shop": "Woolworths",
    "weight": "10G",
    "prices": [
      {
        "state": "NSW",
        "price": "2500",
        "price_per_unit": "104",
        "price_unit": "G"
      },
      {
        "state": "VIC",
        "price": "2500",
        "price_per_unit": "104",
        "price_unit": "G"
      },
      {
        "state": "QLD",
        "price": "2500",
        "price_per_unit": "104",
        "price_unit": "G"
      },
      {
        "state": "WA",
        "price": "2500",
        "price_per_unit": "104",
        "price_unit": "G"
      },
      {
        "state": "SA",
        "price": "2500",
        "price_per_unit": "104",
        "price_unit": "G"
      },
      {
        "state": "TAS",
        "price": "2500",
        "price_per_unit": "104",
        "price_unit": "G"
      },
      {
        "state": "ACT",
        "price": "2500",
        "price_per_unit": "104",
        "price_unit": "G"
      },
      {
        "state": "NT",
        "price": "2500",
        "price_per_unit": "104",
        "price_unit": "G"
      }
    ]
  },
  {
    "source_url": "https://www.woolworths.com.au/shop/productdetails/1074413801/mudgeeraba-spices-vindaloo-curry-masala-medium-240g-",
    "name": "Mudgeeraba Spices Vindaloo Curry Masala Medium (240g)",
    "image_url": "https://cdn1.woolworths.media/content/wowproductimages/large/1074413801.jpg",
    "source_id": "Woolworths - 1074413801",
    "barcode": null,
    "shop": "Woolworths",
    "weight": "10G",
    "prices": [
      {
        "state": "NSW",
        "price": "2500",
        "price_per_unit": "104",
        "price_unit": "G"
      },
      {
        "state": "VIC",
        "price": "2500",
        "price_per_unit": "104",
        "price_unit": "G"
      },
      {
        "state": "QLD",
        "price": "2500",
        "price_per_unit": "104",
        "price_unit": "G"
      },
      {
        "state": "WA",
        "price": "2500",
        "price_per_unit": "104",
        "price_unit": "G"
      },
      {
        "state": "SA",
        "price": "2500",
        "price_per_unit": "104",
        "price_unit": "G"
      },
      {
        "state": "TAS",
        "price": "2500",
        "price_per_unit": "104",
        "price_unit": "G"
      },
      {
        "state": "ACT",
        "price": "2500",
        "price_per_unit": "104",
        "price_unit": "G"
      },
      {
        "state": "NT",
        "price": "2500",
        "price_per_unit": "104",
        "price_unit": "G"
      }
    ]
  },
  {
    "source_url": "https://www.woolworths.com.au/shop/productdetails/499142/nando-s-peri-peri-rub-smokey-bbq-medium",
    "name": "Nando's Peri Peri Rub Smokey Bbq Medium 25g",
    "image_url": "https://cdn1.woolworths.media/content/wowproductimages/large/499142.jpg",
    "source_id": "Woolworths - 499142",
    "barcode": "6003770013298",
    "shop": "Woolworths",
    "weight": "10G",
    "prices": [
      {
        "state": "NSW",
        "price": "340",
        "price_per_unit": "136",
        "price_unit": "G"
      },
      {
        "state": "VIC",
        "price": "340",
        "price_per_unit": "136",
        "price_unit": "G"
      },
      {
        "state": "QLD",
        "price": "340",
        "price_per_unit": "136",
        "price_unit": "G"
      },
      {
        "state": "WA",
        "price": "340",
        "price_per_unit": "136",
        "price_unit": "G"
      },
      {
        "state": "SA",
        "price": "340",
        "price_per_unit": "136",
        "price_unit": "G"
      },
      {
        "state": "TAS",
        "price": "340",
        "price_per_unit": "136",
        "price_unit": "G"
      },
      {
        "state": "ACT",
        "price": "340",
        "price_per_unit": "136",
        "price_unit": "G"
      },
      {
        "state": "NT",
        "price": "340",
        "price_per_unit": "136",
        "price_unit": "G"
      }
    ]
  },
  {
    "source_url": "https://www.woolworths.com.au/shop/productdetails/1075479625/pacific-harvest-power-of-three-flakes-80g",
    "name": "Pacific Harvest Power of Three Flakes 80g",
    "image_url": "https://cdn1.woolworths.media/content/wowproductimages/large/1075479625.jpg",
    "source_id": "Woolworths - 1075479625",
    "barcode": null,
    "shop": "Woolworths",
    "weight": "10G",
    "prices": [
      {
        "state": "NSW",
        "price": "2965",
        "price_per_unit": "371",
        "price_unit": "G"
      },
      {
        "state": "VIC",
        "price": "2965",
        "price_per_unit": "371",
        "price_unit": "G"
      },
      {
        "state": "QLD",
        "price": "2965",
        "price_per_unit": "371",
        "price_unit": "G"
      },
      {
        "state": "WA",
        "price": "2965",
        "price_per_unit": "371",
        "price_unit": "G"
      },
      {
        "state": "SA",
        "price": "2965",
        "price_per_unit": "371",
        "price_unit": "G"
      },
      {
        "state": "TAS",
        "price": "2965",
        "price_per_unit": "371",
        "price_unit": "G"
      },
      {
        "state": "ACT",
        "price": "2965",
        "price_per_unit": "371",
        "price_unit": "G"
      },
      {
        "state": "NT",
        "price": "2965",
        "price_per_unit": "371",
        "price_unit": "G"
      }
    ]
  },
  {
    "source_url": "https://www.woolworths.com.au/shop/productdetails/1073935601/pickle-spice-beef-bbq-grill-meat-rub-250g-x-2-jars",
    "name": "Pickle & Spice Beef BBQ Grill Meat Rub 250g x 2 jars",
    "image_url": "https://cdn1.woolworths.media/content/wowproductimages/large/1073935601.jpg",
    "source_id": "Woolworths - 1073935601",
    "barcode": null,
    "shop": "Woolworths",
    "weight": "100G",
    "prices": [
      {
        "state": "NSW",
        "price": "2950",
        "price_per_unit": "590",
        "price_unit": "G"
      },
      {
        "state": "VIC",
        "price": "2950",
        "price_per_unit": "590",
        "price_unit": "G"
      },
      {
        "state": "QLD",
        "price": "2950",
        "price_per_unit": "590",
        "price_unit": "G"
      },
      {
        "state": "WA",
        "price": "2950",
        "price_per_unit": "590",
        "price_unit": "G"
      },
      {
        "state": "SA",
        "price": "2950",
        "price_per_unit": "590",
        "price_unit": "G"
      },
      {
        "state": "TAS",
        "price": "2950",
        "price_per_unit": "590",
        "price_unit": "G"
      },
      {
        "state": "ACT",
        "price": "2950",
        "price_per_unit": "590",
        "price_unit": "G"
      },
      {
        "state": "NT",
        "price": "2950",
        "price_per_unit": "590",
        "price_unit": "G"
      }
    ]
  },
  {
    "source_url": "https://www.woolworths.com.au/shop/productdetails/1073935602/pickle-spice-beef-bbq-roast-brisket-meat-rub-250g-x-2-jars",
    "name": "Pickle & Spice Beef BBQ Roast & Brisket Meat Rub 250g x 2 jars",
    "image_url": "https://cdn1.woolworths.media/content/wowproductimages/large/1073935602.jpg",
    "source_id": "Woolworths - 1073935602",
    "barcode": null,
    "shop": "Woolworths",
    "weight": "100G",
    "prices": [
      {
        "state": "NSW",
        "price": "2950",
        "price_per_unit": "590",
        "price_unit": "G"
      },
      {
        "state": "VIC",
        "price": "2950",
        "price_per_unit": "590",
        "price_unit": "G"
      },
      {
        "state": "QLD",
        "price": "2950",
        "price_per_unit": "590",
        "price_unit": "G"
      },
      {
        "state": "WA",
        "price": "2950",
        "price_per_unit": "590",
        "price_unit": "G"
      },
      {
        "state": "SA",
        "price": "2950",
        "price_per_unit": "590",
        "price_unit": "G"
      },
      {
        "state": "TAS",
        "price": "2950",
        "price_per_unit": "590",
        "price_unit": "G"
      },
      {
        "state": "ACT",
        "price": "2950",
        "price_per_unit": "590",
        "price_unit": "G"
      },
      {
        "state": "NT",
        "price": "2950",
        "price_per_unit": "590",
        "price_unit": "G"
      }
    ]
  },
  {
    "source_url": "https://www.woolworths.com.au/shop/productdetails/1075480442/planet-organic-cinnamon-powder-250g",
    "name": "Planet Organic Cinnamon Powder 250g",
    "image_url": "https://cdn1.woolworths.media/content/wowproductimages/large/1075480442.jpg",
    "source_id": "Woolworths - 1075480442",
    "barcode": null,
    "shop": "Woolworths",
    "weight": "100G",
    "prices": [
      {
        "state": "NSW",
        "price": "1845",
        "price_per_unit": "738",
        "price_unit": "G"
      },
      {
        "state": "VIC",
        "price": "1845",
        "price_per_unit": "738",
        "price_unit": "G"
      },
      {
        "state": "QLD",
        "price": "1845",
        "price_per_unit": "738",
        "price_unit": "G"
      },
      {
        "state": "WA",
        "price": "1845",
        "price_per_unit": "738",
        "price_unit": "G"
      },
      {
        "state": "SA",
        "price": "1845",
        "price_per_unit": "738",
        "price_unit": "G"
      },
      {
        "state": "TAS",
        "price": "1845",
        "price_per_unit": "738",
        "price_unit": "G"
      },
      {
        "state": "ACT",
        "price": "1845",
        "price_per_unit": "738",
        "price_unit": "G"
      },
      {
        "state": "NT",
        "price": "1845",
        "price_per_unit": "738",
        "price_unit": "G"
      }
    ]
  },
  {
    "source_url": "https://www.woolworths.com.au/shop/productdetails/118118/saxa-black-whole-peppercorns-pepper",
    "name": "Saxa Black Whole Peppercorns Pepper 190g",
    "image_url": "https://cdn1.woolworths.media/content/wowproductimages/large/118118.jpg",
    "source_id": "Woolworths - 118118",
    "barcode": "9310412003577",
    "shop": "Woolworths",
    "weight": "10G",
    "prices": [
      {
        "state": "NSW",
        "price": "700",
        "price_per_unit": "37",
        "price_unit": "G"
      },
      {
        "state": "VIC",
        "price": "700",
        "price_per_unit": "37",
        "price_unit": "G"
      },
      {
        "state": "QLD",
        "price": "700",
        "price_per_unit": "37",
        "price_unit": "G"
      },
      {
        "state": "WA",
        "price": "700",
        "price_per_unit": "37",
        "price_unit": "G"
      },
      {
        "state": "SA",
        "price": "700",
        "price_per_unit": "37",
        "price_unit": "G"
      },
      {
        "state": "TAS",
        "price": "700",
        "price_per_unit": "37",
        "price_unit": "G"
      },
      {
        "state": "ACT",
        "price": "700",
        "price_per_unit": "37",
        "price_unit": "G"
      },
      {
        "state": "NT",
        "price": "735",
        "price_per_unit": "39",
        "price_unit": "G"
      }
    ]
  },
  {
    "source_url": "https://www.woolworths.com.au/shop/productdetails/321001/table-of-plenty-dried-spices-dukkah-pistachio",
    "name": "Table Of Plenty Dried Spices Dukkah Pistachio 45g",
    "image_url": "https://cdn1.woolworths.media/content/wowproductimages/large/321001.jpg",
    "source_id": "Woolworths - 321001",
    "barcode": "9335777001686",
    "shop": "Woolworths",
    "weight": "10G",
    "prices": [
      {
        "state": "NSW",
        "price": "450",
        "price_per_unit": "100",
        "price_unit": "G"
      },
      {
        "state": "VIC",
        "price": "450",
        "price_per_unit": "100",
        "price_unit": "G"
      },
      {
        "state": "QLD",
        "price": "450",
        "price_per_unit": "100",
        "price_unit": "G"
      },
      {
        "state": "WA",
        "price": "450",
        "price_per_unit": "100",
        "price_unit": "G"
      },
      {
        "state": "SA",
        "price": "450",
        "price_per_unit": "100",
        "price_unit": "G"
      },
      {
        "state": "TAS",
        "price": "450",
        "price_per_unit": "100",
        "price_unit": "G"
      },
      {
        "state": "NT",
        "price": "475",
        "price_per_unit": "106",
        "price_unit": "G"
      }
    ]
  },
  {
    "source_url": "https://www.woolworths.com.au/shop/productdetails/1075480062/the-broth-sisters-activated-turmeric-ginger-paste-170g",
    "name": "The Broth Sisters Activated Turmeric & Ginger Paste 170g",
    "image_url": "https://cdn1.woolworths.media/content/wowproductimages/large/1075480062.jpg",
    "source_id": "Woolworths - 1075480062",
    "barcode": null,
    "shop": "Woolworths",
    "weight": "10G",
    "prices": [
      {
        "state": "NSW",
        "price": "1495",
        "price_per_unit": "88",
        "price_unit": "G"
      },
      {
        "state": "VIC",
        "price": "1495",
        "price_per_unit": "88",
        "price_unit": "G"
      },
      {
        "state": "QLD",
        "price": "1495",
        "price_per_unit": "88",
        "price_unit": "G"
      },
      {
        "state": "WA",
        "price": "1495",
        "price_per_unit": "88",
        "price_unit": "G"
      },
      {
        "state": "SA",
        "price": "1495",
        "price_per_unit": "88",
        "price_unit": "G"
      },
      {
        "state": "TAS",
        "price": "1495",
        "price_per_unit": "88",
        "price_unit": "G"
      },
      {
        "state": "NT",
        "price": "1495",
        "price_per_unit": "88",
        "price_unit": "G"
      }
    ]
  },
  {
    "source_url": "https://www.woolworths.com.au/shop/productdetails/1075839841/the-snak-yard-black-garlic-500g",
    "name": "The Snak Yard Black Garlic 500g",
    "image_url": "https://cdn1.woolworths.media/content/wowproductimages/large/1075839841.jpg",
    "source_id": "Woolworths - 1075839841",
    "barcode": null,
    "shop": "Woolworths",
    "weight": "10G",
    "prices": [
      {
        "state": "NSW",
        "price": "3975",
        "price_per_unit": "80",
        "price_unit": "G"
      },
      {
        "state": "VIC",
        "price": "3975",
        "price_per_unit": "80",
        "price_unit": "G"
      },
      {
        "state": "QLD",
        "price": "3975",
        "price_per_unit": "80",
        "price_unit": "G"
      },
      {
        "state": "WA",
        "price": "3975",
        "price_per_unit": "80",
        "price_unit": "G"
      },
      {
        "state": "SA",
        "price": "3975",
        "price_per_unit": "80",
        "price_unit": "G"
      },
      {
        "state": "TAS",
        "price": "3975",
        "price_per_unit": "80",
        "price_unit": "G"
      },
      {
        "state": "NT",
        "price": "3975",
        "price_per_unit": "80",
        "price_unit": "G"
      }
    ]
  },
  {
    "source_url": "https://www.woolworths.com.au/shop/productdetails/1074159347/three-little-pigs-championship-bbq-rub-12-5oz-354g-shaker-jar-made-in-usa-ow85171",
    "name": "Three Little Pigs Championship BBQ Rub 12.5oz (354g) Shaker Jar - Made in USA - OW85171",
    "image_url": "https://cdn1.woolworths.media/content/wowproductimages/large/1074159347.jpg",
    "source_id": "Woolworths - 1074159347",
    "barcode": null,
    "shop": "Woolworths",
    "weight": null,
    "prices": [
      null,
      null,
      null
    ]
  },
  {
    "source_url": "https://www.woolworths.com.au/shop/productdetails/1074159348/three-little-pigs-touch-of-cherry-bbq-rub-12-25oz-354g-shaker-jar-made-in-usa-ow85131",
    "name": "Three Little Pigs Touch of Cherry BBQ Rub  12.25oz (354g) Shaker Jar - Made in USA - OW85131",
    "image_url": "https://cdn1.woolworths.media/content/wowproductimages/large/1074159348.jpg",
    "source_id": "Woolworths - 1074159348",
    "barcode": null,
    "shop": "Woolworths",
    "weight": null,
    "prices": [
      null,
      null,
      null
    ]
  },
  {
    "source_url": "https://www.woolworths.com.au/shop/productdetails/1073958715/tweed-real-food-avo-smash-dukkah-180g",
    "name": "Tweed Real Food Avo Smash Dukkah 180g",
    "image_url": "https://cdn1.woolworths.media/content/wowproductimages/large/1073958715.jpg",
    "source_id": "Woolworths - 1073958715",
    "barcode": null,
    "shop": "Woolworths",
    "weight": "100G",
    "prices": [
      {
        "state": "NSW",
        "price": "3595",
        "price_per_unit": "1997",
        "price_unit": "G"
      },
      {
        "state": "VIC",
        "price": "3595",
        "price_per_unit": "1997",
        "price_unit": "G"
      },
      {
        "state": "QLD",
        "price": "3595",
        "price_per_unit": "1997",
        "price_unit": "G"
      },
      {
        "state": "WA",
        "price": "3595",
        "price_per_unit": "1997",
        "price_unit": "G"
      },
      {
        "state": "SA",
        "price": "3595",
        "price_per_unit": "1997",
        "price_unit": "G"
      },
      {
        "state": "TAS",
        "price": "3595",
        "price_per_unit": "1997",
        "price_unit": "G"
      },
      {
        "state": "ACT",
        "price": "3595",
        "price_per_unit": "1997",
        "price_unit": "G"
      },
      {
        "state": "NT",
        "price": "3595",
        "price_per_unit": "1997",
        "price_unit": "G"
      }
    ]
  },
  {
    "source_url": "https://www.woolworths.com.au/shop/productdetails/1073958716/tweed-real-food-bbq-master-rub-150g",
    "name": "Tweed Real Food BBQ Master Rub 150g",
    "image_url": "https://cdn1.woolworths.media/content/wowproductimages/large/1073958716.jpg",
    "source_id": "Woolworths - 1073958716",
    "barcode": null,
    "shop": "Woolworths",
    "weight": "100G",
    "prices": [
      {
        "state": "NSW",
        "price": "3095",
        "price_per_unit": "2063",
        "price_unit": "G"
      },
      {
        "state": "VIC",
        "price": "3095",
        "price_per_unit": "2063",
        "price_unit": "G"
      },
      {
        "state": "QLD",
        "price": "3095",
        "price_per_unit": "2063",
        "price_unit": "G"
      },
      {
        "state": "WA",
        "price": "3095",
        "price_per_unit": "2063",
        "price_unit": "G"
      },
      {
        "state": "SA",
        "price": "3095",
        "price_per_unit": "2063",
        "price_unit": "G"
      },
      {
        "state": "TAS",
        "price": "3095",
        "price_per_unit": "2063",
        "price_unit": "G"
      },
      {
        "state": "ACT",
        "price": "3095",
        "price_per_unit": "2063",
        "price_unit": "G"
      },
      {
        "state": "NT",
        "price": "3095",
        "price_per_unit": "2063",
        "price_unit": "G"
      }
    ]
  },
  {
    "source_url": "https://www.woolworths.com.au/shop/productdetails/1073958721/tweed-real-food-durban-curry-rub-180g",
    "name": "Tweed Real Food Durban Curry Rub 180g",
    "image_url": "https://cdn1.woolworths.media/content/wowproductimages/large/1073958721.jpg",
    "source_id": "Woolworths - 1073958721",
    "barcode": null,
    "shop": "Woolworths",
    "weight": "100G",
    "prices": [
      {
        "state": "NSW",
        "price": "3095",
        "price_per_unit": "1719",
        "price_unit": "G"
      },
      {
        "state": "VIC",
        "price": "3095",
        "price_per_unit": "1719",
        "price_unit": "G"
      },
      {
        "state": "QLD",
        "price": "3095",
        "price_per_unit": "1719",
        "price_unit": "G"
      },
      {
        "state": "WA",
        "price": "3095",
        "price_per_unit": "1719",
        "price_unit": "G"
      },
      {
        "state": "SA",
        "price": "3095",
        "price_per_unit": "1719",
        "price_unit": "G"
      },
      {
        "state": "TAS",
        "price": "3095",
        "price_per_unit": "1719",
        "price_unit": "G"
      },
      {
        "state": "ACT",
        "price": "3095",
        "price_per_unit": "1719",
        "price_unit": "G"
      },
      {
        "state": "NT",
        "price": "3095",
        "price_per_unit": "1719",
        "price_unit": "G"
      }
    ]
  },
  {
    "source_url": "https://www.woolworths.com.au/shop/productdetails/1073958723/tweed-real-food-garlic-rosemary-rub-120g",
    "name": "Tweed Real Food Garlic Rosemary Rub 120g",
    "image_url": "https://cdn1.woolworths.media/content/wowproductimages/large/1073958723.jpg",
    "source_id": "Woolworths - 1073958723",
    "barcode": null,
    "shop": "Woolworths",
    "weight": "100G",
    "prices": [
      {
        "state": "NSW",
        "price": "3095",
        "price_per_unit": "2579",
        "price_unit": "G"
      },
      {
        "state": "VIC",
        "price": "3095",
        "price_per_unit": "2579",
        "price_unit": "G"
      },
      {
        "state": "QLD",
        "price": "3095",
        "price_per_unit": "2579",
        "price_unit": "G"
      },
      {
        "state": "WA",
        "price": "3095",
        "price_per_unit": "2579",
        "price_unit": "G"
      },
      {
        "state": "SA",
        "price": "3095",
        "price_per_unit": "2579",
        "price_unit": "G"
      },
      {
        "state": "TAS",
        "price": "3095",
        "price_per_unit": "2579",
        "price_unit": "G"
      },
      {
        "state": "ACT",
        "price": "3095",
        "price_per_unit": "2579",
        "price_unit": "G"
      },
      {
        "state": "NT",
        "price": "3095",
        "price_per_unit": "2579",
        "price_unit": "G"
      }
    ]
  },
  {
    "source_url": "https://www.woolworths.com.au/shop/productdetails/1073958722/tweed-real-food-louisiana-bbq-rub-150g",
    "name": "Tweed Real Food Louisiana BBQ Rub 150g",
    "image_url": "https://cdn1.woolworths.media/content/wowproductimages/large/1073958722.jpg",
    "source_id": "Woolworths - 1073958722",
    "barcode": null,
    "shop": "Woolworths",
    "weight": "100G",
    "prices": [
      {
        "state": "NSW",
        "price": "3095",
        "price_per_unit": "2063",
        "price_unit": "G"
      },
      {
        "state": "VIC",
        "price": "3095",
        "price_per_unit": "2063",
        "price_unit": "G"
      },
      {
        "state": "QLD",
        "price": "3095",
        "price_per_unit": "2063",
        "price_unit": "G"
      },
      {
        "state": "WA",
        "price": "3095",
        "price_per_unit": "2063",
        "price_unit": "G"
      },
      {
        "state": "SA",
        "price": "3095",
        "price_per_unit": "2063",
        "price_unit": "G"
      },
      {
        "state": "TAS",
        "price": "3095",
        "price_per_unit": "2063",
        "price_unit": "G"
      },
      {
        "state": "ACT",
        "price": "3095",
        "price_per_unit": "2063",
        "price_unit": "G"
      },
      {
        "state": "NT",
        "price": "3095",
        "price_per_unit": "2063",
        "price_unit": "G"
      }
    ]
  },
  {
    "source_url": "https://www.woolworths.com.au/shop/productdetails/1073958720/tweed-real-food-smokey-cue-rub-180g",
    "name": "Tweed Real Food Smokey Cue Rub 180g",
    "image_url": "https://cdn1.woolworths.media/content/wowproductimages/large/1073958720.jpg",
    "source_id": "Woolworths - 1073958720",
    "barcode": null,
    "shop": "Woolworths",
    "weight": "100G",
    "prices": [
      {
        "state": "NSW",
        "price": "3095",
        "price_per_unit": "1719",
        "price_unit": "G"
      },
      {
        "state": "VIC",
        "price": "3095",
        "price_per_unit": "1719",
        "price_unit": "G"
      },
      {
        "state": "QLD",
        "price": "3095",
        "price_per_unit": "1719",
        "price_unit": "G"
      },
      {
        "state": "WA",
        "price": "3095",
        "price_per_unit": "1719",
        "price_unit": "G"
      },
      {
        "state": "SA",
        "price": "3095",
        "price_per_unit": "1719",
        "price_unit": "G"
      },
      {
        "state": "TAS",
        "price": "3095",
        "price_per_unit": "1719",
        "price_unit": "G"
      },
      {
        "state": "ACT",
        "price": "3095",
        "price_per_unit": "1719",
        "price_unit": "G"
      },
      {
        "state": "NT",
        "price": "3095",
        "price_per_unit": "1719",
        "price_unit": "G"
      }
    ]
  },
  {
    "source_url": "https://www.woolworths.com.au/shop/productdetails/250992/woolworths-cayenne-pepper",
    "name": "Woolworths Cayenne Pepper 30g",
    "image_url": "https://cdn1.woolworths.media/content/wowproductimages/large/250992.jpg",
    "source_id": "Woolworths - 250992",
    "barcode": "9300633927196",
    "shop": "Woolworths",
    "weight": "10G",
    "prices": [
      {
        "state": "NSW",
        "price": "300",
        "price_per_unit": "100",
        "price_unit": "G"
      },
      {
        "state": "VIC",
        "price": "300",
        "price_per_unit": "100",
        "price_unit": "G"
      },
      {
        "state": "QLD",
        "price": "300",
        "price_per_unit": "100",
        "price_unit": "G"
      },
      {
        "state": "WA",
        "price": "300",
        "price_per_unit": "100",
        "price_unit": "G"
      },
      {
        "state": "TAS",
        "price": "300",
        "price_per_unit": "100",
        "price_unit": "G"
      },
      {
        "state": "ACT",
        "price": "300",
        "price_per_unit": "100",
        "price_unit": "G"
      },
      {
        "state": "NT",
        "price": "300",
        "price_per_unit": "100",
        "price_unit": "G"
      }
    ]
  },
  {
    "source_url": "https://www.woolworths.com.au/shop/productdetails/250994/woolworths-chilli-flakes",
    "name": "Woolworths Chilli Flakes 23g",
    "image_url": "https://cdn1.woolworths.media/content/wowproductimages/large/250994.jpg",
    "source_id": "Woolworths - 250994",
    "barcode": "9300633927240",
    "shop": "Woolworths",
    "weight": "10G",
    "prices": [
      {
        "state": "NSW",
        "price": "230",
        "price_per_unit": "100",
        "price_unit": "G"
      },
      {
        "state": "VIC",
        "price": "230",
        "price_per_unit": "100",
        "price_unit": "G"
      },
      {
        "state": "QLD",
        "price": "230",
        "price_per_unit": "100",
        "price_unit": "G"
      },
      {
        "state": "WA",
        "price": "230",
        "price_per_unit": "100",
        "price_unit": "G"
      },
      {
        "state": "TAS",
        "price": "230",
        "price_per_unit": "100",
        "price_unit": "G"
      },
      {
        "state": "ACT",
        "price": "230",
        "price_per_unit": "100",
        "price_unit": "G"
      },
      {
        "state": "NT",
        "price": "230",
        "price_per_unit": "100",
        "price_unit": "G"
      }
    ]
  },
  {
    "source_url": "https://www.woolworths.com.au/shop/productdetails/251000/woolworths-cinnamon-ground",
    "name": "Woolworths Cinnamon Ground 32g",
    "image_url": "https://cdn1.woolworths.media/content/wowproductimages/large/251000.jpg",
    "source_id": "Woolworths - 251000",
    "barcode": "9300633927356",
    "shop": "Woolworths",
    "weight": "10G",
    "prices": [
      {
        "state": "NSW",
        "price": "200",
        "price_per_unit": "63",
        "price_unit": "G"
      },
      {
        "state": "VIC",
        "price": "200",
        "price_per_unit": "63",
        "price_unit": "G"
      },
      {
        "state": "QLD",
        "price": "200",
        "price_per_unit": "63",
        "price_unit": "G"
      },
      {
        "state": "WA",
        "price": "200",
        "price_per_unit": "63",
        "price_unit": "G"
      },
      {
        "state": "TAS",
        "price": "200",
        "price_per_unit": "63",
        "price_unit": "G"
      },
      {
        "state": "ACT",
        "price": "200",
        "price_per_unit": "63",
        "price_unit": "G"
      },
      {
        "state": "NT",
        "price": "200",
        "price_per_unit": "63",
        "price_unit": "G"
      }
    ]
  },
  {
    "source_url": "https://www.woolworths.com.au/shop/productdetails/251005/woolworths-coriander-seeds-ground",
    "name": "Woolworths Coriander Seeds Ground 20g",
    "image_url": "https://cdn1.woolworths.media/content/wowproductimages/large/251005.jpg",
    "source_id": "Woolworths - 251005",
    "barcode": "9300633927448",
    "shop": "Woolworths",
    "weight": "10G",
    "prices": [
      {
        "state": "NSW",
        "price": "140",
        "price_per_unit": "70",
        "price_unit": "G"
      },
      {
        "state": "VIC",
        "price": "140",
        "price_per_unit": "70",
        "price_unit": "G"
      },
      {
        "state": "QLD",
        "price": "140",
        "price_per_unit": "70",
        "price_unit": "G"
      },
      {
        "state": "WA",
        "price": "140",
        "price_per_unit": "70",
        "price_unit": "G"
      },
      {
        "state": "TAS",
        "price": "140",
        "price_per_unit": "70",
        "price_unit": "G"
      },
      {
        "state": "ACT",
        "price": "140",
        "price_per_unit": "70",
        "price_unit": "G"
      },
      {
        "state": "NT",
        "price": "150",
        "price_per_unit": "75",
        "price_unit": "G"
      }
    ]
  },
  {
    "source_url": "https://www.woolworths.com.au/shop/productdetails/251007/woolworths-cumin-ground-ground",
    "name": "Woolworths Cumin Ground Ground 30g",
    "image_url": "https://cdn1.woolworths.media/content/wowproductimages/large/251007.jpg",
    "source_id": "Woolworths - 251007",
    "barcode": "9300633927462",
    "shop": "Woolworths",
    "weight": "10G",
    "prices": [
      {
        "state": "NSW",
        "price": "190",
        "price_per_unit": "63",
        "price_unit": "G"
      },
      {
        "state": "VIC",
        "price": "190",
        "price_per_unit": "63",
        "price_unit": "G"
      },
      {
        "state": "TAS",
        "price": "190",
        "price_per_unit": "63",
        "price_unit": "G"
      },
      {
        "state": "ACT",
        "price": "190",
        "price_per_unit": "63",
        "price_unit": "G"
      },
      {
        "state": "NT",
        "price": "190",
        "price_per_unit": "63",
        "price_unit": "G"
      }
    ]
  },
  {
    "source_url": "https://www.woolworths.com.au/shop/productdetails/251011/woolworths-fennel-seed-whole",
    "name": "Woolworths Fennel Seed Whole 26g",
    "image_url": "https://cdn1.woolworths.media/content/wowproductimages/large/251011.jpg",
    "source_id": "Woolworths - 251011",
    "barcode": "9300633927646",
    "shop": "Woolworths",
    "weight": "10G",
    "prices": [
      {
        "state": "NSW",
        "price": "270",
        "price_per_unit": "104",
        "price_unit": "G"
      },
      {
        "state": "VIC",
        "price": "270",
        "price_per_unit": "104",
        "price_unit": "G"
      },
      {
        "state": "TAS",
        "price": "270",
        "price_per_unit": "104",
        "price_unit": "G"
      },
      {
        "state": "ACT",
        "price": "270",
        "price_per_unit": "104",
        "price_unit": "G"
      },
      {
        "state": "NT",
        "price": "270",
        "price_per_unit": "104",
        "price_unit": "G"
      }
    ]
  },
  {
    "source_url": "https://www.woolworths.com.au/shop/productdetails/251020/woolworths-garlic-powder",
    "name": "Woolworths Garlic Powder 50g",
    "image_url": "https://cdn1.woolworths.media/content/wowproductimages/large/251020.jpg",
    "source_id": "Woolworths - 251020",
    "barcode": "9300633927714",
    "shop": "Woolworths",
    "weight": "10G",
    "prices": [
      {
        "state": "NSW",
        "price": "260",
        "price_per_unit": "52",
        "price_unit": "G"
      },
      {
        "state": "VIC",
        "price": "260",
        "price_per_unit": "52",
        "price_unit": "G"
      },
      {
        "state": "TAS",
        "price": "260",
        "price_per_unit": "52",
        "price_unit": "G"
      },
      {
        "state": "ACT",
        "price": "260",
        "price_per_unit": "52",
        "price_unit": "G"
      },
      {
        "state": "NT",
        "price": "260",
        "price_per_unit": "52",
        "price_unit": "G"
      }
    ]
  },
  {
    "source_url": "https://www.woolworths.com.au/shop/productdetails/251075/woolworths-italian-dried-herbs",
    "name": "Woolworths Italian Dried Herbs 10g",
    "image_url": "https://cdn1.woolworths.media/content/wowproductimages/large/251075.jpg",
    "source_id": "Woolworths - 251075",
    "barcode": "9300633927844",
    "shop": "Woolworths",
    "weight": "10G",
    "prices": [
      {
        "state": "NSW",
        "price": "270",
        "price_per_unit": "270",
        "price_unit": "G"
      },
      {
        "state": "VIC",
        "price": "270",
        "price_per_unit": "270",
        "price_unit": "G"
      },
      {
        "state": "TAS",
        "price": "270",
        "price_per_unit": "270",
        "price_unit": "G"
      },
      {
        "state": "ACT",
        "price": "270",
        "price_per_unit": "270",
        "price_unit": "G"
      },
      {
        "state": "NT",
        "price": "270",
        "price_per_unit": "270",
        "price_unit": "G"
      }
    ]
  },
  {
    "source_url": "https://www.woolworths.com.au/shop/productdetails/251123/woolworths-nutmeg-ground",
    "name": "Woolworths Nutmeg Ground 30g",
    "image_url": "https://cdn1.woolworths.media/content/wowproductimages/large/251123.jpg",
    "source_id": "Woolworths - 251123",
    "barcode": "9300633928407",
    "shop": "Woolworths",
    "weight": "10G",
    "prices": [
      {
        "state": "NSW",
        "price": "290",
        "price_per_unit": "97",
        "price_unit": "G"
      },
      {
        "state": "VIC",
        "price": "290",
        "price_per_unit": "97",
        "price_unit": "G"
      },
      {
        "state": "TAS",
        "price": "290",
        "price_per_unit": "97",
        "price_unit": "G"
      },
      {
        "state": "NT",
        "price": "305",
        "price_per_unit": "102",
        "price_unit": "G"
      }
    ]
  },
  {
    "source_url": "https://www.woolworths.com.au/shop/productdetails/647760/woolworths-onion-powder",
    "name": "Woolworths Onion Powder 38g",
    "image_url": "https://cdn1.woolworths.media/content/wowproductimages/large/647760.jpg",
    "source_id": "Woolworths - 647760",
    "barcode": "9300633687014",
    "shop": "Woolworths",
    "weight": "10G",
    "prices": [
      {
        "state": "NSW",
        "price": "250",
        "price_per_unit": "66",
        "price_unit": "G"
      },
      {
        "state": "VIC",
        "price": "250",
        "price_per_unit": "66",
        "price_unit": "G"
      },
      {
        "state": "TAS",
        "price": "250",
        "price_per_unit": "66",
        "price_unit": "G"
      },
      {
        "state": "NT",
        "price": "250",
        "price_per_unit": "66",
        "price_unit": "G"
      }
    ]
  },
  {
    "source_url": "https://www.woolworths.com.au/shop/productdetails/251127/woolworths-oregano-leaves",
    "name": "Woolworths Oregano Leaves 10g",
    "image_url": "https://cdn1.woolworths.media/content/wowproductimages/large/251127.jpg",
    "source_id": "Woolworths - 251127",
    "barcode": "9300633928445",
    "shop": "Woolworths",
    "weight": "10G",
    "prices": [
      {
        "state": "NSW",
        "price": "200",
        "price_per_unit": "200",
        "price_unit": "G"
      },
      {
        "state": "VIC",
        "price": "200",
        "price_per_unit": "200",
        "price_unit": "G"
      },
      {
        "state": "TAS",
        "price": "200",
        "price_per_unit": "200",
        "price_unit": "G"
      },
      {
        "state": "NT",
        "price": "200",
        "price_per_unit": "200",
        "price_unit": "G"
      }
    ]
  },
  {
    "source_url": "https://www.woolworths.com.au/shop/productdetails/251130/woolworths-paprika-ground",
    "name": "Woolworths Paprika Ground 30g",
    "image_url": "https://cdn1.woolworths.media/content/wowproductimages/large/251130.jpg",
    "source_id": "Woolworths - 251130",
    "barcode": "9300633928469",
    "shop": "Woolworths",
    "weight": "10G",
    "prices": [
      {
        "state": "NSW",
        "price": "180",
        "price_per_unit": "60",
        "price_unit": "G"
      },
      {
        "state": "VIC",
        "price": "180",
        "price_per_unit": "60",
        "price_unit": "G"
      },
      {
        "state": "TAS",
        "price": "180",
        "price_per_unit": "60",
        "price_unit": "G"
      },
      {
        "state": "NT",
        "price": "180",
        "price_per_unit": "60",
        "price_unit": "G"
      }
    ]
  },
  {
    "source_url": "https://www.woolworths.com.au/shop/productdetails/251131/woolworths-paprika-smoked",
    "name": "Woolworths Paprika Smoked 30g",
    "image_url": "https://cdn1.woolworths.media/content/wowproductimages/large/251131.jpg",
    "source_id": "Woolworths - 251131",
    "barcode": "9300633928476",
    "shop": "Woolworths",
    "weight": "10G",
    "prices": [
      {
        "state": "NSW",
        "price": "275",
        "price_per_unit": "92",
        "price_unit": "G"
      },
      {
        "state": "VIC",
        "price": "275",
        "price_per_unit": "92",
        "price_unit": "G"
      },
      {
        "state": "TAS",
        "price": "275",
        "price_per_unit": "92",
        "price_unit": "G"
      },
      {
        "state": "NT",
        "price": "285",
        "price_per_unit": "95",
        "price_unit": "G"
      }
    ]
  },
  {
    "source_url": "https://www.woolworths.com.au/shop/productdetails/251228/woolworths-thyme-leaves",
    "name": "Woolworths Thyme Leaves 12g",
    "image_url": "https://cdn1.woolworths.media/content/wowproductimages/large/251228.jpg",
    "source_id": "Woolworths - 251228",
    "barcode": "9300633929022",
    "shop": "Woolworths",
    "weight": "10G",
    "prices": [
      {
        "state": "NSW",
        "price": "135",
        "price_per_unit": "113",
        "price_unit": "G"
      },
      {
        "state": "VIC",
        "price": "135",
        "price_per_unit": "113",
        "price_unit": "G"
      },
      {
        "state": "TAS",
        "price": "135",
        "price_per_unit": "113",
        "price_unit": "G"
      },
      {
        "state": "NT",
        "price": "135",
        "price_per_unit": "113",
        "price_unit": "G"
      }
    ]
  },
  {
    "source_url": "https://www.woolworths.com.au/shop/productdetails/251230/woolworths-turmeric-ground-ground",
    "name": "Woolworths Turmeric Ground 30g",
    "image_url": "https://cdn1.woolworths.media/content/wowproductimages/large/251230.jpg",
    "source_id": "Woolworths - 251230",
    "barcode": "9300633929039",
    "shop": "Woolworths",
    "weight": "10G",
    "prices": [
      {
        "state": "NSW",
        "price": "165",
        "price_per_unit": "55",
        "price_unit": "G"
      },
      {
        "state": "VIC",
        "price": "165",
        "price_per_unit": "55",
        "price_unit": "G"
      },
      {
        "state": "TAS",
        "price": "165",
        "price_per_unit": "55",
        "price_unit": "G"
      },
      {
        "state": "NT",
        "price": "165",
        "price_per_unit": "55",
        "price_unit": "G"
      }
    ]
  },
  {
    "source_url": "https://www.woolworths.com.au/shop/productdetails/1075407536/zerii-professional-electric-salt-and-pepper-grinders-ceramic-spice-mills-kitchen-2x",
    "name": "Zerii Professional Electric Salt And Pepper Grinders Ceramic Spice Mills Kitchen - 2x",
    "image_url": "https://cdn1.woolworths.media/content/wowproductimages/large/1075407536.jpg",
    "source_id": "Woolworths - 1075407536",
    "barcode": null,
    "shop": "Woolworths",
    "weight": "1EA",
    "prices": [
      {
        "state": "NSW",
        "price": "5190",
        "price_per_unit": "5190",
        "price_unit": "EA"
      },
      {
        "state": "VIC",
        "price": "5190",
        "price_per_unit": "5190",
        "price_unit": "EA"
      },
      {
        "state": "TAS",
        "price": "5190",
        "price_per_unit": "5190",
        "price_unit": "EA"
      }
    ]
  },
  {
    "source_url": "https://www.woolworths.com.au/shop/productdetails/1075407853/zerii-salt-and-pepper-grinder-set-rechargeable-salt-and-pepper-mill-2pcs",
    "name": "Zerii Salt And Pepper Grinder Set Rechargeable Salt And Pepper Mill - 2pcs",
    "image_url": "https://cdn1.woolworths.media/content/wowproductimages/large/1075407853.jpg",
    "source_id": "Woolworths - 1075407853",
    "barcode": null,
    "shop": "Woolworths",
    "weight": "1EA",
    "prices": [
      {
        "state": "NSW",
        "price": "7738",
        "price_per_unit": "7738",
        "price_unit": "EA"
      },
      {
        "state": "VIC",
        "price": "7738",
        "price_per_unit": "7738",
        "price_unit": "EA"
      },
      {
        "state": "TAS",
        "price": "7738",
        "price_per_unit": "7738",
        "price_unit": "EA"
      }
    ]
  },
  {
    "source_url": "https://www.woolworths.com.au/shop/productdetails/1075407447/zerii-salt-and-pepper-grinders-stainless-steel-ceramic-mills-oil-sprayer-jars-kitchen",
    "name": "Zerii Salt And Pepper Grinders Stainless Steel Ceramic Mills Oil Sprayer Jars Kitchen",
    "image_url": "https://cdn1.woolworths.media/content/wowproductimages/large/1075407447.jpg",
    "source_id": "Woolworths - 1075407447",
    "barcode": null,
    "shop": "Woolworths",
    "weight": "1EA",
    "prices": [
      {
        "state": "NSW",
        "price": "2590",
        "price_per_unit": "2590",
        "price_unit": "EA"
      },
      {
        "state": "VIC",
        "price": "2590",
        "price_per_unit": "2590",
        "price_unit": "EA"
      },
      {
        "state": "TAS",
        "price": "2590",
        "price_per_unit": "2590",
        "price_unit": "EA"
      }
    ]
  },
  {
    "source_url": "https://www.woolworths.com.au/shop/productdetails/1075407843/zerii-slide-cabinet-organiser-rack-storage-pantry-kitchen-shelf-spice-jars-can-holder",
    "name": "Zerii Slide Cabinet Organiser Rack Storage Pantry Kitchen Shelf Spice Jars Can Holder",
    "image_url": "https://cdn1.woolworths.media/content/wowproductimages/large/1075407843.jpg",
    "source_id": "Woolworths - 1075407843",
    "barcode": null,
    "shop": "Woolworths",
    "weight": "1EA",
    "prices": [
      {
        "state": "NSW",
        "price": "2378",
        "price_per_unit": "2378",
        "price_unit": "EA"
      },
      {
        "state": "VIC",
        "price": "2378",
        "price_per_unit": "2378",
        "price_unit": "EA"
      },
      {
        "state": "TAS",
        "price": "2378",
        "price_per_unit": "2378",
        "price_unit": "EA"
      }
    ]
  },
  {
    "source_url": "https://www.woolworths.com.au/shop/productdetails/827884/clive-of-india-hot-madras-curry-powder",
    "name": "Clive Of India Hot Madras Curry Powder 50g",
    "image_url": "https://cdn1.woolworths.media/content/wowproductimages/large/827884.jpg",
    "source_id": "Woolworths - 827884",
    "barcode": "9310061061201",
    "shop": "Woolworths",
    "weight": "10G",
    "prices": [
      {
        "state": "VIC",
        "price": "280",
        "price_per_unit": "56",
        "price_unit": "G"
      },
      {
        "state": "QLD",
        "price": "280",
        "price_per_unit": "56",
        "price_unit": "G"
      },
      {
        "state": "WA",
        "price": "280",
        "price_per_unit": "56",
        "price_unit": "G"
      },
      {
        "state": "SA",
        "price": "280",
        "price_per_unit": "56",
        "price_unit": "G"
      },
      {
        "state": "TAS",
        "price": "280",
        "price_per_unit": "56",
        "price_unit": "G"
      },
      {
        "state": "ACT",
        "price": "280",
        "price_per_unit": "56",
        "price_unit": "G"
      },
      {
        "state": "NT",
        "price": "295",
        "price_per_unit": "59",
        "price_unit": "G"
      }
    ]
  },
  {
    "source_url": "https://www.woolworths.com.au/shop/productdetails/57478/deliciou-bacon-seasoning-original-original",
    "name": "Deliciou Bacon Seasoning Original Original 55g",
    "image_url": "https://cdn1.woolworths.media/content/wowproductimages/large/057478.jpg",
    "source_id": "Woolworths - 57478",
    "barcode": "9353323000402",
    "shop": "Woolworths",
    "weight": "10G",
    "prices": [
      {
        "state": "VIC",
        "price": "750",
        "price_per_unit": "136",
        "price_unit": "G"
      },
      {
        "state": "QLD",
        "price": "750",
        "price_per_unit": "136",
        "price_unit": "G"
      },
      {
        "state": "WA",
        "price": "750",
        "price_per_unit": "136",
        "price_unit": "G"
      },
      {
        "state": "SA",
        "price": "750",
        "price_per_unit": "136",
        "price_unit": "G"
      },
      {
        "state": "TAS",
        "price": "750",
        "price_per_unit": "136",
        "price_unit": "G"
      },
      {
        "state": "ACT",
        "price": "750",
        "price_per_unit": "136",
        "price_unit": "G"
      },
      {
        "state": "NT",
        "price": "790",
        "price_per_unit": "144",
        "price_unit": "G"
      }
    ]
  },
  {
    "source_url": "https://www.woolworths.com.au/shop/productdetails/94627/hoyt-s-basil",
    "name": "Hoyt's Basil 15G",
    "image_url": "https://cdn1.woolworths.media/content/wowproductimages/large/094627.jpg",
    "source_id": "Woolworths - 94627",
    "barcode": "9300725001032",
    "shop": "Woolworths",
    "weight": "10G",
    "prices": [
      {
        "state": "VIC",
        "price": "215",
        "price_per_unit": "143",
        "price_unit": "G"
      },
      {
        "state": "QLD",
        "price": "215",
        "price_per_unit": "143",
        "price_unit": "G"
      },
      {
        "state": "WA",
        "price": "215",
        "price_per_unit": "143",
        "price_unit": "G"
      },
      {
        "state": "SA",
        "price": "215",
        "price_per_unit": "143",
        "price_unit": "G"
      },
      {
        "state": "TAS",
        "price": "215",
        "price_per_unit": "143",
        "price_unit": "G"
      },
      {
        "state": "ACT",
        "price": "215",
        "price_per_unit": "143",
        "price_unit": "G"
      },
      {
        "state": "NT",
        "price": "215",
        "price_per_unit": "143",
        "price_unit": "G"
      }
    ]
  },
  {
    "source_url": "https://www.woolworths.com.au/shop/productdetails/46787/hoyt-s-bouquet-garni",
    "name": "Hoyt's Bouquet Garni 5g",
    "image_url": "https://cdn1.woolworths.media/content/wowproductimages/large/046787.jpg",
    "source_id": "Woolworths - 46787",
    "barcode": "9300725002978",
    "shop": "Woolworths",
    "weight": "10G",
    "prices": [
      {
        "state": "VIC",
        "price": "260",
        "price_per_unit": "520",
        "price_unit": "G"
      },
      {
        "state": "QLD",
        "price": "260",
        "price_per_unit": "520",
        "price_unit": "G"
      },
      {
        "state": "WA",
        "price": "260",
        "price_per_unit": "520",
        "price_unit": "G"
      },
      {
        "state": "SA",
        "price": "260",
        "price_per_unit": "520",
        "price_unit": "G"
      },
      {
        "state": "TAS",
        "price": "260",
        "price_per_unit": "520",
        "price_unit": "G"
      },
      {
        "state": "ACT",
        "price": "260",
        "price_per_unit": "520",
        "price_unit": "G"
      },
      {
        "state": "NT",
        "price": "260",
        "price_per_unit": "520",
        "price_unit": "G"
      }
    ]
  },
  {
    "source_url": "https://www.woolworths.com.au/shop/productdetails/94628/hoyt-s-caraway-seeds",
    "name": "Hoyt's Caraway Seeds 15G",
    "image_url": "https://cdn1.woolworths.media/content/wowproductimages/large/094628.jpg",
    "source_id": "Woolworths - 94628",
    "barcode": "9300725001049",
    "shop": "Woolworths",
    "weight": "10G",
    "prices": [
      {
        "state": "VIC",
        "price": "180",
        "price_per_unit": "120",
        "price_unit": "G"
      },
      {
        "state": "QLD",
        "price": "180",
        "price_per_unit": "120",
        "price_unit": "G"
      },
      {
        "state": "WA",
        "price": "180",
        "price_per_unit": "120",
        "price_unit": "G"
      },
      {
        "state": "SA",
        "price": "180",
        "price_per_unit": "120",
        "price_unit": "G"
      },
      {
        "state": "TAS",
        "price": "180",
        "price_per_unit": "120",
        "price_unit": "G"
      },
      {
        "state": "ACT",
        "price": "180",
        "price_per_unit": "120",
        "price_unit": "G"
      },
      {
        "state": "NT",
        "price": "180",
        "price_per_unit": "120",
        "price_unit": "G"
      }
    ]
  },
  {
    "source_url": "https://www.woolworths.com.au/shop/productdetails/210357/hoyt-s-cardamom-pods",
    "name": "Hoyt's Cardamom Pods 10G",
    "image_url": "https://cdn1.woolworths.media/content/wowproductimages/large/210357.jpg",
    "source_id": "Woolworths - 210357",
    "barcode": "9300725003210",
    "shop": "Woolworths",
    "weight": "10G",
    "prices": [
      {
        "state": "VIC",
        "price": "310",
        "price_per_unit": "310",
        "price_unit": "G"
      },
      {
        "state": "QLD",
        "price": "310",
        "price_per_unit": "310",
        "price_unit": "G"
      },
      {
        "state": "WA",
        "price": "310",
        "price_per_unit": "310",
        "price_unit": "G"
      },
      {
        "state": "SA",
        "price": "310",
        "price_per_unit": "310",
        "price_unit": "G"
      },
      {
        "state": "TAS",
        "price": "310",
        "price_per_unit": "310",
        "price_unit": "G"
      },
      {
        "state": "ACT",
        "price": "310",
        "price_per_unit": "310",
        "price_unit": "G"
      },
      {
        "state": "NT",
        "price": "310",
        "price_per_unit": "310",
        "price_unit": "G"
      }
    ]
  },
  {
    "source_url": "https://www.woolworths.com.au/shop/productdetails/94629/hoyt-s-cayenne-pepper",
    "name": "Hoyt's Cayenne Pepper 50G",
    "image_url": "https://cdn1.woolworths.media/content/wowproductimages/large/094629.jpg",
    "source_id": "Woolworths - 94629",
    "barcode": "9300725001063",
    "shop": "Woolworths",
    "weight": "10G",
    "prices": [
      {
        "state": "VIC",
        "price": "200",
        "price_per_unit": "40",
        "price_unit": "G"
      },
      {
        "state": "QLD",
        "price": "200",
        "price_per_unit": "40",
        "price_unit": "G"
      },
      {
        "state": "WA",
        "price": "200",
        "price_per_unit": "40",
        "price_unit": "G"
      },
      {
        "state": "SA",
        "price": "200",
        "price_per_unit": "40",
        "price_unit": "G"
      },
      {
        "state": "TAS",
        "price": "200",
        "price_per_unit": "40",
        "price_unit": "G"
      },
      {
        "state": "ACT",
        "price": "200",
        "price_per_unit": "40",
        "price_unit": "G"
      },
      {
        "state": "NT",
        "price": "200",
        "price_per_unit": "40",
        "price_unit": "G"
      }
    ]
  },
  {
    "source_url": "https://www.woolworths.com.au/shop/productdetails/97190/hoyt-s-chilli-dry",
    "name": "Hoyt's Chilli Dry 25G",
    "image_url": "https://cdn1.woolworths.media/content/wowproductimages/large/097190.jpg",
    "source_id": "Woolworths - 97190",
    "barcode": "9300725001704",
    "shop": "Woolworths",
    "weight": "10G",
    "prices": [
      {
        "state": "VIC",
        "price": "220",
        "price_per_unit": "88",
        "price_unit": "G"
      },
      {
        "state": "QLD",
        "price": "220",
        "price_per_unit": "88",
        "price_unit": "G"
      },
      {
        "state": "WA",
        "price": "220",
        "price_per_unit": "88",
        "price_unit": "G"
      },
      {
        "state": "SA",
        "price": "220",
        "price_per_unit": "88",
        "price_unit": "G"
      },
      {
        "state": "TAS",
        "price": "220",
        "price_per_unit": "88",
        "price_unit": "G"
      },
      {
        "state": "ACT",
        "price": "220",
        "price_per_unit": "88",
        "price_unit": "G"
      },
      {
        "state": "NT",
        "price": "220",
        "price_per_unit": "88",
        "price_unit": "G"
      }
    ]
  },
  {
    "source_url": "https://www.woolworths.com.au/shop/productdetails/94630/hoyt-s-chilli-powder",
    "name": "Hoyt's Chilli Powder 50G",
    "image_url": "https://cdn1.woolworths.media/content/wowproductimages/large/094630.jpg",
    "source_id": "Woolworths - 94630",
    "barcode": "9300725001094",
    "shop": "Woolworths",
    "weight": "10G",
    "prices": [
      {
        "state": "VIC",
        "price": "200",
        "price_per_unit": "40",
        "price_unit": "G"
      },
      {
        "state": "QLD",
        "price": "200",
        "price_per_unit": "40",
        "price_unit": "G"
      },
      {
        "state": "WA",
        "price": "200",
        "price_per_unit": "40",
        "price_unit": "G"
      },
      {
        "state": "SA",
        "price": "200",
        "price_per_unit": "40",
        "price_unit": "G"
      },
      {
        "state": "TAS",
        "price": "200",
        "price_per_unit": "40",
        "price_unit": "G"
      },
      {
        "state": "ACT",
        "price": "200",
        "price_per_unit": "40",
        "price_unit": "G"
      },
      {
        "state": "NT",
        "price": "200",
        "price_per_unit": "40",
        "price_unit": "G"
      }
    ]
  },
  {
    "source_url": "https://www.woolworths.com.au/shop/productdetails/94631/hoyt-s-chives",
    "name": "Hoyt's Chives 15G",
    "image_url": "https://cdn1.woolworths.media/content/wowproductimages/large/094631.jpg",
    "source_id": "Woolworths - 94631",
    "barcode": "9300725001100",
    "shop": "Woolworths",
    "weight": "10G",
    "prices": [
      {
        "state": "VIC",
        "price": "240",
        "price_per_unit": "160",
        "price_unit": "G"
      },
      {
        "state": "QLD",
        "price": "240",
        "price_per_unit": "160",
        "price_unit": "G"
      },
      {
        "state": "WA",
        "price": "240",
        "price_per_unit": "160",
        "price_unit": "G"
      },
      {
        "state": "SA",
        "price": "240",
        "price_per_unit": "160",
        "price_unit": "G"
      },
      {
        "state": "TAS",
        "price": "240",
        "price_per_unit": "160",
        "price_unit": "G"
      },
      {
        "state": "ACT",
        "price": "240",
        "price_per_unit": "160",
        "price_unit": "G"
      },
      {
        "state": "NT",
        "price": "240",
        "price_per_unit": "160",
        "price_unit": "G"
      }
    ]
  },
  {
    "source_url": "https://www.woolworths.com.au/shop/productdetails/249587/hoyt-s-cinnamon-dutch-ground",
    "name": "Hoyt's Cinnamon Dutch Ground 150G",
    "image_url": "https://cdn1.woolworths.media/content/wowproductimages/large/249587.jpg",
    "source_id": "Woolworths - 249587",
    "barcode": "9300725011536",
    "shop": "Woolworths",
    "weight": "10G",
    "prices": [
      {
        "state": "VIC",
        "price": "495",
        "price_per_unit": "33",
        "price_unit": "G"
      },
      {
        "state": "QLD",
        "price": "495",
        "price_per_unit": "33",
        "price_unit": "G"
      },
      {
        "state": "WA",
        "price": "495",
        "price_per_unit": "33",
        "price_unit": "G"
      },
      {
        "state": "SA",
        "price": "495",
        "price_per_unit": "33",
        "price_unit": "G"
      },
      null,
      {
        "state": "ACT",
        "price": "495",
        "price_per_unit": "33",
        "price_unit": "G"
      },
      {
        "state": "NT",
        "price": "495",
        "price_per_unit": "33",
        "price_unit": "G"
      }
    ]
  },
  {
    "source_url": "https://www.woolworths.com.au/shop/productdetails/94632/hoyt-s-cinnamon-dutch-ground",
    "name": "Hoyt's Cinnamon Dutch Ground 25G",
    "image_url": "https://cdn1.woolworths.media/content/wowproductimages/large/094632.jpg",
    "source_id": "Woolworths - 94632",
    "barcode": "9300725001117",
    "shop": "Woolworths",
    "weight": "10G",
    "prices": [
      {
        "state": "VIC",
        "price": "180",
        "price_per_unit": "72",
        "price_unit": "G"
      },
      {
        "state": "QLD",
        "price": "180",
        "price_per_unit": "72",
        "price_unit": "G"
      },
      {
        "state": "WA",
        "price": "180",
        "price_per_unit": "72",
        "price_unit": "G"
      },
      {
        "state": "SA",
        "price": "180",
        "price_per_unit": "72",
        "price_unit": "G"
      },
      {
        "state": "TAS",
        "price": "180",
        "price_per_unit": "72",
        "price_unit": "G"
      },
      {
        "state": "ACT",
        "price": "180",
        "price_per_unit": "72",
        "price_unit": "G"
      },
      {
        "state": "NT",
        "price": "180",
        "price_per_unit": "72",
        "price_unit": "G"
      }
    ]
  },
  {
    "source_url": "https://www.woolworths.com.au/shop/productdetails/574874/hoyt-s-cinnamon-sticks",
    "name": "Hoyt's Cinnamon Sticks 45G",
    "image_url": "https://cdn1.woolworths.media/content/wowproductimages/large/574874.jpg",
    "source_id": "Woolworths - 574874",
    "barcode": "9300725012625",
    "shop": "Woolworths",
    "weight": "10G",
    "prices": [
      {
        "state": "VIC",
        "price": "600",
        "price_per_unit": "133",
        "price_unit": "G"
      },
      {
        "state": "QLD",
        "price": "600",
        "price_per_unit": "133",
        "price_unit": "G"
      },
      {
        "state": "WA",
        "price": "600",
        "price_per_unit": "133",
        "price_unit": "G"
      },
      {
        "state": "SA",
        "price": "600",
        "price_per_unit": "133",
        "price_unit": "G"
      },
      {
        "state": "TAS",
        "price": "600",
        "price_per_unit": "133",
        "price_unit": "G"
      },
      {
        "state": "ACT",
        "price": "600",
        "price_per_unit": "133",
        "price_unit": "G"
      },
      {
        "state": "NT",
        "price": "600",
        "price_per_unit": "133",
        "price_unit": "G"
      }
    ]
  },
  {
    "source_url": "https://www.woolworths.com.au/shop/productdetails/716793/hoyt-s-cinnamon-sugar",
    "name": "Hoyt's Cinnamon Sugar 70G",
    "image_url": "https://cdn1.woolworths.media/content/wowproductimages/large/716793.jpg",
    "source_id": "Woolworths - 716793",
    "barcode": "9300725012328",
    "shop": "Woolworths",
    "weight": "10G",
    "prices": [
      {
        "state": "VIC",
        "price": "230",
        "price_per_unit": "33",
        "price_unit": "G"
      },
      {
        "state": "QLD",
        "price": "230",
        "price_per_unit": "33",
        "price_unit": "G"
      },
      {
        "state": "WA",
        "price": "230",
        "price_per_unit": "33",
        "price_unit": "G"
      },
      {
        "state": "SA",
        "price": "230",
        "price_per_unit": "33",
        "price_unit": "G"
      },
      {
        "state": "TAS",
        "price": "230",
        "price_per_unit": "33",
        "price_unit": "G"
      },
      {
        "state": "ACT",
        "price": "230",
        "price_per_unit": "33",
        "price_unit": "G"
      },
      {
        "state": "NT",
        "price": "230",
        "price_per_unit": "33",
        "price_unit": "G"
      }
    ]
  },
  {
    "source_url": "https://www.woolworths.com.au/shop/productdetails/94634/hoyt-s-cloves-whole",
    "name": "Hoyt's Cloves Whole 15G",
    "image_url": "https://cdn1.woolworths.media/content/wowproductimages/large/094634.jpg",
    "source_id": "Woolworths - 94634",
    "barcode": "9300725001131",
    "shop": "Woolworths",
    "weight": "10G",
    "prices": [
      {
        "state": "VIC",
        "price": "180",
        "price_per_unit": "120",
        "price_unit": "G"
      },
      {
        "state": "QLD",
        "price": "180",
        "price_per_unit": "120",
        "price_unit": "G"
      },
      {
        "state": "WA",
        "price": "180",
        "price_per_unit": "120",
        "price_unit": "G"
      },
      {
        "state": "SA",
        "price": "180",
        "price_per_unit": "120",
        "price_unit": "G"
      },
      {
        "state": "TAS",
        "price": "180",
        "price_per_unit": "120",
        "price_unit": "G"
      },
      {
        "state": "ACT",
        "price": "180",
        "price_per_unit": "120",
        "price_unit": "G"
      },
      {
        "state": "NT",
        "price": "180",
        "price_per_unit": "120",
        "price_unit": "G"
      }
    ]
  },
  {
    "source_url": "https://www.woolworths.com.au/shop/productdetails/94635/hoyt-s-coriander-ground",
    "name": "Hoyt's Coriander Ground 25G",
    "image_url": "https://cdn1.woolworths.media/content/wowproductimages/large/094635.jpg",
    "source_id": "Woolworths - 94635",
    "barcode": "9300725001636",
    "shop": "Woolworths",
    "weight": "10G",
    "prices": [
      {
        "state": "VIC",
        "price": "195",
        "price_per_unit": "78",
        "price_unit": "G"
      },
      {
        "state": "QLD",
        "price": "195",
        "price_per_unit": "78",
        "price_unit": "G"
      },
      {
        "state": "WA",
        "price": "195",
        "price_per_unit": "78",
        "price_unit": "G"
      },
      {
        "state": "SA",
        "price": "195",
        "price_per_unit": "78",
        "price_unit": "G"
      },
      {
        "state": "TAS",
        "price": "195",
        "price_per_unit": "78",
        "price_unit": "G"
      },
      {
        "state": "ACT",
        "price": "195",
        "price_per_unit": "78",
        "price_unit": "G"
      },
      {
        "state": "NT",
        "price": "195",
        "price_per_unit": "78",
        "price_unit": "G"
      }
    ]
  },
  {
    "source_url": "https://www.woolworths.com.au/shop/productdetails/20399/hoyt-s-coriander-seed-whole",
    "name": "Hoyt's Coriander Seed Whole 25G",
    "image_url": "https://cdn1.woolworths.media/content/wowproductimages/large/020399.jpg",
    "source_id": "Woolworths - 20399",
    "barcode": "9300725001148",
    "shop": "Woolworths",
    "weight": "10G",
    "prices": [
      {
        "state": "VIC",
        "price": "155",
        "price_per_unit": "62",
        "price_unit": "G"
      },
      {
        "state": "QLD",
        "price": "155",
        "price_per_unit": "62",
        "price_unit": "G"
      },
      {
        "state": "WA",
        "price": "155",
        "price_per_unit": "62",
        "price_unit": "G"
      },
      {
        "state": "SA",
        "price": "155",
        "price_per_unit": "62",
        "price_unit": "G"
      },
      {
        "state": "TAS",
        "price": "155",
        "price_per_unit": "62",
        "price_unit": "G"
      },
      {
        "state": "ACT",
        "price": "155",
        "price_per_unit": "62",
        "price_unit": "G"
      },
      {
        "state": "NT",
        "price": "155",
        "price_per_unit": "62",
        "price_unit": "G"
      }
    ]
  },
  {
    "source_url": "https://www.woolworths.com.au/shop/productdetails/20380/hoyt-s-cumin-seeds-whole",
    "name": "Hoyt's Cumin Seeds Whole 25G",
    "image_url": "https://cdn1.woolworths.media/content/wowproductimages/large/020380.jpg",
    "source_id": "Woolworths - 20380",
    "barcode": "9300725001155",
    "shop": "Woolworths",
    "weight": "10G",
    "prices": [
      {
        "state": "VIC",
        "price": "225",
        "price_per_unit": "90",
        "price_unit": "G"
      },
      {
        "state": "QLD",
        "price": "225",
        "price_per_unit": "90",
        "price_unit": "G"
      },
      {
        "state": "WA",
        "price": "225",
        "price_per_unit": "90",
        "price_unit": "G"
      },
      {
        "state": "SA",
        "price": "225",
        "price_per_unit": "90",
        "price_unit": "G"
      },
      {
        "state": "TAS",
        "price": "225",
        "price_per_unit": "90",
        "price_unit": "G"
      },
      {
        "state": "ACT",
        "price": "225",
        "price_per_unit": "90",
        "price_unit": "G"
      },
      {
        "state": "NT",
        "price": "225",
        "price_per_unit": "90",
        "price_unit": "G"
      }
    ]
  },
  {
    "source_url": "https://www.woolworths.com.au/shop/productdetails/716890/hoyt-s-curry-powder-mild",
    "name": "Hoyt's Curry Powder Mild 50G",
    "image_url": "https://cdn1.woolworths.media/content/wowproductimages/large/716890.jpg",
    "source_id": "Woolworths - 716890",
    "barcode": "9300725002213",
    "shop": "Woolworths",
    "weight": "10G",
    "prices": [
      {
        "state": "VIC",
        "price": "230",
        "price_per_unit": "46",
        "price_unit": "G"
      },
      {
        "state": "QLD",
        "price": "230",
        "price_per_unit": "46",
        "price_unit": "G"
      },
      {
        "state": "WA",
        "price": "230",
        "price_per_unit": "46",
        "price_unit": "G"
      },
      {
        "state": "SA",
        "price": "230",
        "price_per_unit": "46",
        "price_unit": "G"
      },
      {
        "state": "TAS",
        "price": "230",
        "price_per_unit": "46",
        "price_unit": "G"
      },
      {
        "state": "ACT",
        "price": "230",
        "price_per_unit": "46",
        "price_unit": "G"
      },
      {
        "state": "NT",
        "price": "230",
        "price_per_unit": "46",
        "price_unit": "G"
      }
    ]
  },
  {
    "source_url": "https://www.woolworths.com.au/shop/productdetails/226931/hoyt-s-garam-masala",
    "name": "Hoyt's Garam Masala 25G",
    "image_url": "https://cdn1.woolworths.media/content/wowproductimages/large/226931.jpg",
    "source_id": "Woolworths - 226931",
    "barcode": "9300725002077",
    "shop": "Woolworths",
    "weight": "10G",
    "prices": [
      {
        "state": "VIC",
        "price": "260",
        "price_per_unit": "104",
        "price_unit": "G"
      },
      {
        "state": "QLD",
        "price": "260",
        "price_per_unit": "104",
        "price_unit": "G"
      },
      {
        "state": "WA",
        "price": "260",
        "price_per_unit": "104",
        "price_unit": "G"
      },
      {
        "state": "SA",
        "price": "260",
        "price_per_unit": "104",
        "price_unit": "G"
      },
      {
        "state": "TAS",
        "price": "260",
        "price_per_unit": "104",
        "price_unit": "G"
      },
      {
        "state": "ACT",
        "price": "260",
        "price_per_unit": "104",
        "price_unit": "G"
      },
      {
        "state": "NT",
        "price": "260",
        "price_per_unit": "104",
        "price_unit": "G"
      }
    ]
  },
  {
    "source_url": "https://www.woolworths.com.au/shop/productdetails/70288/hoyt-s-garlic-granules",
    "name": "Hoyt's Garlic Granules 40G",
    "image_url": "https://cdn1.woolworths.media/content/wowproductimages/large/070288.jpg",
    "source_id": "Woolworths - 70288",
    "barcode": "9300725001223",
    "shop": "Woolworths",
    "weight": "10G",
    "prices": [
      {
        "state": "VIC",
        "price": "220",
        "price_per_unit": "55",
        "price_unit": "G"
      },
      {
        "state": "QLD",
        "price": "220",
        "price_per_unit": "55",
        "price_unit": "G"
      },
      {
        "state": "WA",
        "price": "220",
        "price_per_unit": "55",
        "price_unit": "G"
      },
      {
        "state": "SA",
        "price": "220",
        "price_per_unit": "55",
        "price_unit": "G"
      },
      {
        "state": "TAS",
        "price": "220",
        "price_per_unit": "55",
        "price_unit": "G"
      },
      {
        "state": "ACT",
        "price": "220",
        "price_per_unit": "55",
        "price_unit": "G"
      },
      {
        "state": "NT",
        "price": "220",
        "price_per_unit": "55",
        "price_unit": "G"
      }
    ]
  },
  {
    "source_url": "https://www.woolworths.com.au/shop/productdetails/94637/hoyt-s-garlic-powder",
    "name": "Hoyt's Garlic Powder 25G",
    "image_url": "https://cdn1.woolworths.media/content/wowproductimages/large/094637.jpg",
    "source_id": "Woolworths - 94637",
    "barcode": "9300725001193",
    "shop": "Woolworths",
    "weight": "10G",
    "prices": [
      {
        "state": "VIC",
        "price": "160",
        "price_per_unit": "64",
        "price_unit": "G"
      },
      {
        "state": "QLD",
        "price": "160",
        "price_per_unit": "64",
        "price_unit": "G"
      },
      {
        "state": "WA",
        "price": "160",
        "price_per_unit": "64",
        "price_unit": "G"
      },
      {
        "state": "SA",
        "price": "160",
        "price_per_unit": "64",
        "price_unit": "G"
      },
      {
        "state": "TAS",
        "price": "160",
        "price_per_unit": "64",
        "price_unit": "G"
      },
      {
        "state": "ACT",
        "price": "160",
        "price_per_unit": "64",
        "price_unit": "G"
      },
      {
        "state": "NT",
        "price": "160",
        "price_per_unit": "64",
        "price_unit": "G"
      }
    ]
  },
  {
    "source_url": "https://www.woolworths.com.au/shop/productdetails/55377/hoyt-s-ginger-ground",
    "name": "Hoyt's Ginger Ground 50G",
    "image_url": "https://cdn1.woolworths.media/content/wowproductimages/large/055377.jpg",
    "source_id": "Woolworths - 55377",
    "barcode": "9300725001667",
    "shop": "Woolworths",
    "weight": "10G",
    "prices": [
      {
        "state": "VIC",
        "price": "440",
        "price_per_unit": "88",
        "price_unit": "G"
      },
      {
        "state": "QLD",
        "price": "440",
        "price_per_unit": "88",
        "price_unit": "G"
      },
      {
        "state": "WA",
        "price": "440",
        "price_per_unit": "88",
        "price_unit": "G"
      },
      {
        "state": "SA",
        "price": "440",
        "price_per_unit": "88",
        "price_unit": "G"
      },
      {
        "state": "TAS",
        "price": "440",
        "price_per_unit": "88",
        "price_unit": "G"
      },
      {
        "state": "ACT",
        "price": "440",
        "price_per_unit": "88",
        "price_unit": "G"
      },
      {
        "state": "NT",
        "price": "440",
        "price_per_unit": "88",
        "price_unit": "G"
      }
    ]
  },
  {
    "source_url": "https://www.woolworths.com.au/shop/productdetails/210354/hoyt-s-italian-herb-mix",
    "name": "Hoyt's Italian Herb Mix 35G",
    "image_url": "https://cdn1.woolworths.media/content/wowproductimages/large/210354.jpg",
    "source_id": "Woolworths - 210354",
    "barcode": "9300725007911",
    "shop": "Woolworths",
    "weight": "10G",
    "prices": [
      {
        "state": "VIC",
        "price": "320",
        "price_per_unit": "91",
        "price_unit": "G"
      },
      {
        "state": "QLD",
        "price": "320",
        "price_per_unit": "91",
        "price_unit": "G"
      },
      {
        "state": "WA",
        "price": "320",
        "price_per_unit": "91",
        "price_unit": "G"
      },
      {
        "state": "SA",
        "price": "320",
        "price_per_unit": "91",
        "price_unit": "G"
      },
      {
        "state": "TAS",
        "price": "320",
        "price_per_unit": "91",
        "price_unit": "G"
      },
      {
        "state": "ACT",
        "price": "320",
        "price_per_unit": "91",
        "price_unit": "G"
      },
      {
        "state": "NT",
        "price": "320",
        "price_per_unit": "91",
        "price_unit": "G"
      }
    ]
  },
  {
    "source_url": "https://www.woolworths.com.au/shop/productdetails/94640/hoyt-s-mixed-herbs",
    "name": "Hoyt's Mixed Herbs 25G",
    "image_url": "https://cdn1.woolworths.media/content/wowproductimages/large/094640.jpg",
    "source_id": "Woolworths - 94640",
    "barcode": "9300725001261",
    "shop": "Woolworths",
    "weight": "10G",
    "prices": [
      {
        "state": "VIC",
        "price": "195",
        "price_per_unit": "78",
        "price_unit": "G"
      },
      {
        "state": "QLD",
        "price": "195",
        "price_per_unit": "78",
        "price_unit": "G"
      },
      {
        "state": "WA",
        "price": "195",
        "price_per_unit": "78",
        "price_unit": "G"
      },
      {
        "state": "SA",
        "price": "195",
        "price_per_unit": "78",
        "price_unit": "G"
      },
      {
        "state": "TAS",
        "price": "195",
        "price_per_unit": "78",
        "price_unit": "G"
      },
      {
        "state": "ACT",
        "price": "195",
        "price_per_unit": "78",
        "price_unit": "G"
      },
      {
        "state": "NT",
        "price": "195",
        "price_per_unit": "78",
        "price_unit": "G"
      }
    ]
  },
  {
    "source_url": "https://www.woolworths.com.au/shop/productdetails/33287/hoyt-s-mixed-herbs",
    "name": "Hoyt's Mixed Herbs 70G",
    "image_url": "https://cdn1.woolworths.media/content/wowproductimages/large/033287.jpg",
    "source_id": "Woolworths - 33287",
    "barcode": "9300725002305",
    "shop": "Woolworths",
    "weight": "10G",
    "prices": [
      {
        "state": "VIC",
        "price": "380",
        "price_per_unit": "54",
        "price_unit": "G"
      },
      {
        "state": "QLD",
        "price": "380",
        "price_per_unit": "54",
        "price_unit": "G"
      },
      {
        "state": "WA",
        "price": "380",
        "price_per_unit": "54",
        "price_unit": "G"
      },
      {
        "state": "SA",
        "price": "380",
        "price_per_unit": "54",
        "price_unit": "G"
      },
      {
        "state": "TAS",
        "price": "380",
        "price_per_unit": "54",
        "price_unit": "G"
      },
      {
        "state": "ACT",
        "price": "380",
        "price_per_unit": "54",
        "price_unit": "G"
      },
      {
        "state": "NT",
        "price": "380",
        "price_per_unit": "54",
        "price_unit": "G"
      }
    ]
  },
  {
    "source_url": "https://www.woolworths.com.au/shop/productdetails/94641/hoyt-s-mixed-spice",
    "name": "Hoyt's Mixed Spice 25G",
    "image_url": "https://cdn1.woolworths.media/content/wowproductimages/large/094641.jpg",
    "source_id": "Woolworths - 94641",
    "barcode": "9300725001285",
    "shop": "Woolworths",
    "weight": "10G",
    "prices": [
      {
        "state": "VIC",
        "price": "175",
        "price_per_unit": "70",
        "price_unit": "G"
      },
      {
        "state": "QLD",
        "price": "175",
        "price_per_unit": "70",
        "price_unit": "G"
      },
      {
        "state": "WA",
        "price": "175",
        "price_per_unit": "70",
        "price_unit": "G"
      },
      {
        "state": "SA",
        "price": "175",
        "price_per_unit": "70",
        "price_unit": "G"
      },
      {
        "state": "TAS",
        "price": "175",
        "price_per_unit": "70",
        "price_unit": "G"
      },
      {
        "state": "ACT",
        "price": "175",
        "price_per_unit": "70",
        "price_unit": "G"
      },
      {
        "state": "NT",
        "price": "175",
        "price_per_unit": "70",
        "price_unit": "G"
      }
    ]
  },
  {
    "source_url": "https://www.woolworths.com.au/shop/productdetails/20363/hoyt-s-mustard-powder",
    "name": "Hoyt's Mustard Powder 50G",
    "image_url": "https://cdn1.woolworths.media/content/wowproductimages/large/020363.jpg",
    "source_id": "Woolworths - 20363",
    "barcode": "9300725002190",
    "shop": "Woolworths",
    "weight": "10G",
    "prices": [
      {
        "state": "VIC",
        "price": "220",
        "price_per_unit": "44",
        "price_unit": "G"
      },
      {
        "state": "QLD",
        "price": "220",
        "price_per_unit": "44",
        "price_unit": "G"
      },
      {
        "state": "WA",
        "price": "220",
        "price_per_unit": "44",
        "price_unit": "G"
      },
      {
        "state": "SA",
        "price": "220",
        "price_per_unit": "44",
        "price_unit": "G"
      },
      {
        "state": "TAS",
        "price": "220",
        "price_per_unit": "44",
        "price_unit": "G"
      },
      {
        "state": "ACT",
        "price": "220",
        "price_per_unit": "44",
        "price_unit": "G"
      },
      {
        "state": "NT",
        "price": "220",
        "price_per_unit": "44",
        "price_unit": "G"
      }
    ]
  },
  {
    "source_url": "https://www.woolworths.com.au/shop/productdetails/54179/hoyt-s-mustard-seed",
    "name": "Hoyt's Mustard Seed 25G",
    "image_url": "https://cdn1.woolworths.media/content/wowproductimages/large/054179.jpg",
    "source_id": "Woolworths - 54179",
    "barcode": "9300725001315",
    "shop": "Woolworths",
    "weight": "10G",
    "prices": [
      {
        "state": "VIC",
        "price": "155",
        "price_per_unit": "62",
        "price_unit": "G"
      },
      {
        "state": "QLD",
        "price": "155",
        "price_per_unit": "62",
        "price_unit": "G"
      },
      {
        "state": "WA",
        "price": "155",
        "price_per_unit": "62",
        "price_unit": "G"
      },
      {
        "state": "SA",
        "price": "155",
        "price_per_unit": "62",
        "price_unit": "G"
      },
      {
        "state": "TAS",
        "price": "155",
        "price_per_unit": "62",
        "price_unit": "G"
      },
      {
        "state": "ACT",
        "price": "155",
        "price_per_unit": "62",
        "price_unit": "G"
      },
      {
        "state": "NT",
        "price": "155",
        "price_per_unit": "62",
        "price_unit": "G"
      }
    ]
  },
  {
    "source_url": "https://www.woolworths.com.au/shop/productdetails/94608/hoyt-s-nutmeg-ground",
    "name": "Hoyt's Nutmeg Ground 25G",
    "image_url": "https://cdn1.woolworths.media/content/wowproductimages/large/094608.jpg",
    "source_id": "Woolworths - 94608",
    "barcode": "9300725001681",
    "shop": "Woolworths",
    "weight": "10G",
    "prices": [
      {
        "state": "VIC",
        "price": "250",
        "price_per_unit": "100",
        "price_unit": "G"
      },
      {
        "state": "QLD",
        "price": "250",
        "price_per_unit": "100",
        "price_unit": "G"
      },
      {
        "state": "WA",
        "price": "250",
        "price_per_unit": "100",
        "price_unit": "G"
      },
      {
        "state": "SA",
        "price": "250",
        "price_per_unit": "100",
        "price_unit": "G"
      },
      {
        "state": "TAS",
        "price": "250",
        "price_per_unit": "100",
        "price_unit": "G"
      },
      {
        "state": "ACT",
        "price": "250",
        "price_per_unit": "100",
        "price_unit": "G"
      },
      {
        "state": "NT",
        "price": "250",
        "price_per_unit": "100",
        "price_unit": "G"
      }
    ]
  },
  {
    "source_url": "https://www.woolworths.com.au/shop/productdetails/279806/hoyt-s-nutmeg-whole-whole",
    "name": "Hoyt's Nutmeg Whole Whole 30g",
    "image_url": "https://cdn1.woolworths.media/content/wowproductimages/large/279806.jpg",
    "source_id": "Woolworths - 279806",
    "barcode": "9300725012045",
    "shop": "Woolworths",
    "weight": "10G",
    "prices": [
      {
        "state": "VIC",
        "price": "300",
        "price_per_unit": "100",
        "price_unit": "G"
      },
      {
        "state": "QLD",
        "price": "300",
        "price_per_unit": "100",
        "price_unit": "G"
      },
      {
        "state": "WA",
        "price": "300",
        "price_per_unit": "100",
        "price_unit": "G"
      },
      {
        "state": "SA",
        "price": "300",
        "price_per_unit": "100",
        "price_unit": "G"
      },
      {
        "state": "TAS",
        "price": "300",
        "price_per_unit": "100",
        "price_unit": "G"
      },
      {
        "state": "ACT",
        "price": "300",
        "price_per_unit": "100",
        "price_unit": "G"
      },
      {
        "state": "NT",
        "price": "300",
        "price_per_unit": "100",
        "price_unit": "G"
      }
    ]
  },
  {
    "source_url": "https://www.woolworths.com.au/shop/productdetails/94610/hoyt-s-onion-dried",
    "name": "Hoyt's Onion Dried 40G",
    "image_url": "https://cdn1.woolworths.media/content/wowproductimages/large/094610.jpg",
    "source_id": "Woolworths - 94610",
    "barcode": "9300725001339",
    "shop": "Woolworths",
    "weight": "10G",
    "prices": [
      {
        "state": "VIC",
        "price": "200",
        "price_per_unit": "50",
        "price_unit": "G"
      },
      {
        "state": "QLD",
        "price": "200",
        "price_per_unit": "50",
        "price_unit": "G"
      },
      {
        "state": "WA",
        "price": "200",
        "price_per_unit": "50",
        "price_unit": "G"
      },
      {
        "state": "SA",
        "price": "200",
        "price_per_unit": "50",
        "price_unit": "G"
      },
      {
        "state": "TAS",
        "price": "200",
        "price_per_unit": "50",
        "price_unit": "G"
      },
      {
        "state": "ACT",
        "price": "200",
        "price_per_unit": "50",
        "price_unit": "G"
      },
      {
        "state": "NT",
        "price": "200",
        "price_per_unit": "50",
        "price_unit": "G"
      }
    ]
  },
  {
    "source_url": "https://www.woolworths.com.au/shop/productdetails/94612/hoyt-s-oregano",
    "name": "Hoyt's Oregano 25G",
    "image_url": "https://cdn1.woolworths.media/content/wowproductimages/large/094612.jpg",
    "source_id": "Woolworths - 94612",
    "barcode": "9300725001346",
    "shop": "Woolworths",
    "weight": "10G",
    "prices": [
      {
        "state": "VIC",
        "price": "200",
        "price_per_unit": "80",
        "price_unit": "G"
      },
      {
        "state": "QLD",
        "price": "200",
        "price_per_unit": "80",
        "price_unit": "G"
      },
      {
        "state": "WA",
        "price": "200",
        "price_per_unit": "80",
        "price_unit": "G"
      },
      {
        "state": "SA",
        "price": "200",
        "price_per_unit": "80",
        "price_unit": "G"
      },
      {
        "state": "TAS",
        "price": "200",
        "price_per_unit": "80",
        "price_unit": "G"
      },
      {
        "state": "ACT",
        "price": "200",
        "price_per_unit": "80",
        "price_unit": "G"
      },
      {
        "state": "NT",
        "price": "200",
        "price_per_unit": "80",
        "price_unit": "G"
      }
    ]
  },
  {
    "source_url": "https://www.woolworths.com.au/shop/productdetails/57055/hoyt-s-oregano",
    "name": "Hoyt's Oregano 60G",
    "image_url": "https://cdn1.woolworths.media/content/wowproductimages/large/057055.jpg",
    "source_id": "Woolworths - 57055",
    "barcode": "9300725002329",
    "shop": "Woolworths",
    "weight": "10G",
    "prices": [
      {
        "state": "VIC",
        "price": "330",
        "price_per_unit": "55",
        "price_unit": "G"
      },
      {
        "state": "QLD",
        "price": "330",
        "price_per_unit": "55",
        "price_unit": "G"
      },
      {
        "state": "WA",
        "price": "330",
        "price_per_unit": "55",
        "price_unit": "G"
      },
      {
        "state": "SA",
        "price": "330",
        "price_per_unit": "55",
        "price_unit": "G"
      },
      {
        "state": "TAS",
        "price": "330",
        "price_per_unit": "55",
        "price_unit": "G"
      },
      {
        "state": "ACT",
        "price": "330",
        "price_per_unit": "55",
        "price_unit": "G"
      },
      {
        "state": "NT",
        "price": "330",
        "price_per_unit": "55",
        "price_unit": "G"
      }
    ]
  },
  {
    "source_url": "https://www.woolworths.com.au/shop/productdetails/94614/hoyt-s-paprika-hot",
    "name": "Hoyt's Paprika Hot 50G",
    "image_url": "https://cdn1.woolworths.media/content/wowproductimages/large/094614.jpg",
    "source_id": "Woolworths - 94614",
    "barcode": "9300725001407",
    "shop": "Woolworths",
    "weight": "10G",
    "prices": [
      {
        "state": "VIC",
        "price": "175",
        "price_per_unit": "35",
        "price_unit": "G"
      },
      {
        "state": "QLD",
        "price": "175",
        "price_per_unit": "35",
        "price_unit": "G"
      },
      {
        "state": "WA",
        "price": "175",
        "price_per_unit": "35",
        "price_unit": "G"
      },
      {
        "state": "SA",
        "price": "175",
        "price_per_unit": "35",
        "price_unit": "G"
      },
      {
        "state": "TAS",
        "price": "175",
        "price_per_unit": "35",
        "price_unit": "G"
      },
      {
        "state": "ACT",
        "price": "175",
        "price_per_unit": "35",
        "price_unit": "G"
      },
      {
        "state": "NT",
        "price": "175",
        "price_per_unit": "35",
        "price_unit": "G"
      }
    ]
  },
  {
    "source_url": "https://www.woolworths.com.au/shop/productdetails/94613/hoyt-s-paprika-sweet",
    "name": "Hoyt's Paprika Sweet 100G",
    "image_url": "https://cdn1.woolworths.media/content/wowproductimages/large/094613.jpg",
    "source_id": "Woolworths - 94613",
    "barcode": "9300725001377",
    "shop": "Woolworths",
    "weight": "10G",
    "prices": [
      {
        "state": "VIC",
        "price": "285",
        "price_per_unit": "29",
        "price_unit": "G"
      },
      {
        "state": "QLD",
        "price": "285",
        "price_per_unit": "29",
        "price_unit": "G"
      },
      {
        "state": "WA",
        "price": "285",
        "price_per_unit": "29",
        "price_unit": "G"
      },
      {
        "state": "SA",
        "price": "285",
        "price_per_unit": "29",
        "price_unit": "G"
      },
      {
        "state": "TAS",
        "price": "285",
        "price_per_unit": "29",
        "price_unit": "G"
      },
      {
        "state": "ACT",
        "price": "285",
        "price_per_unit": "29",
        "price_unit": "G"
      },
      {
        "state": "NT",
        "price": "285",
        "price_per_unit": "29",
        "price_unit": "G"
      }
    ]
  },
  {
    "source_url": "https://www.woolworths.com.au/shop/productdetails/57056/hoyt-s-paprika-sweet",
    "name": "Hoyt's Paprika Sweet 190G",
    "image_url": "https://cdn1.woolworths.media/content/wowproductimages/large/057056.jpg",
    "source_id": "Woolworths - 57056",
    "barcode": "9300725002374",
    "shop": "Woolworths",
    "weight": "10G",
    "prices": [
      {
        "state": "VIC",
        "price": "460",
        "price_per_unit": "24",
        "price_unit": "G"
      },
      {
        "state": "QLD",
        "price": "460",
        "price_per_unit": "24",
        "price_unit": "G"
      },
      {
        "state": "WA",
        "price": "460",
        "price_per_unit": "24",
        "price_unit": "G"
      },
      {
        "state": "SA",
        "price": "460",
        "price_per_unit": "24",
        "price_unit": "G"
      },
      {
        "state": "TAS",
        "price": "460",
        "price_per_unit": "24",
        "price_unit": "G"
      },
      {
        "state": "ACT",
        "price": "460",
        "price_per_unit": "24",
        "price_unit": "G"
      },
      {
        "state": "NT",
        "price": "460",
        "price_per_unit": "24",
        "price_unit": "G"
      }
    ]
  },
  {
    "source_url": "https://www.woolworths.com.au/shop/productdetails/94616/hoyt-s-parsley",
    "name": "Hoyt's Parsley 15G",
    "image_url": "https://cdn1.woolworths.media/content/wowproductimages/large/094616.jpg",
    "source_id": "Woolworths - 94616",
    "barcode": "9300725001421",
    "shop": "Woolworths",
    "weight": "10G",
    "prices": [
      {
        "state": "VIC",
        "price": "200",
        "price_per_unit": "133",
        "price_unit": "G"
      },
      {
        "state": "QLD",
        "price": "200",
        "price_per_unit": "133",
        "price_unit": "G"
      },
      {
        "state": "WA",
        "price": "200",
        "price_per_unit": "133",
        "price_unit": "G"
      },
      {
        "state": "SA",
        "price": "200",
        "price_per_unit": "133",
        "price_unit": "G"
      },
      {
        "state": "TAS",
        "price": "200",
        "price_per_unit": "133",
        "price_unit": "G"
      },
      {
        "state": "ACT",
        "price": "200",
        "price_per_unit": "133",
        "price_unit": "G"
      },
      {
        "state": "NT",
        "price": "200",
        "price_per_unit": "133",
        "price_unit": "G"
      }
    ]
  },
  {
    "source_url": "https://www.woolworths.com.au/shop/productdetails/94618/hoyt-s-pepper-black-whole",
    "name": "Hoyt's Pepper Black Whole 100G",
    "image_url": "https://cdn1.woolworths.media/content/wowproductimages/large/094618.jpg",
    "source_id": "Woolworths - 94618",
    "barcode": "9300725001452",
    "shop": "Woolworths",
    "weight": "10G",
    "prices": [
      {
        "state": "VIC",
        "price": "500",
        "price_per_unit": "50",
        "price_unit": "G"
      },
      {
        "state": "QLD",
        "price": "500",
        "price_per_unit": "50",
        "price_unit": "G"
      },
      {
        "state": "WA",
        "price": "500",
        "price_per_unit": "50",
        "price_unit": "G"
      },
      {
        "state": "SA",
        "price": "500",
        "price_per_unit": "50",
        "price_unit": "G"
      },
      {
        "state": "TAS",
        "price": "500",
        "price_per_unit": "50",
        "price_unit": "G"
      },
      {
        "state": "ACT",
        "price": "500",
        "price_per_unit": "50",
        "price_unit": "G"
      },
      {
        "state": "NT",
        "price": "500",
        "price_per_unit": "50",
        "price_unit": "G"
      }
    ]
  },
  {
    "source_url": "https://www.woolworths.com.au/shop/productdetails/210359/hoyt-s-pepper-four-colour-mix",
    "name": "Hoyt's Pepper Four Colour Mix 50G",
    "image_url": "https://cdn1.woolworths.media/content/wowproductimages/large/210359.jpg",
    "source_id": "Woolworths - 210359",
    "barcode": "9300725009557",
    "shop": "Woolworths",
    "weight": "10G",
    "prices": [
      {
        "state": "VIC",
        "price": "450",
        "price_per_unit": "90",
        "price_unit": "G"
      },
      {
        "state": "QLD",
        "price": "450",
        "price_per_unit": "90",
        "price_unit": "G"
      },
      {
        "state": "WA",
        "price": "450",
        "price_per_unit": "90",
        "price_unit": "G"
      },
      {
        "state": "SA",
        "price": "450",
        "price_per_unit": "90",
        "price_unit": "G"
      },
      {
        "state": "TAS",
        "price": "450",
        "price_per_unit": "90",
        "price_unit": "G"
      },
      {
        "state": "ACT",
        "price": "450",
        "price_per_unit": "90",
        "price_unit": "G"
      },
      {
        "state": "NT",
        "price": "450",
        "price_per_unit": "90",
        "price_unit": "G"
      }
    ]
  },
  {
    "source_url": "https://www.woolworths.com.au/shop/productdetails/279814/hoyt-s-pickling-dried-spices",
    "name": "Hoyt's Pickling Dried Spices 35G",
    "image_url": "https://cdn1.woolworths.media/content/wowproductimages/large/279814.jpg",
    "source_id": "Woolworths - 279814",
    "barcode": "9300725012090",
    "shop": "Woolworths",
    "weight": "10G",
    "prices": [
      {
        "state": "VIC",
        "price": "260",
        "price_per_unit": "74",
        "price_unit": "G"
      },
      {
        "state": "QLD",
        "price": "260",
        "price_per_unit": "74",
        "price_unit": "G"
      },
      {
        "state": "WA",
        "price": "260",
        "price_per_unit": "74",
        "price_unit": "G"
      },
      {
        "state": "SA",
        "price": "260",
        "price_per_unit": "74",
        "price_unit": "G"
      },
      {
        "state": "TAS",
        "price": "260",
        "price_per_unit": "74",
        "price_unit": "G"
      },
      {
        "state": "ACT",
        "price": "260",
        "price_per_unit": "74",
        "price_unit": "G"
      },
      {
        "state": "NT",
        "price": "260",
        "price_per_unit": "74",
        "price_unit": "G"
      }
    ]
  },
  {
    "source_url": "https://www.woolworths.com.au/shop/productdetails/643500/hoyt-s-pine-nuts",
    "name": "Hoyt's Pine Nuts 25g",
    "image_url": "https://cdn1.woolworths.media/content/wowproductimages/large/643500.jpg",
    "source_id": "Woolworths - 643500",
    "barcode": "9300725002237",
    "shop": "Woolworths",
    "weight": "10G",
    "prices": [
      {
        "state": "VIC",
        "price": "380",
        "price_per_unit": "152",
        "price_unit": "G"
      },
      {
        "state": "QLD",
        "price": "380",
        "price_per_unit": "152",
        "price_unit": "G"
      },
      {
        "state": "WA",
        "price": "380",
        "price_per_unit": "152",
        "price_unit": "G"
      },
      {
        "state": "SA",
        "price": "380",
        "price_per_unit": "152",
        "price_unit": "G"
      },
      {
        "state": "TAS",
        "price": "380",
        "price_per_unit": "152",
        "price_unit": "G"
      },
      {
        "state": "ACT",
        "price": "380",
        "price_per_unit": "152",
        "price_unit": "G"
      },
      {
        "state": "NT",
        "price": "380",
        "price_per_unit": "152",
        "price_unit": "G"
      }
    ]
  },
  {
    "source_url": "https://www.woolworths.com.au/shop/productdetails/70361/hoyt-s-poppy-seed",
    "name": "Hoyt's Poppy Seed 100G",
    "image_url": "https://cdn1.woolworths.media/content/wowproductimages/large/070361.jpg",
    "source_id": "Woolworths - 70361",
    "barcode": "9300725001520",
    "shop": "Woolworths",
    "weight": "10G",
    "prices": [
      {
        "state": "VIC",
        "price": "225",
        "price_per_unit": "23",
        "price_unit": "G"
      },
      {
        "state": "QLD",
        "price": "225",
        "price_per_unit": "23",
        "price_unit": "G"
      },
      {
        "state": "WA",
        "price": "225",
        "price_per_unit": "23",
        "price_unit": "G"
      },
      {
        "state": "SA",
        "price": "225",
        "price_per_unit": "23",
        "price_unit": "G"
      },
      {
        "state": "TAS",
        "price": "225",
        "price_per_unit": "23",
        "price_unit": "G"
      },
      {
        "state": "ACT",
        "price": "225",
        "price_per_unit": "23",
        "price_unit": "G"
      },
      {
        "state": "NT",
        "price": "225",
        "price_per_unit": "23",
        "price_unit": "G"
      }
    ]
  },
  {
    "source_url": "https://www.woolworths.com.au/shop/productdetails/210623/hoyt-s-poppy-seed",
    "name": "Hoyt's Poppy Seed 240G",
    "image_url": "https://cdn1.woolworths.media/content/wowproductimages/large/210623.jpg",
    "source_id": "Woolworths - 210623",
    "barcode": "9300725011345",
    "shop": "Woolworths",
    "weight": "10G",
    "prices": [
      {
        "state": "VIC",
        "price": "500",
        "price_per_unit": "21",
        "price_unit": "G"
      },
      {
        "state": "QLD",
        "price": "500",
        "price_per_unit": "21",
        "price_unit": "G"
      },
      {
        "state": "WA",
        "price": "500",
        "price_per_unit": "21",
        "price_unit": "G"
      },
      {
        "state": "TAS",
        "price": "500",
        "price_per_unit": "21",
        "price_unit": "G"
      },
      {
        "state": "ACT",
        "price": "500",
        "price_per_unit": "21",
        "price_unit": "G"
      },
      {
        "state": "NT",
        "price": "500",
        "price_per_unit": "21",
        "price_unit": "G"
      }
    ]
  },
  {
    "source_url": "https://www.woolworths.com.au/shop/productdetails/94620/hoyt-s-rosemary",
    "name": "Hoyt's Rosemary 25g",
    "image_url": "https://cdn1.woolworths.media/content/wowproductimages/large/094620.jpg",
    "source_id": "Woolworths - 94620",
    "barcode": "9300725001537",
    "shop": "Woolworths",
    "weight": "10G",
    "prices": [
      {
        "state": "VIC",
        "price": "170",
        "price_per_unit": "68",
        "price_unit": "G"
      },
      {
        "state": "QLD",
        "price": "170",
        "price_per_unit": "68",
        "price_unit": "G"
      },
      {
        "state": "WA",
        "price": "170",
        "price_per_unit": "68",
        "price_unit": "G"
      },
      {
        "state": "SA",
        "price": "170",
        "price_per_unit": "68",
        "price_unit": "G"
      },
      {
        "state": "TAS",
        "price": "170",
        "price_per_unit": "68",
        "price_unit": "G"
      },
      {
        "state": "ACT",
        "price": "170",
        "price_per_unit": "68",
        "price_unit": "G"
      },
      {
        "state": "NT",
        "price": "170",
        "price_per_unit": "68",
        "price_unit": "G"
      }
    ]
  },
  {
    "source_url": "https://www.woolworths.com.au/shop/productdetails/716794/hoyt-s-seasoning-moroccan-mix",
    "name": "Hoyt's Seasoning Moroccan Mix 65G",
    "image_url": "https://cdn1.woolworths.media/content/wowproductimages/large/716794.jpg",
    "source_id": "Woolworths - 716794",
    "barcode": "9300725012366",
    "shop": "Woolworths",
    "weight": "10G",
    "prices": [
      {
        "state": "VIC",
        "price": "285",
        "price_per_unit": "44",
        "price_unit": "G"
      },
      {
        "state": "QLD",
        "price": "285",
        "price_per_unit": "44",
        "price_unit": "G"
      },
      {
        "state": "WA",
        "price": "285",
        "price_per_unit": "44",
        "price_unit": "G"
      },
      {
        "state": "SA",
        "price": "285",
        "price_per_unit": "44",
        "price_unit": "G"
      },
      {
        "state": "TAS",
        "price": "285",
        "price_per_unit": "44",
        "price_unit": "G"
      },
      {
        "state": "ACT",
        "price": "285",
        "price_per_unit": "44",
        "price_unit": "G"
      },
      {
        "state": "NT",
        "price": "285",
        "price_per_unit": "44",
        "price_unit": "G"
      }
    ]
  },
  {
    "source_url": "https://www.woolworths.com.au/shop/productdetails/8675/hoyt-s-sesame-seeds-jar",
    "name": "Hoyt's Sesame Seeds Jar 230G",
    "image_url": "https://cdn1.woolworths.media/content/wowproductimages/large/008675.jpg",
    "source_id": "Woolworths - 8675",
    "barcode": "9300725002596",
    "shop": "Woolworths",
    "weight": "10G",
    "prices": [
      {
        "state": "VIC",
        "price": "520",
        "price_per_unit": "23",
        "price_unit": "G"
      },
      {
        "state": "QLD",
        "price": "520",
        "price_per_unit": "23",
        "price_unit": "G"
      },
      {
        "state": "WA",
        "price": "520",
        "price_per_unit": "23",
        "price_unit": "G"
      },
      {
        "state": "SA",
        "price": "520",
        "price_per_unit": "23",
        "price_unit": "G"
      },
      {
        "state": "TAS",
        "price": "520",
        "price_per_unit": "23",
        "price_unit": "G"
      },
      {
        "state": "ACT",
        "price": "520",
        "price_per_unit": "23",
        "price_unit": "G"
      },
      {
        "state": "NT",
        "price": "520",
        "price_per_unit": "23",
        "price_unit": "G"
      }
    ]
  },
  {
    "source_url": "https://www.woolworths.com.au/shop/productdetails/279821/hoyt-s-star-anise-whole",
    "name": "Hoyt's Star Anise Whole 12G",
    "image_url": "https://cdn1.woolworths.media/content/wowproductimages/large/279821.jpg",
    "source_id": "Woolworths - 279821",
    "barcode": "9300725012120",
    "shop": "Woolworths",
    "weight": "10G",
    "prices": [
      {
        "state": "VIC",
        "price": "235",
        "price_per_unit": "196",
        "price_unit": "G"
      },
      {
        "state": "QLD",
        "price": "235",
        "price_per_unit": "196",
        "price_unit": "G"
      },
      {
        "state": "WA",
        "price": "235",
        "price_per_unit": "196",
        "price_unit": "G"
      },
      {
        "state": "SA",
        "price": "235",
        "price_per_unit": "196",
        "price_unit": "G"
      },
      {
        "state": "TAS",
        "price": "235",
        "price_per_unit": "196",
        "price_unit": "G"
      },
      {
        "state": "ACT",
        "price": "235",
        "price_per_unit": "196",
        "price_unit": "G"
      },
      {
        "state": "NT",
        "price": "235",
        "price_per_unit": "196",
        "price_unit": "G"
      }
    ]
  },
  {
    "source_url": "https://www.woolworths.com.au/shop/productdetails/94624/hoyt-s-thyme",
    "name": "Hoyt's Thyme 15G",
    "image_url": "https://cdn1.woolworths.media/content/wowproductimages/large/094624.jpg",
    "source_id": "Woolworths - 94624",
    "barcode": "9300725001582",
    "shop": "Woolworths",
    "weight": "10G",
    "prices": [
      {
        "state": "VIC",
        "price": "160",
        "price_per_unit": "107",
        "price_unit": "G"
      },
      {
        "state": "QLD",
        "price": "160",
        "price_per_unit": "107",
        "price_unit": "G"
      },
      {
        "state": "WA",
        "price": "160",
        "price_per_unit": "107",
        "price_unit": "G"
      },
      {
        "state": "SA",
        "price": "160",
        "price_per_unit": "107",
        "price_unit": "G"
      },
      {
        "state": "TAS",
        "price": "160",
        "price_per_unit": "107",
        "price_unit": "G"
      },
      {
        "state": "ACT",
        "price": "160",
        "price_per_unit": "107",
        "price_unit": "G"
      },
      {
        "state": "NT",
        "price": "160",
        "price_per_unit": "107",
        "price_unit": "G"
      }
    ]
  },
  {
    "source_url": "https://www.woolworths.com.au/shop/productdetails/574896/hoyt-s-turmeric",
    "name": "Hoyt's Turmeric 140G",
    "image_url": "https://cdn1.woolworths.media/content/wowproductimages/large/574896.jpg",
    "source_id": "Woolworths - 574896",
    "barcode": "9300725012182",
    "shop": "Woolworths",
    "weight": "10G",
    "prices": [
      {
        "state": "VIC",
        "price": "550",
        "price_per_unit": "39",
        "price_unit": "G"
      },
      {
        "state": "QLD",
        "price": "550",
        "price_per_unit": "39",
        "price_unit": "G"
      },
      {
        "state": "WA",
        "price": "550",
        "price_per_unit": "39",
        "price_unit": "G"
      },
      {
        "state": "SA",
        "price": "550",
        "price_per_unit": "39",
        "price_unit": "G"
      },
      {
        "state": "TAS",
        "price": "550",
        "price_per_unit": "39",
        "price_unit": "G"
      },
      {
        "state": "ACT",
        "price": "550",
        "price_per_unit": "39",
        "price_unit": "G"
      },
      {
        "state": "NT",
        "price": "550",
        "price_per_unit": "39",
        "price_unit": "G"
      }
    ]
  },
  {
    "source_url": "https://www.woolworths.com.au/shop/productdetails/94625/hoyt-s-turmeric",
    "name": "Hoyt's Turmeric 25G",
    "image_url": "https://cdn1.woolworths.media/content/wowproductimages/large/094625.jpg",
    "source_id": "Woolworths - 94625",
    "barcode": "9300725001599",
    "shop": "Woolworths",
    "weight": "10G",
    "prices": [
      {
        "state": "VIC",
        "price": "180",
        "price_per_unit": "72",
        "price_unit": "G"
      },
      {
        "state": "QLD",
        "price": "180",
        "price_per_unit": "72",
        "price_unit": "G"
      },
      {
        "state": "WA",
        "price": "180",
        "price_per_unit": "72",
        "price_unit": "G"
      },
      {
        "state": "SA",
        "price": "180",
        "price_per_unit": "72",
        "price_unit": "G"
      },
      {
        "state": "TAS",
        "price": "180",
        "price_per_unit": "72",
        "price_unit": "G"
      },
      {
        "state": "ACT",
        "price": "180",
        "price_per_unit": "72",
        "price_unit": "G"
      },
      {
        "state": "NT",
        "price": "180",
        "price_per_unit": "72",
        "price_unit": "G"
      }
    ]
  },
  {
    "source_url": "https://www.woolworths.com.au/shop/productdetails/53371/hoyt-s-vanilla-beans",
    "name": "Hoyt's Vanilla Beans Each",
    "image_url": "https://cdn1.woolworths.media/content/wowproductimages/large/053371.jpg",
    "source_id": "Woolworths - 53371",
    "barcode": "9300725002206",
    "shop": "Woolworths",
    "weight": "1EA",
    "prices": [
      {
        "state": "VIC",
        "price": "750",
        "price_per_unit": "750",
        "price_unit": "EA"
      },
      {
        "state": "QLD",
        "price": "750",
        "price_per_unit": "750",
        "price_unit": "EA"
      },
      {
        "state": "WA",
        "price": "750",
        "price_per_unit": "750",
        "price_unit": "EA"
      },
      {
        "state": "SA",
        "price": "750",
        "price_per_unit": "750",
        "price_unit": "EA"
      },
      {
        "state": "TAS",
        "price": "675",
        "price_per_unit": "675",
        "price_unit": "EA"
      },
      {
        "state": "ACT",
        "price": "675",
        "price_per_unit": "675",
        "price_unit": "EA"
      },
      {
        "state": "NT",
        "price": "675",
        "price_per_unit": "675",
        "price_unit": "EA"
      }
    ]
  },
  {
    "source_url": "https://www.woolworths.com.au/shop/productdetails/92804/hoyt-s-vanilla-sugar",
    "name": "Hoyt's Vanilla Sugar 25G",
    "image_url": "https://cdn1.woolworths.media/content/wowproductimages/large/092804.jpg",
    "source_id": "Woolworths - 92804",
    "barcode": "9300725001759",
    "shop": "Woolworths",
    "weight": "10G",
    "prices": [
      {
        "state": "VIC",
        "price": "150",
        "price_per_unit": "60",
        "price_unit": "G"
      },
      {
        "state": "QLD",
        "price": "150",
        "price_per_unit": "60",
        "price_unit": "G"
      },
      {
        "state": "WA",
        "price": "150",
        "price_per_unit": "60",
        "price_unit": "G"
      },
      {
        "state": "SA",
        "price": "150",
        "price_per_unit": "60",
        "price_unit": "G"
      },
      {
        "state": "TAS",
        "price": "150",
        "price_per_unit": "60",
        "price_unit": "G"
      },
      {
        "state": "ACT",
        "price": "150",
        "price_per_unit": "60",
        "price_unit": "G"
      },
      {
        "state": "NT",
        "price": "150",
        "price_per_unit": "60",
        "price_unit": "G"
      }
    ]
  },
  {
    "source_url": "https://www.woolworths.com.au/shop/productdetails/579057/massel-reduced-salt-chicken-stock-powder",
    "name": "Massel Reduced Salt Chicken Stock Powder 140g",
    "image_url": "https://cdn1.woolworths.media/content/wowproductimages/large/579057.jpg",
    "source_id": "Woolworths - 579057",
    "barcode": "810206000618",
    "shop": "Woolworths",
    "weight": "10G",
    "prices": [
      {
        "state": "VIC",
        "price": "400",
        "price_per_unit": "29",
        "price_unit": "G"
      },
      {
        "state": "QLD",
        "price": "400",
        "price_per_unit": "29",
        "price_unit": "G"
      },
      {
        "state": "WA",
        "price": "400",
        "price_per_unit": "29",
        "price_unit": "G"
      },
      {
        "state": "SA",
        "price": "400",
        "price_per_unit": "29",
        "price_unit": "G"
      },
      {
        "state": "TAS",
        "price": "400",
        "price_per_unit": "29",
        "price_unit": "G"
      },
      {
        "state": "ACT",
        "price": "400",
        "price_per_unit": "29",
        "price_unit": "G"
      },
      {
        "state": "NT",
        "price": "400",
        "price_per_unit": "29",
        "price_unit": "G"
      }
    ]
  },
  {
    "source_url": "https://www.woolworths.com.au/shop/productdetails/504813/masterfoods-all-purpose-blend-no-added-salt",
    "name": "Masterfoods All Purpose Blend No Added Salt 38g",
    "image_url": "https://cdn1.woolworths.media/content/wowproductimages/large/504813.jpg",
    "source_id": "Woolworths - 504813",
    "barcode": "9310012062448",
    "shop": "Woolworths",
    "weight": "10G",
    "prices": [
      {
        "state": "VIC",
        "price": "275",
        "price_per_unit": "72",
        "price_unit": "G"
      },
      {
        "state": "QLD",
        "price": "275",
        "price_per_unit": "72",
        "price_unit": "G"
      },
      {
        "state": "WA",
        "price": "275",
        "price_per_unit": "72",
        "price_unit": "G"
      },
      {
        "state": "SA",
        "price": "370",
        "price_per_unit": "97",
        "price_unit": "G"
      },
      {
        "state": "TAS",
        "price": "370",
        "price_per_unit": "97",
        "price_unit": "G"
      },
      {
        "state": "ACT",
        "price": "275",
        "price_per_unit": "72",
        "price_unit": "G"
      },
      {
        "state": "NT",
        "price": "275",
        "price_per_unit": "72",
        "price_unit": "G"
      }
    ]
  },
  {
    "source_url": "https://www.woolworths.com.au/shop/productdetails/355478/masterfoods-all-purpose-pepper-seasoning",
    "name": "MasterFoods All Purpose Pepper Seasoning 50g",
    "image_url": "https://cdn1.woolworths.media/content/wowproductimages/large/355478.jpg",
    "source_id": "Woolworths - 355478",
    "barcode": "9310012036081",
    "shop": "Woolworths",
    "weight": "10G",
    "prices": [
      {
        "state": "VIC",
        "price": "330",
        "price_per_unit": "66",
        "price_unit": "G"
      },
      {
        "state": "QLD",
        "price": "330",
        "price_per_unit": "66",
        "price_unit": "G"
      },
      {
        "state": "WA",
        "price": "330",
        "price_per_unit": "66",
        "price_unit": "G"
      },
      {
        "state": "SA",
        "price": "370",
        "price_per_unit": "74",
        "price_unit": "G"
      },
      {
        "state": "TAS",
        "price": "370",
        "price_per_unit": "74",
        "price_unit": "G"
      },
      {
        "state": "ACT",
        "price": "330",
        "price_per_unit": "66",
        "price_unit": "G"
      },
      {
        "state": "NT",
        "price": "330",
        "price_per_unit": "66",
        "price_unit": "G"
      }
    ]
  },
  {
    "source_url": "https://www.woolworths.com.au/shop/productdetails/355475/masterfoods-all-purpose-spicy-seasoning",
    "name": "MasterFoods All Purpose Spicy Seasoning 190g",
    "image_url": "https://cdn1.woolworths.media/content/wowproductimages/large/355475.jpg",
    "source_id": "Woolworths - 355475",
    "barcode": "9310012036029",
    "shop": "Woolworths",
    "weight": "10G",
    "prices": [
      {
        "state": "VIC",
        "price": "650",
        "price_per_unit": "34",
        "price_unit": "G"
      },
      {
        "state": "QLD",
        "price": "650",
        "price_per_unit": "34",
        "price_unit": "G"
      },
      {
        "state": "WA",
        "price": "650",
        "price_per_unit": "34",
        "price_unit": "G"
      },
      {
        "state": "SA",
        "price": "650",
        "price_per_unit": "34",
        "price_unit": "G"
      },
      {
        "state": "TAS",
        "price": "650",
        "price_per_unit": "34",
        "price_unit": "G"
      },
      {
        "state": "ACT",
        "price": "650",
        "price_per_unit": "34",
        "price_unit": "G"
      },
      {
        "state": "NT",
        "price": "650",
        "price_per_unit": "34",
        "price_unit": "G"
      }
    ]
  },
  {
    "source_url": "https://www.woolworths.com.au/shop/productdetails/35961/masterfoods-basil-leaves",
    "name": "MasterFoods Basil Leaves 10g",
    "image_url": "https://cdn1.woolworths.media/content/wowproductimages/large/035961.jpg",
    "source_id": "Woolworths - 35961",
    "barcode": "93716277",
    "shop": "Woolworths",
    "weight": "10G",
    "prices": [
      {
        "state": "VIC",
        "price": "260",
        "price_per_unit": "260",
        "price_unit": "G"
      },
      {
        "state": "QLD",
        "price": "260",
        "price_per_unit": "260",
        "price_unit": "G"
      },
      {
        "state": "WA",
        "price": "260",
        "price_per_unit": "260",
        "price_unit": "G"
      },
      {
        "state": "SA",
        "price": "330",
        "price_per_unit": "330",
        "price_unit": "G"
      },
      {
        "state": "TAS",
        "price": "330",
        "price_per_unit": "330",
        "price_unit": "G"
      },
      {
        "state": "ACT",
        "price": "260",
        "price_per_unit": "260",
        "price_unit": "G"
      },
      {
        "state": "NT",
        "price": "260",
        "price_per_unit": "260",
        "price_unit": "G"
      }
    ]
  },
  {
    "source_url": "https://www.woolworths.com.au/shop/productdetails/235502/masterfoods-cafe-style-avocado-smash-spice-blend",
    "name": "MasterFoods Cafe Style Avocado Smash Spice Blend 30g",
    "image_url": "https://cdn1.woolworths.media/content/wowproductimages/large/235502.jpg",
    "source_id": "Woolworths - 235502",
    "barcode": "9310012061922",
    "shop": "Woolworths",
    "weight": "10G",
    "prices": [
      {
        "state": "VIC",
        "price": "450",
        "price_per_unit": "150",
        "price_unit": "G"
      },
      {
        "state": "QLD",
        "price": "450",
        "price_per_unit": "150",
        "price_unit": "G"
      },
      {
        "state": "WA",
        "price": "450",
        "price_per_unit": "150",
        "price_unit": "G"
      },
      {
        "state": "SA",
        "price": "450",
        "price_per_unit": "150",
        "price_unit": "G"
      },
      {
        "state": "TAS",
        "price": "360",
        "price_per_unit": "120",
        "price_unit": "G"
      },
      {
        "state": "ACT",
        "price": "360",
        "price_per_unit": "120",
        "price_unit": "G"
      },
      {
        "state": "NT",
        "price": "360",
        "price_per_unit": "120",
        "price_unit": "G"
      }
    ]
  },
  {
    "source_url": "https://www.woolworths.com.au/shop/productdetails/235114/masterfoods-cafe-style-everything-eggs-spice-blend",
    "name": "MasterFoods Cafe Style Everything Eggs Spice Blend 30g",
    "image_url": "https://cdn1.woolworths.media/content/wowproductimages/large/235114.jpg",
    "source_id": "Woolworths - 235114",
    "barcode": "9310012061908",
    "shop": "Woolworths",
    "weight": "10G",
    "prices": [
      {
        "state": "VIC",
        "price": "450",
        "price_per_unit": "150",
        "price_unit": "G"
      },
      {
        "state": "QLD",
        "price": "450",
        "price_per_unit": "150",
        "price_unit": "G"
      },
      {
        "state": "WA",
        "price": "450",
        "price_per_unit": "150",
        "price_unit": "G"
      },
      {
        "state": "SA",
        "price": "450",
        "price_per_unit": "150",
        "price_unit": "G"
      },
      {
        "state": "TAS",
        "price": "360",
        "price_per_unit": "120",
        "price_unit": "G"
      },
      {
        "state": "ACT",
        "price": "360",
        "price_per_unit": "120",
        "price_unit": "G"
      },
      {
        "state": "NT",
        "price": "360",
        "price_per_unit": "120",
        "price_unit": "G"
      }
    ]
  },
  {
    "source_url": "https://www.woolworths.com.au/shop/productdetails/500879/masterfoods-cafe-style-rice-bowl-topper",
    "name": "MasterFoods Cafe Style Rice Bowl Topper 36g",
    "image_url": "https://cdn1.woolworths.media/content/wowproductimages/large/500879.jpg",
    "source_id": "Woolworths - 500879",
    "barcode": "9310012062974",
    "shop": "Woolworths",
    "weight": "10G",
    "prices": [
      {
        "state": "VIC",
        "price": "450",
        "price_per_unit": "150",
        "price_unit": "G"
      },
      {
        "state": "QLD",
        "price": "450",
        "price_per_unit": "150",
        "price_unit": "G"
      },
      {
        "state": "WA",
        "price": "450",
        "price_per_unit": "150",
        "price_unit": "G"
      },
      {
        "state": "SA",
        "price": "450",
        "price_per_unit": "150",
        "price_unit": "G"
      },
      {
        "state": "TAS",
        "price": "360",
        "price_per_unit": "120",
        "price_unit": "G"
      },
      {
        "state": "ACT",
        "price": "360",
        "price_per_unit": "120",
        "price_unit": "G"
      },
      {
        "state": "NT",
        "price": "360",
        "price_per_unit": "120",
        "price_unit": "G"
      }
    ]
  },
  {
    "source_url": "https://www.woolworths.com.au/shop/productdetails/44765/masterfoods-cajun-seasoning",
    "name": "MasterFoods Cajun Seasoning 35g",
    "image_url": "https://cdn1.woolworths.media/content/wowproductimages/large/044765.jpg",
    "source_id": "Woolworths - 44765",
    "barcode": "93782555",
    "shop": "Woolworths",
    "weight": "10G",
    "prices": [
      {
        "state": "VIC",
        "price": "350",
        "price_per_unit": "100",
        "price_unit": "G"
      },
      {
        "state": "QLD",
        "price": "350",
        "price_per_unit": "100",
        "price_unit": "G"
      },
      {
        "state": "WA",
        "price": "350",
        "price_per_unit": "100",
        "price_unit": "G"
      },
      {
        "state": "SA",
        "price": "450",
        "price_per_unit": "129",
        "price_unit": "G"
      },
      {
        "state": "TAS",
        "price": "450",
        "price_per_unit": "129",
        "price_unit": "G"
      },
      {
        "state": "ACT",
        "price": "350",
        "price_per_unit": "100",
        "price_unit": "G"
      },
      {
        "state": "NT",
        "price": "350",
        "price_per_unit": "100",
        "price_unit": "G"
      }
    ]
  },
  {
    "source_url": "https://www.woolworths.com.au/shop/productdetails/905777/masterfoods-cajun-spice-blend",
    "name": "Masterfoods Cajun Spice Blend 20g",
    "image_url": "https://cdn1.woolworths.media/content/wowproductimages/large/905777.jpg",
    "source_id": "Woolworths - 905777",
    "barcode": "9310012063223",
    "shop": "Woolworths",
    "weight": "10G",
    "prices": [
      {
        "state": "VIC",
        "price": "250",
        "price_per_unit": "125",
        "price_unit": "G"
      },
      {
        "state": "QLD",
        "price": "250",
        "price_per_unit": "125",
        "price_unit": "G"
      },
      {
        "state": "WA",
        "price": "250",
        "price_per_unit": "125",
        "price_unit": "G"
      },
      {
        "state": "SA",
        "price": "250",
        "price_per_unit": "125",
        "price_unit": "G"
      },
      {
        "state": "TAS",
        "price": "200",
        "price_per_unit": "100",
        "price_unit": "G"
      },
      {
        "state": "ACT",
        "price": "200",
        "price_per_unit": "100",
        "price_unit": "G"
      },
      {
        "state": "NT",
        "price": "200",
        "price_per_unit": "100",
        "price_unit": "G"
      }
    ]
  },
  {
    "source_url": "https://www.woolworths.com.au/shop/productdetails/43056/masterfoods-cajun-spice-blend-hot-seasoning",
    "name": "Masterfoods Cajun Spice Blend Hot Seasoning 115g",
    "image_url": "https://cdn1.woolworths.media/content/wowproductimages/large/043056.jpg",
    "source_id": "Woolworths - 43056",
    "barcode": "93782777",
    "shop": "Woolworths",
    "weight": "10G",
    "prices": [
      {
        "state": "VIC",
        "price": "750",
        "price_per_unit": "65",
        "price_unit": "G"
      },
      {
        "state": "QLD",
        "price": "750",
        "price_per_unit": "65",
        "price_unit": "G"
      },
      {
        "state": "WA",
        "price": "750",
        "price_per_unit": "65",
        "price_unit": "G"
      },
      {
        "state": "SA",
        "price": "730",
        "price_per_unit": "63",
        "price_unit": "G"
      },
      {
        "state": "TAS",
        "price": "730",
        "price_per_unit": "63",
        "price_unit": "G"
      },
      {
        "state": "ACT",
        "price": "750",
        "price_per_unit": "65",
        "price_unit": "G"
      },
      {
        "state": "NT",
        "price": "750",
        "price_per_unit": "65",
        "price_unit": "G"
      }
    ]
  },
  {
    "source_url": "https://www.woolworths.com.au/shop/productdetails/32758/masterfoods-celery-salt",
    "name": "MasterFoods Celery Salt 57g",
    "image_url": "https://cdn1.woolworths.media/content/wowproductimages/large/032758.jpg",
    "source_id": "Woolworths - 32758",
    "barcode": "93716734",
    "shop": "Woolworths",
    "weight": "10G",
    "prices": [
      {
        "state": "VIC",
        "price": "250",
        "price_per_unit": "44",
        "price_unit": "G"
      },
      {
        "state": "QLD",
        "price": "250",
        "price_per_unit": "44",
        "price_unit": "G"
      },
      {
        "state": "WA",
        "price": "250",
        "price_per_unit": "44",
        "price_unit": "G"
      },
      {
        "state": "SA",
        "price": "370",
        "price_per_unit": "65",
        "price_unit": "G"
      },
      {
        "state": "TAS",
        "price": "370",
        "price_per_unit": "65",
        "price_unit": "G"
      },
      {
        "state": "ACT",
        "price": "250",
        "price_per_unit": "44",
        "price_unit": "G"
      },
      {
        "state": "NT",
        "price": "250",
        "price_per_unit": "44",
        "price_unit": "G"
      }
    ]
  },
  {
    "source_url": "https://www.woolworths.com.au/shop/productdetails/35238/masterfoods-chopped-chives",
    "name": "MasterFoods Chopped Chives 7g",
    "image_url": "https://cdn1.woolworths.media/content/wowproductimages/large/035238.jpg",
    "source_id": "Woolworths - 35238",
    "barcode": "93716062",
    "shop": "Woolworths",
    "weight": "10G",
    "prices": [
      {
        "state": "VIC",
        "price": "570",
        "price_per_unit": "814",
        "price_unit": "G"
      },
      {
        "state": "QLD",
        "price": "570",
        "price_per_unit": "814",
        "price_unit": "G"
      },
      {
        "state": "WA",
        "price": "570",
        "price_per_unit": "814",
        "price_unit": "G"
      },
      {
        "state": "SA",
        "price": "600",
        "price_per_unit": "857",
        "price_unit": "G"
      },
      {
        "state": "TAS",
        "price": "600",
        "price_per_unit": "857",
        "price_unit": "G"
      },
      {
        "state": "ACT",
        "price": "570",
        "price_per_unit": "814",
        "price_unit": "G"
      },
      {
        "state": "NT",
        "price": "570",
        "price_per_unit": "814",
        "price_unit": "G"
      }
    ]
  },
  {
    "source_url": "https://www.woolworths.com.au/shop/productdetails/35941/masterfoods-cinnamon-sugar",
    "name": "MasterFoods Cinnamon Sugar 55g",
    "image_url": "https://cdn1.woolworths.media/content/wowproductimages/large/035941.jpg",
    "source_id": "Woolworths - 35941",
    "barcode": "93716703",
    "shop": "Woolworths",
    "weight": "10G",
    "prices": [
      {
        "state": "VIC",
        "price": "240",
        "price_per_unit": "44",
        "price_unit": "G"
      },
      {
        "state": "QLD",
        "price": "240",
        "price_per_unit": "44",
        "price_unit": "G"
      },
      {
        "state": "WA",
        "price": "240",
        "price_per_unit": "44",
        "price_unit": "G"
      },
      {
        "state": "SA",
        "price": "330",
        "price_per_unit": "60",
        "price_unit": "G"
      },
      {
        "state": "TAS",
        "price": "330",
        "price_per_unit": "60",
        "price_unit": "G"
      },
      {
        "state": "ACT",
        "price": "240",
        "price_per_unit": "44",
        "price_unit": "G"
      },
      {
        "state": "NT",
        "price": "240",
        "price_per_unit": "44",
        "price_unit": "G"
      }
    ]
  },
  {
    "source_url": "https://www.woolworths.com.au/shop/productdetails/44760/masterfoods-cloves-ground",
    "name": "MasterFoods Cloves Ground 26g",
    "image_url": "https://cdn1.woolworths.media/content/wowproductimages/large/044760.jpg",
    "source_id": "Woolworths - 44760",
    "barcode": "93782609",
    "shop": "Woolworths",
    "weight": "10G",
    "prices": [
      {
        "state": "VIC",
        "price": "520",
        "price_per_unit": "200",
        "price_unit": "G"
      },
      {
        "state": "QLD",
        "price": "520",
        "price_per_unit": "200",
        "price_unit": "G"
      },
      {
        "state": "WA",
        "price": "520",
        "price_per_unit": "200",
        "price_unit": "G"
      },
      {
        "state": "SA",
        "price": "330",
        "price_per_unit": "127",
        "price_unit": "G"
      },
      {
        "state": "TAS",
        "price": "330",
        "price_per_unit": "127",
        "price_unit": "G"
      },
      {
        "state": "ACT",
        "price": "520",
        "price_per_unit": "200",
        "price_unit": "G"
      },
      {
        "state": "NT",
        "price": "520",
        "price_per_unit": "200",
        "price_unit": "G"
      }
    ]
  },
  {
    "source_url": "https://www.woolworths.com.au/shop/productdetails/23031/masterfoods-coriander-leaves",
    "name": "MasterFoods Coriander Leaves 5g",
    "image_url": "https://cdn1.woolworths.media/content/wowproductimages/large/023031.jpg",
    "source_id": "Woolworths - 23031",
    "barcode": "93782159",
    "shop": "Woolworths",
    "weight": "10G",
    "prices": [
      {
        "state": "VIC",
        "price": "390",
        "price_per_unit": "780",
        "price_unit": "G"
      },
      {
        "state": "QLD",
        "price": "390",
        "price_per_unit": "780",
        "price_unit": "G"
      },
      {
        "state": "WA",
        "price": "390",
        "price_per_unit": "780",
        "price_unit": "G"
      },
      {
        "state": "SA",
        "price": "330",
        "price_per_unit": "660",
        "price_unit": "G"
      },
      {
        "state": "TAS",
        "price": "330",
        "price_per_unit": "660",
        "price_unit": "G"
      },
      {
        "state": "ACT",
        "price": "390",
        "price_per_unit": "780",
        "price_unit": "G"
      },
      {
        "state": "NT",
        "price": "390",
        "price_per_unit": "780",
        "price_unit": "G"
      }
    ]
  },
  {
    "source_url": "https://www.woolworths.com.au/shop/productdetails/33075/masterfoods-dried-mixed-herbs",
    "name": "MasterFoods Dried Mixed Herbs 40g",
    "image_url": "https://cdn1.woolworths.media/content/wowproductimages/large/033075.jpg",
    "source_id": "Woolworths - 33075",
    "barcode": "93716086",
    "shop": "Woolworths",
    "weight": "10G",
    "prices": [
      {
        "state": "VIC",
        "price": "450",
        "price_per_unit": "113",
        "price_unit": "G"
      },
      {
        "state": "QLD",
        "price": "450",
        "price_per_unit": "113",
        "price_unit": "G"
      },
      {
        "state": "WA",
        "price": "450",
        "price_per_unit": "113",
        "price_unit": "G"
      },
      {
        "state": "SA",
        "price": "600",
        "price_per_unit": "150",
        "price_unit": "G"
      },
      {
        "state": "TAS",
        "price": "600",
        "price_per_unit": "150",
        "price_unit": "G"
      },
      {
        "state": "ACT",
        "price": "450",
        "price_per_unit": "113",
        "price_unit": "G"
      },
      {
        "state": "NT",
        "price": "450",
        "price_per_unit": "113",
        "price_unit": "G"
      }
    ]
  },
  {
    "source_url": "https://www.woolworths.com.au/shop/productdetails/209986/masterfoods-fennel-seed-whole",
    "name": "MasterFoods Fennel Seed Whole 26g",
    "image_url": "https://cdn1.woolworths.media/content/wowproductimages/large/209986.jpg",
    "source_id": "Woolworths - 209986",
    "barcode": "9310012029564",
    "shop": "Woolworths",
    "weight": "10G",
    "prices": [
      {
        "state": "VIC",
        "price": "380",
        "price_per_unit": "146",
        "price_unit": "G"
      },
      {
        "state": "QLD",
        "price": "380",
        "price_per_unit": "146",
        "price_unit": "G"
      },
      {
        "state": "WA",
        "price": "380",
        "price_per_unit": "146",
        "price_unit": "G"
      },
      {
        "state": "SA",
        "price": "330",
        "price_per_unit": "127",
        "price_unit": "G"
      },
      {
        "state": "TAS",
        "price": "330",
        "price_per_unit": "127",
        "price_unit": "G"
      },
      {
        "state": "ACT",
        "price": "380",
        "price_per_unit": "146",
        "price_unit": "G"
      },
      {
        "state": "NT",
        "price": "380",
        "price_per_unit": "146",
        "price_unit": "G"
      }
    ]
  },
  {
    "source_url": "https://www.woolworths.com.au/shop/productdetails/33276/masterfoods-garam-masala",
    "name": "MasterFoods Garam Masala 30g",
    "image_url": "https://cdn1.woolworths.media/content/wowproductimages/large/033276.jpg",
    "source_id": "Woolworths - 33276",
    "barcode": "93716420",
    "shop": "Woolworths",
    "weight": "10G",
    "prices": [
      {
        "state": "VIC",
        "price": "350",
        "price_per_unit": "117",
        "price_unit": "G"
      },
      {
        "state": "QLD",
        "price": "350",
        "price_per_unit": "117",
        "price_unit": "G"
      },
      {
        "state": "WA",
        "price": "350",
        "price_per_unit": "117",
        "price_unit": "G"
      },
      {
        "state": "SA",
        "price": "330",
        "price_per_unit": "110",
        "price_unit": "G"
      },
      {
        "state": "TAS",
        "price": "330",
        "price_per_unit": "110",
        "price_unit": "G"
      },
      {
        "state": "ACT",
        "price": "350",
        "price_per_unit": "117",
        "price_unit": "G"
      },
      {
        "state": "NT",
        "price": "350",
        "price_per_unit": "117",
        "price_unit": "G"
      }
    ]
  },
  {
    "source_url": "https://www.woolworths.com.au/shop/productdetails/50748/masterfoods-garlic-herb-salt-seasoning-salt",
    "name": "MasterFoods Garlic & Herb Salt Seasoning 62g",
    "image_url": "https://cdn1.woolworths.media/content/wowproductimages/large/050748.jpg",
    "source_id": "Woolworths - 50748",
    "barcode": "93716864",
    "shop": "Woolworths",
    "weight": "10G",
    "prices": [
      {
        "state": "VIC",
        "price": "300",
        "price_per_unit": "48",
        "price_unit": "G"
      },
      {
        "state": "QLD",
        "price": "300",
        "price_per_unit": "48",
        "price_unit": "G"
      },
      {
        "state": "WA",
        "price": "300",
        "price_per_unit": "48",
        "price_unit": "G"
      },
      {
        "state": "SA",
        "price": "370",
        "price_per_unit": "60",
        "price_unit": "G"
      },
      {
        "state": "TAS",
        "price": "370",
        "price_per_unit": "60",
        "price_unit": "G"
      },
      {
        "state": "ACT",
        "price": "300",
        "price_per_unit": "48",
        "price_unit": "G"
      },
      {
        "state": "NT",
        "price": "300",
        "price_per_unit": "48",
        "price_unit": "G"
      }
    ]
  },
  {
    "source_url": "https://www.woolworths.com.au/shop/productdetails/35203/masterfoods-garlic-granules",
    "name": "MasterFoods Garlic Granules 155g",
    "image_url": "https://cdn1.woolworths.media/content/wowproductimages/large/035203.jpg",
    "source_id": "Woolworths - 35203",
    "barcode": "93716093",
    "shop": "Woolworths",
    "weight": "10G",
    "prices": [
      {
        "state": "VIC",
        "price": "650",
        "price_per_unit": "42",
        "price_unit": "G"
      },
      {
        "state": "QLD",
        "price": "650",
        "price_per_unit": "42",
        "price_unit": "G"
      },
      {
        "state": "WA",
        "price": "650",
        "price_per_unit": "42",
        "price_unit": "G"
      },
      {
        "state": "SA",
        "price": "600",
        "price_per_unit": "39",
        "price_unit": "G"
      },
      {
        "state": "TAS",
        "price": "600",
        "price_per_unit": "39",
        "price_unit": "G"
      },
      {
        "state": "ACT",
        "price": "650",
        "price_per_unit": "42",
        "price_unit": "G"
      },
      {
        "state": "NT",
        "price": "650",
        "price_per_unit": "42",
        "price_unit": "G"
      }
    ]
  },
  {
    "source_url": "https://www.woolworths.com.au/shop/productdetails/260587/masterfoods-garlic-granules",
    "name": "MasterFoods Garlic Granules 45g",
    "image_url": "https://cdn1.woolworths.media/content/wowproductimages/large/260587.jpg",
    "source_id": "Woolworths - 260587",
    "barcode": "9310012062325",
    "shop": "Woolworths",
    "weight": "10G",
    "prices": [
      {
        "state": "VIC",
        "price": "315",
        "price_per_unit": "70",
        "price_unit": "G"
      },
      {
        "state": "QLD",
        "price": "315",
        "price_per_unit": "70",
        "price_unit": "G"
      },
      {
        "state": "WA",
        "price": "315",
        "price_per_unit": "70",
        "price_unit": "G"
      },
      {
        "state": "SA",
        "price": "330",
        "price_per_unit": "73",
        "price_unit": "G"
      },
      {
        "state": "TAS",
        "price": "330",
        "price_per_unit": "73",
        "price_unit": "G"
      },
      {
        "state": "ACT",
        "price": "315",
        "price_per_unit": "70",
        "price_unit": "G"
      },
      {
        "state": "NT",
        "price": "315",
        "price_per_unit": "70",
        "price_unit": "G"
      }
    ]
  },
  {
    "source_url": "https://www.woolworths.com.au/shop/productdetails/193069/masterfoods-garlic-herb-seasoning",
    "name": "MasterFoods Garlic Herb Seasoning 37g",
    "image_url": "https://cdn1.woolworths.media/content/wowproductimages/large/193069.jpg",
    "source_id": "Woolworths - 193069",
    "barcode": "93718073",
    "shop": "Woolworths",
    "weight": "10G",
    "prices": [
      {
        "state": "VIC",
        "price": "350",
        "price_per_unit": "95",
        "price_unit": "G"
      },
      {
        "state": "QLD",
        "price": "350",
        "price_per_unit": "95",
        "price_unit": "G"
      },
      {
        "state": "WA",
        "price": "350",
        "price_per_unit": "95",
        "price_unit": "G"
      },
      {
        "state": "SA",
        "price": "350",
        "price_per_unit": "95",
        "price_unit": "G"
      },
      {
        "state": "TAS",
        "price": "350",
        "price_per_unit": "95",
        "price_unit": "G"
      },
      {
        "state": "ACT",
        "price": "350",
        "price_per_unit": "95",
        "price_unit": "G"
      },
      {
        "state": "NT",
        "price": "350",
        "price_per_unit": "95",
        "price_unit": "G"
      }
    ]
  },
  {
    "source_url": "https://www.woolworths.com.au/shop/productdetails/92154/masterfoods-garlic-pepper",
    "name": "MasterFoods Garlic Pepper 50g",
    "image_url": "https://cdn1.woolworths.media/content/wowproductimages/large/092154.jpg",
    "source_id": "Woolworths - 92154",
    "barcode": "93716949",
    "shop": "Woolworths",
    "weight": "10G",
    "prices": [
      {
        "state": "VIC",
        "price": "350",
        "price_per_unit": "70",
        "price_unit": "G"
      },
      {
        "state": "QLD",
        "price": "350",
        "price_per_unit": "70",
        "price_unit": "G"
      },
      {
        "state": "WA",
        "price": "350",
        "price_per_unit": "70",
        "price_unit": "G"
      },
      {
        "state": "SA",
        "price": "350",
        "price_per_unit": "70",
        "price_unit": "G"
      },
      {
        "state": "TAS",
        "price": "350",
        "price_per_unit": "70",
        "price_unit": "G"
      },
      {
        "state": "ACT",
        "price": "350",
        "price_per_unit": "70",
        "price_unit": "G"
      },
      {
        "state": "NT",
        "price": "350",
        "price_per_unit": "70",
        "price_unit": "G"
      }
    ]
  },
  {
    "source_url": "https://www.woolworths.com.au/shop/productdetails/32760/masterfoods-garlic-salt",
    "name": "MasterFoods Garlic Salt 70g",
    "image_url": "https://cdn1.woolworths.media/content/wowproductimages/large/032760.jpg",
    "source_id": "Woolworths - 32760",
    "barcode": "93716741",
    "shop": "Woolworths",
    "weight": "10G",
    "prices": [
      {
        "state": "VIC",
        "price": "250",
        "price_per_unit": "36",
        "price_unit": "G"
      },
      {
        "state": "QLD",
        "price": "250",
        "price_per_unit": "36",
        "price_unit": "G"
      },
      {
        "state": "WA",
        "price": "250",
        "price_per_unit": "36",
        "price_unit": "G"
      },
      {
        "state": "SA",
        "price": "370",
        "price_per_unit": "53",
        "price_unit": "G"
      },
      {
        "state": "TAS",
        "price": "370",
        "price_per_unit": "53",
        "price_unit": "G"
      },
      {
        "state": "ACT",
        "price": "250",
        "price_per_unit": "36",
        "price_unit": "G"
      },
      {
        "state": "NT",
        "price": "250",
        "price_per_unit": "36",
        "price_unit": "G"
      }
    ]
  },
  {
    "source_url": "https://www.woolworths.com.au/shop/productdetails/36351/masterfoods-ground-all-spice",
    "name": "MasterFoods Ground All Spice 30g",
    "image_url": "https://cdn1.woolworths.media/content/wowproductimages/large/036351.jpg",
    "source_id": "Woolworths - 36351",
    "barcode": "93716413",
    "shop": "Woolworths",
    "weight": "10G",
    "prices": [
      {
        "state": "VIC",
        "price": "355",
        "price_per_unit": "118",
        "price_unit": "G"
      },
      {
        "state": "QLD",
        "price": "355",
        "price_per_unit": "118",
        "price_unit": "G"
      },
      {
        "state": "WA",
        "price": "355",
        "price_per_unit": "118",
        "price_unit": "G"
      },
      {
        "state": "SA",
        "price": "330",
        "price_per_unit": "110",
        "price_unit": "G"
      },
      {
        "state": "TAS",
        "price": "330",
        "price_per_unit": "110",
        "price_unit": "G"
      },
      {
        "state": "ACT",
        "price": "355",
        "price_per_unit": "118",
        "price_unit": "G"
      },
      {
        "state": "NT",
        "price": "355",
        "price_per_unit": "118",
        "price_unit": "G"
      }
    ]
  },
  {
    "source_url": "https://www.woolworths.com.au/shop/productdetails/117307/masterfoods-ground-cardamom",
    "name": "MasterFoods Ground Cardamom 35g",
    "image_url": "https://cdn1.woolworths.media/content/wowproductimages/large/117307.jpg",
    "source_id": "Woolworths - 117307",
    "barcode": "93718905",
    "shop": "Woolworths",
    "weight": "10G",
    "prices": [
      {
        "state": "VIC",
        "price": "500",
        "price_per_unit": "143",
        "price_unit": "G"
      },
      {
        "state": "QLD",
        "price": "500",
        "price_per_unit": "143",
        "price_unit": "G"
      },
      {
        "state": "WA",
        "price": "500",
        "price_per_unit": "143",
        "price_unit": "G"
      },
      {
        "state": "SA",
        "price": "330",
        "price_per_unit": "94",
        "price_unit": "G"
      },
      {
        "state": "TAS",
        "price": "330",
        "price_per_unit": "94",
        "price_unit": "G"
      },
      {
        "state": "ACT",
        "price": "500",
        "price_per_unit": "143",
        "price_unit": "G"
      },
      {
        "state": "NT",
        "price": "500",
        "price_per_unit": "143",
        "price_unit": "G"
      }
    ]
  },
  {
    "source_url": "https://www.woolworths.com.au/shop/productdetails/35942/masterfoods-ground-chilli-ground",
    "name": "MasterFoods Ground Chilli 27g",
    "image_url": "https://cdn1.woolworths.media/content/wowproductimages/large/035942.jpg",
    "source_id": "Woolworths - 35942",
    "barcode": "93716444",
    "shop": "Woolworths",
    "weight": "10G",
    "prices": [
      {
        "state": "VIC",
        "price": "350",
        "price_per_unit": "130",
        "price_unit": "G"
      },
      {
        "state": "QLD",
        "price": "350",
        "price_per_unit": "130",
        "price_unit": "G"
      },
      {
        "state": "WA",
        "price": "350",
        "price_per_unit": "130",
        "price_unit": "G"
      },
      {
        "state": "SA",
        "price": "330",
        "price_per_unit": "122",
        "price_unit": "G"
      },
      {
        "state": "TAS",
        "price": "330",
        "price_per_unit": "122",
        "price_unit": "G"
      },
      {
        "state": "ACT",
        "price": "350",
        "price_per_unit": "130",
        "price_unit": "G"
      },
      {
        "state": "NT",
        "price": "350",
        "price_per_unit": "130",
        "price_unit": "G"
      }
    ]
  },
  {
    "source_url": "https://www.woolworths.com.au/shop/productdetails/32599/masterfoods-ground-coriander",
    "name": "MasterFoods Ground Coriander 25g",
    "image_url": "https://cdn1.woolworths.media/content/wowproductimages/large/032599.jpg",
    "source_id": "Woolworths - 32599",
    "barcode": "93716475",
    "shop": "Woolworths",
    "weight": "10G",
    "prices": [
      {
        "state": "VIC",
        "price": "240",
        "price_per_unit": "96",
        "price_unit": "G"
      },
      {
        "state": "QLD",
        "price": "240",
        "price_per_unit": "96",
        "price_unit": "G"
      },
      {
        "state": "WA",
        "price": "240",
        "price_per_unit": "96",
        "price_unit": "G"
      },
      {
        "state": "SA",
        "price": "330",
        "price_per_unit": "132",
        "price_unit": "G"
      },
      {
        "state": "TAS",
        "price": "330",
        "price_per_unit": "132",
        "price_unit": "G"
      },
      {
        "state": "ACT",
        "price": "240",
        "price_per_unit": "96",
        "price_unit": "G"
      },
      {
        "state": "NT",
        "price": "240",
        "price_per_unit": "96",
        "price_unit": "G"
      }
    ]
  },
  {
    "source_url": "https://www.woolworths.com.au/shop/productdetails/35960/masterfoods-ground-sage-leaves",
    "name": "MasterFoods Ground Sage Leaves 20g",
    "image_url": "https://cdn1.woolworths.media/content/wowproductimages/large/035960.jpg",
    "source_id": "Woolworths - 35960",
    "barcode": "93716239",
    "shop": "Woolworths",
    "weight": "10G",
    "prices": [
      {
        "state": "VIC",
        "price": "275",
        "price_per_unit": "138",
        "price_unit": "G"
      },
      {
        "state": "QLD",
        "price": "275",
        "price_per_unit": "138",
        "price_unit": "G"
      },
      {
        "state": "WA",
        "price": "275",
        "price_per_unit": "138",
        "price_unit": "G"
      },
      {
        "state": "SA",
        "price": "330",
        "price_per_unit": "165",
        "price_unit": "G"
      },
      {
        "state": "TAS",
        "price": "330",
        "price_per_unit": "165",
        "price_unit": "G"
      },
      {
        "state": "ACT",
        "price": "275",
        "price_per_unit": "138",
        "price_unit": "G"
      },
      {
        "state": "NT",
        "price": "275",
        "price_per_unit": "138",
        "price_unit": "G"
      }
    ]
  },
  {
    "source_url": "https://www.woolworths.com.au/shop/productdetails/371816/masterfoods-harissa-middle-eastern-spice-blend",
    "name": "MasterFoods Harissa Middle Eastern Spice Blend 37g",
    "image_url": "https://cdn1.woolworths.media/content/wowproductimages/large/371816.jpg",
    "source_id": "Woolworths - 371816",
    "barcode": "9310012036487",
    "shop": "Woolworths",
    "weight": "10G",
    "prices": [
      {
        "state": "VIC",
        "price": "430",
        "price_per_unit": "116",
        "price_unit": "G"
      },
      {
        "state": "QLD",
        "price": "430",
        "price_per_unit": "116",
        "price_unit": "G"
      },
      {
        "state": "WA",
        "price": "430",
        "price_per_unit": "116",
        "price_unit": "G"
      },
      {
        "state": "SA",
        "price": "430",
        "price_per_unit": "116",
        "price_unit": "G"
      },
      {
        "state": "TAS",
        "price": "330",
        "price_per_unit": "89",
        "price_unit": "G"
      },
      {
        "state": "ACT",
        "price": "430",
        "price_per_unit": "116",
        "price_unit": "G"
      },
      {
        "state": "NT",
        "price": "430",
        "price_per_unit": "116",
        "price_unit": "G"
      }
    ]
  },
  {
    "source_url": "https://www.woolworths.com.au/shop/productdetails/905730/masterfoods-korean-bbq-spice-blend",
    "name": "Masterfoods Korean BBQ Spice Blend 20g",
    "image_url": "https://cdn1.woolworths.media/content/wowproductimages/large/905730.jpg",
    "source_id": "Woolworths - 905730",
    "barcode": "9310012063193",
    "shop": "Woolworths",
    "weight": "10G",
    "prices": [
      {
        "state": "VIC",
        "price": "250",
        "price_per_unit": "125",
        "price_unit": "G"
      },
      {
        "state": "QLD",
        "price": "250",
        "price_per_unit": "125",
        "price_unit": "G"
      },
      {
        "state": "WA",
        "price": "250",
        "price_per_unit": "125",
        "price_unit": "G"
      },
      {
        "state": "SA",
        "price": "250",
        "price_per_unit": "125",
        "price_unit": "G"
      },
      {
        "state": "TAS",
        "price": "200",
        "price_per_unit": "100",
        "price_unit": "G"
      },
      {
        "state": "ACT",
        "price": "200",
        "price_per_unit": "100",
        "price_unit": "G"
      },
      {
        "state": "NT",
        "price": "200",
        "price_per_unit": "100",
        "price_unit": "G"
      }
    ]
  },
  {
    "source_url": "https://www.woolworths.com.au/shop/productdetails/92158/masterfoods-lamb-herbs",
    "name": "MasterFoods Lamb Herbs 15g",
    "image_url": "https://cdn1.woolworths.media/content/wowproductimages/large/092158.jpg",
    "source_id": "Woolworths - 92158",
    "barcode": "93716963",
    "shop": "Woolworths",
    "weight": "10G",
    "prices": [
      {
        "state": "VIC",
        "price": "320",
        "price_per_unit": "213",
        "price_unit": "G"
      },
      {
        "state": "QLD",
        "price": "320",
        "price_per_unit": "213",
        "price_unit": "G"
      },
      {
        "state": "WA",
        "price": "320",
        "price_per_unit": "213",
        "price_unit": "G"
      },
      {
        "state": "SA",
        "price": "330",
        "price_per_unit": "220",
        "price_unit": "G"
      },
      {
        "state": "TAS",
        "price": "330",
        "price_per_unit": "220",
        "price_unit": "G"
      },
      {
        "state": "ACT",
        "price": "320",
        "price_per_unit": "213",
        "price_unit": "G"
      },
      {
        "state": "NT",
        "price": "320",
        "price_per_unit": "213",
        "price_unit": "G"
      }
    ]
  },
  {
    "source_url": "https://www.woolworths.com.au/shop/productdetails/35551/masterfoods-large-garlic-salt-seasoning-salt",
    "name": "MasterFoods Large Garlic Salt Seasoning 210g",
    "image_url": "https://cdn1.woolworths.media/content/wowproductimages/large/035551.jpg",
    "source_id": "Woolworths - 35551",
    "barcode": "93716017",
    "shop": "Woolworths",
    "weight": "10G",
    "prices": [
      {
        "state": "VIC",
        "price": "450",
        "price_per_unit": "21",
        "price_unit": "G"
      },
      {
        "state": "QLD",
        "price": "450",
        "price_per_unit": "21",
        "price_unit": "G"
      },
      {
        "state": "WA",
        "price": "450",
        "price_per_unit": "21",
        "price_unit": "G"
      },
      {
        "state": "SA",
        "price": "650",
        "price_per_unit": "31",
        "price_unit": "G"
      },
      {
        "state": "TAS",
        "price": "650",
        "price_per_unit": "31",
        "price_unit": "G"
      },
      {
        "state": "ACT",
        "price": "450",
        "price_per_unit": "21",
        "price_unit": "G"
      },
      {
        "state": "NT",
        "price": "450",
        "price_per_unit": "21",
        "price_unit": "G"
      }
    ]
  },
  {
    "source_url": "https://www.woolworths.com.au/shop/productdetails/92157/masterfoods-large-lemon-pepper-seasoning-seasoning",
    "name": "MasterFoods Large Lemon Pepper Seasoning 170g",
    "image_url": "https://cdn1.woolworths.media/content/wowproductimages/large/092157.jpg",
    "source_id": "Woolworths - 92157",
    "barcode": "93716956",
    "shop": "Woolworths",
    "weight": "10G",
    "prices": [
      {
        "state": "VIC",
        "price": "600",
        "price_per_unit": "35",
        "price_unit": "G"
      },
      {
        "state": "QLD",
        "price": "600",
        "price_per_unit": "35",
        "price_unit": "G"
      },
      {
        "state": "WA",
        "price": "600",
        "price_per_unit": "35",
        "price_unit": "G"
      },
      {
        "state": "SA",
        "price": "650",
        "price_per_unit": "38",
        "price_unit": "G"
      },
      {
        "state": "TAS",
        "price": "650",
        "price_per_unit": "38",
        "price_unit": "G"
      },
      {
        "state": "ACT",
        "price": "600",
        "price_per_unit": "35",
        "price_unit": "G"
      },
      {
        "state": "NT",
        "price": "600",
        "price_per_unit": "35",
        "price_unit": "G"
      }
    ]
  },
  {
    "source_url": "https://www.woolworths.com.au/shop/productdetails/249549/masterfoods-large-tuscan-seasoning-seasoning",
    "name": "MasterFoods Large Tuscan Seasoning 155g",
    "image_url": "https://cdn1.woolworths.media/content/wowproductimages/large/249549.jpg",
    "source_id": "Woolworths - 249549",
    "barcode": "9310012032625",
    "shop": "Woolworths",
    "weight": "10G",
    "prices": [
      {
        "state": "VIC",
        "price": "750",
        "price_per_unit": "48",
        "price_unit": "G"
      },
      {
        "state": "QLD",
        "price": "750",
        "price_per_unit": "48",
        "price_unit": "G"
      },
      {
        "state": "WA",
        "price": "750",
        "price_per_unit": "48",
        "price_unit": "G"
      },
      {
        "state": "SA",
        "price": "730",
        "price_per_unit": "47",
        "price_unit": "G"
      },
      {
        "state": "TAS",
        "price": "730",
        "price_per_unit": "47",
        "price_unit": "G"
      },
      {
        "state": "ACT",
        "price": "750",
        "price_per_unit": "48",
        "price_unit": "G"
      },
      {
        "state": "NT",
        "price": "750",
        "price_per_unit": "48",
        "price_unit": "G"
      }
    ]
  },
  {
    "source_url": "https://www.woolworths.com.au/shop/productdetails/36345/masterfoods-mexican-chilli-powder",
    "name": "MasterFoods Mexican Chilli Powder 30g",
    "image_url": "https://cdn1.woolworths.media/content/wowproductimages/large/036345.jpg",
    "source_id": "Woolworths - 36345",
    "barcode": "93716512",
    "shop": "Woolworths",
    "weight": "10G",
    "prices": [
      {
        "state": "VIC",
        "price": "430",
        "price_per_unit": "143",
        "price_unit": "G"
      },
      {
        "state": "QLD",
        "price": "430",
        "price_per_unit": "143",
        "price_unit": "G"
      },
      {
        "state": "WA",
        "price": "430",
        "price_per_unit": "143",
        "price_unit": "G"
      },
      {
        "state": "SA",
        "price": "450",
        "price_per_unit": "150",
        "price_unit": "G"
      },
      {
        "state": "TAS",
        "price": "450",
        "price_per_unit": "150",
        "price_unit": "G"
      },
      {
        "state": "ACT",
        "price": "430",
        "price_per_unit": "143",
        "price_unit": "G"
      },
      {
        "state": "NT",
        "price": "430",
        "price_per_unit": "143",
        "price_unit": "G"
      }
    ]
  },
  {
    "source_url": "https://www.woolworths.com.au/shop/productdetails/36349/masterfoods-mixed-herb-blend",
    "name": "MasterFoods Mixed Herb Blend 10g",
    "image_url": "https://cdn1.woolworths.media/content/wowproductimages/large/036349.jpg",
    "source_id": "Woolworths - 36349",
    "barcode": "93716192",
    "shop": "Woolworths",
    "weight": "10G",
    "prices": [
      {
        "state": "VIC",
        "price": "290",
        "price_per_unit": "290",
        "price_unit": "G"
      },
      {
        "state": "QLD",
        "price": "290",
        "price_per_unit": "290",
        "price_unit": "G"
      },
      {
        "state": "WA",
        "price": "290",
        "price_per_unit": "290",
        "price_unit": "G"
      },
      {
        "state": "SA",
        "price": "330",
        "price_per_unit": "330",
        "price_unit": "G"
      },
      {
        "state": "TAS",
        "price": "330",
        "price_per_unit": "330",
        "price_unit": "G"
      },
      null,
      {
        "state": "NT",
        "price": "290",
        "price_per_unit": "290",
        "price_unit": "G"
      }
    ]
  },
  {
    "source_url": "https://www.woolworths.com.au/shop/productdetails/35053/masterfoods-mixed-spice",
    "name": "MasterFoods Mixed Spice 30g",
    "image_url": "https://cdn1.woolworths.media/content/wowproductimages/large/035053.jpg",
    "source_id": "Woolworths - 35053",
    "barcode": "93716659",
    "shop": "Woolworths",
    "weight": "10G",
    "prices": [
      {
        "state": "VIC",
        "price": "340",
        "price_per_unit": "113",
        "price_unit": "G"
      },
      {
        "state": "QLD",
        "price": "340",
        "price_per_unit": "113",
        "price_unit": "G"
      },
      {
        "state": "WA",
        "price": "340",
        "price_per_unit": "113",
        "price_unit": "G"
      },
      {
        "state": "SA",
        "price": "330",
        "price_per_unit": "110",
        "price_unit": "G"
      },
      {
        "state": "TAS",
        "price": "330",
        "price_per_unit": "110",
        "price_unit": "G"
      },
      {
        "state": "ACT",
        "price": "340",
        "price_per_unit": "113",
        "price_unit": "G"
      },
      {
        "state": "NT",
        "price": "340",
        "price_per_unit": "113",
        "price_unit": "G"
      }
    ]
  },
  {
    "source_url": "https://www.woolworths.com.au/shop/productdetails/249551/masterfoods-moroccan-seasoning",
    "name": "MasterFoods Moroccan Seasoning 160g",
    "image_url": "https://cdn1.woolworths.media/content/wowproductimages/large/249551.jpg",
    "source_id": "Woolworths - 249551",
    "barcode": "9310012032632",
    "shop": "Woolworths",
    "weight": "10G",
    "prices": [
      {
        "state": "VIC",
        "price": "730",
        "price_per_unit": "46",
        "price_unit": "G"
      },
      {
        "state": "QLD",
        "price": "730",
        "price_per_unit": "46",
        "price_unit": "G"
      },
      {
        "state": "WA",
        "price": "730",
        "price_per_unit": "46",
        "price_unit": "G"
      },
      {
        "state": "SA",
        "price": "730",
        "price_per_unit": "46",
        "price_unit": "G"
      },
      {
        "state": "TAS",
        "price": "730",
        "price_per_unit": "46",
        "price_unit": "G"
      },
      {
        "state": "ACT",
        "price": "730",
        "price_per_unit": "46",
        "price_unit": "G"
      },
      {
        "state": "NT",
        "price": "730",
        "price_per_unit": "46",
        "price_unit": "G"
      }
    ]
  },
  {
    "source_url": "https://www.woolworths.com.au/shop/productdetails/93114/masterfoods-moroccan-seasoning",
    "name": "MasterFoods Moroccan Seasoning 47g",
    "image_url": "https://cdn1.woolworths.media/content/wowproductimages/large/093114.jpg",
    "source_id": "Woolworths - 93114",
    "barcode": "93782050",
    "shop": "Woolworths",
    "weight": "10G",
    "prices": [
      {
        "state": "VIC",
        "price": "400",
        "price_per_unit": "85",
        "price_unit": "G"
      },
      {
        "state": "QLD",
        "price": "400",
        "price_per_unit": "85",
        "price_unit": "G"
      },
      {
        "state": "WA",
        "price": "400",
        "price_per_unit": "85",
        "price_unit": "G"
      },
      {
        "state": "SA",
        "price": "450",
        "price_per_unit": "96",
        "price_unit": "G"
      },
      {
        "state": "TAS",
        "price": "450",
        "price_per_unit": "96",
        "price_unit": "G"
      },
      {
        "state": "ACT",
        "price": "400",
        "price_per_unit": "85",
        "price_unit": "G"
      },
      {
        "state": "NT",
        "price": "400",
        "price_per_unit": "85",
        "price_unit": "G"
      }
    ]
  },
  {
    "source_url": "https://www.woolworths.com.au/shop/productdetails/498718/masterfoods-moroccan-spice-blend-no-added-salt",
    "name": "MasterFoods Moroccan Spice Blend No Added Salt 38g",
    "image_url": "https://cdn1.woolworths.media/content/wowproductimages/large/498718.jpg",
    "source_id": "Woolworths - 498718",
    "barcode": "9310012062431",
    "shop": "Woolworths",
    "weight": "10G",
    "prices": [
      {
        "state": "VIC",
        "price": "425",
        "price_per_unit": "112",
        "price_unit": "G"
      },
      {
        "state": "QLD",
        "price": "425",
        "price_per_unit": "112",
        "price_unit": "G"
      },
      {
        "state": "WA",
        "price": "425",
        "price_per_unit": "112",
        "price_unit": "G"
      },
      {
        "state": "SA",
        "price": "450",
        "price_per_unit": "118",
        "price_unit": "G"
      },
      {
        "state": "TAS",
        "price": "450",
        "price_per_unit": "118",
        "price_unit": "G"
      },
      {
        "state": "ACT",
        "price": "425",
        "price_per_unit": "112",
        "price_unit": "G"
      },
      {
        "state": "NT",
        "price": "425",
        "price_per_unit": "112",
        "price_unit": "G"
      }
    ]
  },
  {
    "source_url": "https://www.woolworths.com.au/shop/productdetails/494777/masterfoods-my-muscle-chef-chimichurri-herb-blend",
    "name": "Masterfoods My Muscle Chef Chimichurri Herb Blend 25g",
    "image_url": "https://cdn1.woolworths.media/content/wowproductimages/large/494777.jpg",
    "source_id": "Woolworths - 494777",
    "barcode": "9310012062929",
    "shop": "Woolworths",
    "weight": "10G",
    "prices": [
      {
        "state": "VIC",
        "price": "480",
        "price_per_unit": "192",
        "price_unit": "G"
      },
      {
        "state": "QLD",
        "price": "480",
        "price_per_unit": "192",
        "price_unit": "G"
      },
      {
        "state": "WA",
        "price": "480",
        "price_per_unit": "192",
        "price_unit": "G"
      },
      {
        "state": "SA",
        "price": "450",
        "price_per_unit": "180",
        "price_unit": "G"
      },
      {
        "state": "TAS",
        "price": "390",
        "price_per_unit": "156",
        "price_unit": "G"
      },
      {
        "state": "ACT",
        "price": "390",
        "price_per_unit": "156",
        "price_unit": "G"
      },
      {
        "state": "NT",
        "price": "390",
        "price_per_unit": "156",
        "price_unit": "G"
      }
    ]
  },
  {
    "source_url": "https://www.woolworths.com.au/shop/productdetails/494790/masterfoods-my-muscle-chef-chipotle-spice-blend",
    "name": "Masterfoods My Muscle Chef Chipotle Spice Blend 40g",
    "image_url": "https://cdn1.woolworths.media/content/wowproductimages/large/494790.jpg",
    "source_id": "Woolworths - 494790",
    "barcode": "9310012062882",
    "shop": "Woolworths",
    "weight": "10G",
    "prices": [
      {
        "state": "VIC",
        "price": "480",
        "price_per_unit": "120",
        "price_unit": "G"
      },
      {
        "state": "QLD",
        "price": "480",
        "price_per_unit": "120",
        "price_unit": "G"
      },
      {
        "state": "WA",
        "price": "480",
        "price_per_unit": "120",
        "price_unit": "G"
      },
      {
        "state": "SA",
        "price": "450",
        "price_per_unit": "113",
        "price_unit": "G"
      },
      {
        "state": "TAS",
        "price": "390",
        "price_per_unit": "98",
        "price_unit": "G"
      },
      {
        "state": "ACT",
        "price": "390",
        "price_per_unit": "98",
        "price_unit": "G"
      },
      {
        "state": "NT",
        "price": "390",
        "price_per_unit": "98",
        "price_unit": "G"
      }
    ]
  },
  {
    "source_url": "https://www.woolworths.com.au/shop/productdetails/504142/masterfoods-my-muscle-chef-peri-peri-spice-blend",
    "name": "MasterFoods My Muscle Chef Peri Peri Spice Blend 38g",
    "image_url": "https://cdn1.woolworths.media/content/wowproductimages/large/504142.jpg",
    "source_id": "Woolworths - 504142",
    "barcode": "9310012062899",
    "shop": "Woolworths",
    "weight": "10G",
    "prices": [
      {
        "state": "VIC",
        "price": "480",
        "price_per_unit": "192",
        "price_unit": "G"
      },
      {
        "state": "QLD",
        "price": "480",
        "price_per_unit": "192",
        "price_unit": "G"
      },
      {
        "state": "WA",
        "price": "480",
        "price_per_unit": "192",
        "price_unit": "G"
      },
      {
        "state": "SA",
        "price": "450",
        "price_per_unit": "180",
        "price_unit": "G"
      },
      {
        "state": "TAS",
        "price": "390",
        "price_per_unit": "156",
        "price_unit": "G"
      },
      {
        "state": "ACT",
        "price": "390",
        "price_per_unit": "156",
        "price_unit": "G"
      },
      {
        "state": "NT",
        "price": "390",
        "price_per_unit": "156",
        "price_unit": "G"
      }
    ]
  },
  {
    "source_url": "https://www.woolworths.com.au/shop/productdetails/32506/masterfoods-nutmeg-ground",
    "name": "MasterFoods Nutmeg Ground 30g",
    "image_url": "https://cdn1.woolworths.media/content/wowproductimages/large/032506.jpg",
    "source_id": "Woolworths - 32506",
    "barcode": "93716529",
    "shop": "Woolworths",
    "weight": "10G",
    "prices": [
      {
        "state": "VIC",
        "price": "370",
        "price_per_unit": "123",
        "price_unit": "G"
      },
      {
        "state": "QLD",
        "price": "370",
        "price_per_unit": "123",
        "price_unit": "G"
      },
      {
        "state": "WA",
        "price": "370",
        "price_per_unit": "123",
        "price_unit": "G"
      },
      {
        "state": "SA",
        "price": "330",
        "price_per_unit": "110",
        "price_unit": "G"
      },
      {
        "state": "TAS",
        "price": "330",
        "price_per_unit": "110",
        "price_unit": "G"
      },
      {
        "state": "ACT",
        "price": "370",
        "price_per_unit": "123",
        "price_unit": "G"
      },
      {
        "state": "NT",
        "price": "370",
        "price_per_unit": "123",
        "price_unit": "G"
      }
    ]
  },
  {
    "source_url": "https://www.woolworths.com.au/shop/productdetails/38077/masterfoods-onion-flakes",
    "name": "MasterFoods Onion Flakes 100g",
    "image_url": "https://cdn1.woolworths.media/content/wowproductimages/large/038077.jpg",
    "source_id": "Woolworths - 38077",
    "barcode": "93716048",
    "shop": "Woolworths",
    "weight": "10G",
    "prices": [
      {
        "state": "VIC",
        "price": "500",
        "price_per_unit": "50",
        "price_unit": "G"
      },
      {
        "state": "QLD",
        "price": "500",
        "price_per_unit": "50",
        "price_unit": "G"
      },
      {
        "state": "WA",
        "price": "500",
        "price_per_unit": "50",
        "price_unit": "G"
      },
      {
        "state": "SA",
        "price": "600",
        "price_per_unit": "60",
        "price_unit": "G"
      },
      {
        "state": "TAS",
        "price": "600",
        "price_per_unit": "60",
        "price_unit": "G"
      },
      {
        "state": "ACT",
        "price": "500",
        "price_per_unit": "50",
        "price_unit": "G"
      },
      {
        "state": "NT",
        "price": "500",
        "price_per_unit": "50",
        "price_unit": "G"
      }
    ]
  },
  {
    "source_url": "https://www.woolworths.com.au/shop/productdetails/115148/masterfoods-onion-salt",
    "name": "MasterFoods Onion Salt 178g",
    "image_url": "https://cdn1.woolworths.media/content/wowproductimages/large/115148.jpg",
    "source_id": "Woolworths - 115148",
    "barcode": "93716970",
    "shop": "Woolworths",
    "weight": "10G",
    "prices": [
      {
        "state": "VIC",
        "price": "450",
        "price_per_unit": "25",
        "price_unit": "G"
      },
      {
        "state": "QLD",
        "price": "450",
        "price_per_unit": "25",
        "price_unit": "G"
      },
      {
        "state": "WA",
        "price": "450",
        "price_per_unit": "25",
        "price_unit": "G"
      },
      {
        "state": "SA",
        "price": "650",
        "price_per_unit": "37",
        "price_unit": "G"
      },
      {
        "state": "TAS",
        "price": "650",
        "price_per_unit": "37",
        "price_unit": "G"
      },
      {
        "state": "ACT",
        "price": "450",
        "price_per_unit": "25",
        "price_unit": "G"
      },
      {
        "state": "NT",
        "price": "450",
        "price_per_unit": "25",
        "price_unit": "G"
      }
    ]
  },
  {
    "source_url": "https://www.woolworths.com.au/shop/productdetails/94484/masterfoods-oregano-leaves",
    "name": "MasterFoods Oregano Leaves 18g",
    "image_url": "https://cdn1.woolworths.media/content/wowproductimages/large/094484.jpg",
    "source_id": "Woolworths - 94484",
    "barcode": "93716871",
    "shop": "Woolworths",
    "weight": "10G",
    "prices": [
      {
        "state": "VIC",
        "price": "550",
        "price_per_unit": "306",
        "price_unit": "G"
      },
      {
        "state": "QLD",
        "price": "550",
        "price_per_unit": "306",
        "price_unit": "G"
      },
      {
        "state": "WA",
        "price": "550",
        "price_per_unit": "306",
        "price_unit": "G"
      },
      {
        "state": "SA",
        "price": "600",
        "price_per_unit": "333",
        "price_unit": "G"
      },
      {
        "state": "TAS",
        "price": "600",
        "price_per_unit": "333",
        "price_unit": "G"
      },
      {
        "state": "ACT",
        "price": "550",
        "price_per_unit": "306",
        "price_unit": "G"
      },
      {
        "state": "NT",
        "price": "550",
        "price_per_unit": "306",
        "price_unit": "G"
      }
    ]
  },
  {
    "source_url": "https://www.woolworths.com.au/shop/productdetails/94485/masterfoods-paprika",
    "name": "MasterFoods Paprika 115g",
    "image_url": "https://cdn1.woolworths.media/content/wowproductimages/large/094485.jpg",
    "source_id": "Woolworths - 94485",
    "barcode": "93716833",
    "shop": "Woolworths",
    "weight": "10G",
    "prices": [
      {
        "state": "VIC",
        "price": "650",
        "price_per_unit": "57",
        "price_unit": "G"
      },
      {
        "state": "QLD",
        "price": "650",
        "price_per_unit": "57",
        "price_unit": "G"
      },
      {
        "state": "WA",
        "price": "650",
        "price_per_unit": "57",
        "price_unit": "G"
      },
      {
        "state": "SA",
        "price": "650",
        "price_per_unit": "57",
        "price_unit": "G"
      },
      {
        "state": "TAS",
        "price": "650",
        "price_per_unit": "57",
        "price_unit": "G"
      },
      {
        "state": "ACT",
        "price": "650",
        "price_per_unit": "57",
        "price_unit": "G"
      },
      {
        "state": "NT",
        "price": "650",
        "price_per_unit": "57",
        "price_unit": "G"
      }
    ]
  },
  {
    "source_url": "https://www.woolworths.com.au/shop/productdetails/59265/masterfoods-parsley-flakes",
    "name": "MasterFoods Parsley Flakes 4G",
    "image_url": "https://cdn1.woolworths.media/content/wowproductimages/large/059265.jpg",
    "source_id": "Woolworths - 59265",
    "barcode": "93716222",
    "shop": "Woolworths",
    "weight": "10G",
    "prices": [
      {
        "state": "VIC",
        "price": "190",
        "price_per_unit": "475",
        "price_unit": "G"
      },
      {
        "state": "QLD",
        "price": "190",
        "price_per_unit": "475",
        "price_unit": "G"
      },
      {
        "state": "WA",
        "price": "190",
        "price_per_unit": "475",
        "price_unit": "G"
      },
      {
        "state": "SA",
        "price": "330",
        "price_per_unit": "825",
        "price_unit": "G"
      },
      {
        "state": "TAS",
        "price": "330",
        "price_per_unit": "825",
        "price_unit": "G"
      },
      {
        "state": "ACT",
        "price": "190",
        "price_per_unit": "475",
        "price_unit": "G"
      },
      {
        "state": "NT",
        "price": "190",
        "price_per_unit": "475",
        "price_unit": "G"
      }
    ]
  },
  {
    "source_url": "https://www.woolworths.com.au/shop/productdetails/93055/masterfoods-pepper-steak-seasoning",
    "name": "MasterFoods Pepper Steak Seasoning 35g",
    "image_url": "https://cdn1.woolworths.media/content/wowproductimages/large/093055.jpg",
    "source_id": "Woolworths - 93055",
    "barcode": "93716314",
    "shop": "Woolworths",
    "weight": "10G",
    "prices": [
      {
        "state": "VIC",
        "price": "400",
        "price_per_unit": "114",
        "price_unit": "G"
      },
      {
        "state": "QLD",
        "price": "400",
        "price_per_unit": "114",
        "price_unit": "G"
      },
      {
        "state": "WA",
        "price": "400",
        "price_per_unit": "114",
        "price_unit": "G"
      },
      {
        "state": "SA",
        "price": "400",
        "price_per_unit": "114",
        "price_unit": "G"
      },
      {
        "state": "TAS",
        "price": "400",
        "price_per_unit": "114",
        "price_unit": "G"
      },
      {
        "state": "ACT",
        "price": "400",
        "price_per_unit": "114",
        "price_unit": "G"
      },
      {
        "state": "NT",
        "price": "400",
        "price_per_unit": "114",
        "price_unit": "G"
      }
    ]
  },
  {
    "source_url": "https://www.woolworths.com.au/shop/productdetails/234786/masterfoods-perfect-for-chicken-spice-blend",
    "name": "MasterFoods Perfect For Chicken Spice Blend 20g",
    "image_url": "https://cdn1.woolworths.media/content/wowproductimages/large/234786.jpg",
    "source_id": "Woolworths - 234786",
    "barcode": "9310012061243",
    "shop": "Woolworths",
    "weight": "10G",
    "prices": [
      {
        "state": "VIC",
        "price": "250",
        "price_per_unit": "125",
        "price_unit": "G"
      },
      {
        "state": "QLD",
        "price": "250",
        "price_per_unit": "125",
        "price_unit": "G"
      },
      {
        "state": "WA",
        "price": "250",
        "price_per_unit": "125",
        "price_unit": "G"
      },
      {
        "state": "SA",
        "price": "250",
        "price_per_unit": "125",
        "price_unit": "G"
      },
      {
        "state": "TAS",
        "price": "200",
        "price_per_unit": "100",
        "price_unit": "G"
      },
      {
        "state": "ACT",
        "price": "200",
        "price_per_unit": "100",
        "price_unit": "G"
      },
      {
        "state": "NT",
        "price": "200",
        "price_per_unit": "100",
        "price_unit": "G"
      }
    ]
  },
  {
    "source_url": "https://www.woolworths.com.au/shop/productdetails/235503/masterfoods-perfect-for-fish-spice-blend",
    "name": "MasterFoods Perfect For Fish Spice Blend 20g",
    "image_url": "https://cdn1.woolworths.media/content/wowproductimages/large/235503.jpg",
    "source_id": "Woolworths - 235503",
    "barcode": "9310012061267",
    "shop": "Woolworths",
    "weight": "10G",
    "prices": [
      {
        "state": "VIC",
        "price": "250",
        "price_per_unit": "125",
        "price_unit": "G"
      },
      {
        "state": "QLD",
        "price": "250",
        "price_per_unit": "125",
        "price_unit": "G"
      },
      {
        "state": "WA",
        "price": "250",
        "price_per_unit": "125",
        "price_unit": "G"
      },
      {
        "state": "SA",
        "price": "250",
        "price_per_unit": "125",
        "price_unit": "G"
      },
      {
        "state": "TAS",
        "price": "200",
        "price_per_unit": "100",
        "price_unit": "G"
      },
      {
        "state": "ACT",
        "price": "200",
        "price_per_unit": "100",
        "price_unit": "G"
      },
      {
        "state": "NT",
        "price": "200",
        "price_per_unit": "100",
        "price_unit": "G"
      }
    ]
  },
  {
    "source_url": "https://www.woolworths.com.au/shop/productdetails/235446/masterfoods-perfect-for-lamb-spice-blend",
    "name": "MasterFoods Perfect For Lamb Spice Blend 20g",
    "image_url": "https://cdn1.woolworths.media/content/wowproductimages/large/235446.jpg",
    "source_id": "Woolworths - 235446",
    "barcode": "9310012061281",
    "shop": "Woolworths",
    "weight": "10G",
    "prices": [
      {
        "state": "VIC",
        "price": "250",
        "price_per_unit": "125",
        "price_unit": "G"
      },
      {
        "state": "QLD",
        "price": "250",
        "price_per_unit": "125",
        "price_unit": "G"
      },
      {
        "state": "WA",
        "price": "250",
        "price_per_unit": "125",
        "price_unit": "G"
      },
      {
        "state": "SA",
        "price": "250",
        "price_per_unit": "125",
        "price_unit": "G"
      },
      {
        "state": "TAS",
        "price": "200",
        "price_per_unit": "100",
        "price_unit": "G"
      },
      {
        "state": "ACT",
        "price": "200",
        "price_per_unit": "100",
        "price_unit": "G"
      },
      {
        "state": "NT",
        "price": "200",
        "price_per_unit": "100",
        "price_unit": "G"
      }
    ]
  },
  {
    "source_url": "https://www.woolworths.com.au/shop/productdetails/74502/masterfoods-pizza-seasoning-sprinkle",
    "name": "MasterFoods Pizza Seasoning Sprinkle 18g",
    "image_url": "https://cdn1.woolworths.media/content/wowproductimages/large/074502.jpg",
    "source_id": "Woolworths - 74502",
    "barcode": "93782265",
    "shop": "Woolworths",
    "weight": "10G",
    "prices": [
      {
        "state": "VIC",
        "price": "350",
        "price_per_unit": "194",
        "price_unit": "G"
      },
      {
        "state": "QLD",
        "price": "350",
        "price_per_unit": "194",
        "price_unit": "G"
      },
      {
        "state": "WA",
        "price": "350",
        "price_per_unit": "194",
        "price_unit": "G"
      },
      {
        "state": "SA",
        "price": "450",
        "price_per_unit": "250",
        "price_unit": "G"
      },
      {
        "state": "TAS",
        "price": "450",
        "price_per_unit": "250",
        "price_unit": "G"
      },
      {
        "state": "ACT",
        "price": "350",
        "price_per_unit": "194",
        "price_unit": "G"
      },
      {
        "state": "NT",
        "price": "350",
        "price_per_unit": "194",
        "price_unit": "G"
      }
    ]
  },
  {
    "source_url": "https://www.woolworths.com.au/shop/productdetails/44751/masterfoods-roast-chicken-seasoning",
    "name": "MasterFoods Roast Chicken Seasoning 41g",
    "image_url": "https://cdn1.woolworths.media/content/wowproductimages/large/044751.jpg",
    "source_id": "Woolworths - 44751",
    "barcode": "93782548",
    "shop": "Woolworths",
    "weight": "10G",
    "prices": [
      {
        "state": "VIC",
        "price": "420",
        "price_per_unit": "102",
        "price_unit": "G"
      },
      {
        "state": "QLD",
        "price": "420",
        "price_per_unit": "102",
        "price_unit": "G"
      },
      {
        "state": "WA",
        "price": "420",
        "price_per_unit": "102",
        "price_unit": "G"
      },
      {
        "state": "SA",
        "price": "370",
        "price_per_unit": "90",
        "price_unit": "G"
      },
      {
        "state": "TAS",
        "price": "370",
        "price_per_unit": "90",
        "price_unit": "G"
      },
      {
        "state": "ACT",
        "price": "420",
        "price_per_unit": "102",
        "price_unit": "G"
      },
      {
        "state": "NT",
        "price": "420",
        "price_per_unit": "102",
        "price_unit": "G"
      }
    ]
  },
  {
    "source_url": "https://www.woolworths.com.au/shop/productdetails/35959/masterfoods-rosemary-leaves",
    "name": "MasterFoods Rosemary Leaves 16g",
    "image_url": "https://cdn1.woolworths.media/content/wowproductimages/large/035959.jpg",
    "source_id": "Woolworths - 35959",
    "barcode": "93716284",
    "shop": "Woolworths",
    "weight": "10G",
    "prices": [
      {
        "state": "VIC",
        "price": "220",
        "price_per_unit": "138",
        "price_unit": "G"
      },
      {
        "state": "QLD",
        "price": "220",
        "price_per_unit": "138",
        "price_unit": "G"
      },
      {
        "state": "WA",
        "price": "220",
        "price_per_unit": "138",
        "price_unit": "G"
      },
      {
        "state": "SA",
        "price": "330",
        "price_per_unit": "206",
        "price_unit": "G"
      },
      {
        "state": "TAS",
        "price": "330",
        "price_per_unit": "206",
        "price_unit": "G"
      },
      {
        "state": "ACT",
        "price": "220",
        "price_per_unit": "138",
        "price_unit": "G"
      },
      {
        "state": "NT",
        "price": "220",
        "price_per_unit": "138",
        "price_unit": "G"
      }
    ]
  },
  {
    "source_url": "https://www.woolworths.com.au/shop/productdetails/502075/masterfoods-salad-crunch-topper-herb-blend-with-basil-garlic",
    "name": "Masterfoods Salad Crunch Topper Herb Blend With Basil & Garlic 30g",
    "image_url": "https://cdn1.woolworths.media/content/wowproductimages/large/502075.jpg",
    "source_id": "Woolworths - 502075",
    "barcode": "9310012062356",
    "shop": "Woolworths",
    "weight": "10G",
    "prices": [
      {
        "state": "VIC",
        "price": "450",
        "price_per_unit": "150",
        "price_unit": "G"
      },
      {
        "state": "QLD",
        "price": "450",
        "price_per_unit": "150",
        "price_unit": "G"
      },
      {
        "state": "WA",
        "price": "450",
        "price_per_unit": "150",
        "price_unit": "G"
      },
      {
        "state": "SA",
        "price": "450",
        "price_per_unit": "150",
        "price_unit": "G"
      },
      {
        "state": "TAS",
        "price": "360",
        "price_per_unit": "120",
        "price_unit": "G"
      },
      {
        "state": "ACT",
        "price": "360",
        "price_per_unit": "120",
        "price_unit": "G"
      },
      {
        "state": "NT",
        "price": "360",
        "price_per_unit": "120",
        "price_unit": "G"
      }
    ]
  },
  {
    "source_url": "https://www.woolworths.com.au/shop/productdetails/32759/masterfoods-salt-onion",
    "name": "MasterFoods Salt Onion 68g",
    "image_url": "https://cdn1.woolworths.media/content/wowproductimages/large/032759.jpg",
    "source_id": "Woolworths - 32759",
    "barcode": "93716758",
    "shop": "Woolworths",
    "weight": "10G",
    "prices": [
      {
        "state": "VIC",
        "price": "250",
        "price_per_unit": "37",
        "price_unit": "G"
      },
      {
        "state": "QLD",
        "price": "250",
        "price_per_unit": "37",
        "price_unit": "G"
      },
      {
        "state": "WA",
        "price": "250",
        "price_per_unit": "37",
        "price_unit": "G"
      },
      {
        "state": "SA",
        "price": "370",
        "price_per_unit": "54",
        "price_unit": "G"
      },
      {
        "state": "TAS",
        "price": "370",
        "price_per_unit": "54",
        "price_unit": "G"
      },
      {
        "state": "ACT",
        "price": "250",
        "price_per_unit": "37",
        "price_unit": "G"
      },
      {
        "state": "NT",
        "price": "250",
        "price_per_unit": "37",
        "price_unit": "G"
      }
    ]
  },
  {
    "source_url": "https://www.woolworths.com.au/shop/productdetails/92971/masterfoods-seasoning-garlic-steak",
    "name": "MasterFoods Seasoning Garlic Steak 50g",
    "image_url": "https://cdn1.woolworths.media/content/wowproductimages/large/092971.jpg",
    "source_id": "Woolworths - 92971",
    "barcode": "93716840",
    "shop": "Woolworths",
    "weight": "10G",
    "prices": [
      {
        "state": "VIC",
        "price": "400",
        "price_per_unit": "80",
        "price_unit": "G"
      },
      {
        "state": "QLD",
        "price": "400",
        "price_per_unit": "80",
        "price_unit": "G"
      },
      {
        "state": "WA",
        "price": "400",
        "price_per_unit": "80",
        "price_unit": "G"
      },
      {
        "state": "SA",
        "price": "370",
        "price_per_unit": "74",
        "price_unit": "G"
      },
      {
        "state": "TAS",
        "price": "370",
        "price_per_unit": "74",
        "price_unit": "G"
      },
      {
        "state": "ACT",
        "price": "400",
        "price_per_unit": "80",
        "price_unit": "G"
      },
      {
        "state": "NT",
        "price": "400",
        "price_per_unit": "80",
        "price_unit": "G"
      }
    ]
  },
  {
    "source_url": "https://www.woolworths.com.au/shop/productdetails/23030/masterfoods-seasoning-spaghetti-bolognese",
    "name": "MasterFoods Seasoning Spaghetti Bolognese 40g",
    "image_url": "https://cdn1.woolworths.media/content/wowproductimages/large/023030.jpg",
    "source_id": "Woolworths - 23030",
    "barcode": "93782111",
    "shop": "Woolworths",
    "weight": "10G",
    "prices": [
      {
        "state": "VIC",
        "price": "700",
        "price_per_unit": "175",
        "price_unit": "G"
      },
      {
        "state": "QLD",
        "price": "700",
        "price_per_unit": "175",
        "price_unit": "G"
      },
      {
        "state": "WA",
        "price": "700",
        "price_per_unit": "175",
        "price_unit": "G"
      },
      {
        "state": "SA",
        "price": "730",
        "price_per_unit": "183",
        "price_unit": "G"
      },
      {
        "state": "TAS",
        "price": "730",
        "price_per_unit": "183",
        "price_unit": "G"
      },
      {
        "state": "ACT",
        "price": "700",
        "price_per_unit": "175",
        "price_unit": "G"
      },
      {
        "state": "NT",
        "price": "700",
        "price_per_unit": "175",
        "price_unit": "G"
      }
    ]
  },
  {
    "source_url": "https://www.woolworths.com.au/shop/productdetails/114235/masterfoods-smoked-charred-alabama-style-rub",
    "name": "MasterFoods Smoked & Charred Alabama Style Rub 52G",
    "image_url": "https://cdn1.woolworths.media/content/wowproductimages/large/114235.jpg",
    "source_id": "Woolworths - 114235",
    "barcode": "9310012058441",
    "shop": "Woolworths",
    "weight": "10G",
    "prices": [
      {
        "state": "VIC",
        "price": "430",
        "price_per_unit": "83",
        "price_unit": "G"
      },
      {
        "state": "QLD",
        "price": "430",
        "price_per_unit": "83",
        "price_unit": "G"
      },
      {
        "state": "WA",
        "price": "430",
        "price_per_unit": "83",
        "price_unit": "G"
      },
      {
        "state": "SA",
        "price": "370",
        "price_per_unit": "71",
        "price_unit": "G"
      },
      {
        "state": "TAS",
        "price": "370",
        "price_per_unit": "71",
        "price_unit": "G"
      },
      {
        "state": "ACT",
        "price": "430",
        "price_per_unit": "83",
        "price_unit": "G"
      },
      {
        "state": "NT",
        "price": "430",
        "price_per_unit": "83",
        "price_unit": "G"
      }
    ]
  },
  {
    "source_url": "https://www.woolworths.com.au/shop/productdetails/113949/masterfoods-smoked-charred-texan-style-rub",
    "name": "MasterFoods Smoked & Charred Texan Style Rub 50g",
    "image_url": "https://cdn1.woolworths.media/content/wowproductimages/large/113949.jpg",
    "source_id": "Woolworths - 113949",
    "barcode": "9310012058410",
    "shop": "Woolworths",
    "weight": "10G",
    "prices": [
      {
        "state": "VIC",
        "price": "430",
        "price_per_unit": "86",
        "price_unit": "G"
      },
      {
        "state": "QLD",
        "price": "430",
        "price_per_unit": "86",
        "price_unit": "G"
      },
      {
        "state": "WA",
        "price": "430",
        "price_per_unit": "86",
        "price_unit": "G"
      },
      {
        "state": "SA",
        "price": "370",
        "price_per_unit": "74",
        "price_unit": "G"
      },
      {
        "state": "TAS",
        "price": "370",
        "price_per_unit": "74",
        "price_unit": "G"
      },
      {
        "state": "ACT",
        "price": "430",
        "price_per_unit": "86",
        "price_unit": "G"
      },
      {
        "state": "NT",
        "price": "430",
        "price_per_unit": "86",
        "price_unit": "G"
      }
    ]
  },
  {
    "source_url": "https://www.woolworths.com.au/shop/productdetails/905774/masterfoods-spicy-buffalo-spice-blend",
    "name": "Masterfoods Spicy Buffalo Spice Blend 20g",
    "image_url": "https://cdn1.woolworths.media/content/wowproductimages/large/905774.jpg",
    "source_id": "Woolworths - 905774",
    "barcode": "9310012063162",
    "shop": "Woolworths",
    "weight": "10G",
    "prices": [
      {
        "state": "VIC",
        "price": "250",
        "price_per_unit": "125",
        "price_unit": "G"
      },
      {
        "state": "QLD",
        "price": "250",
        "price_per_unit": "125",
        "price_unit": "G"
      },
      {
        "state": "WA",
        "price": "250",
        "price_per_unit": "125",
        "price_unit": "G"
      },
      {
        "state": "SA",
        "price": "250",
        "price_per_unit": "125",
        "price_unit": "G"
      },
      {
        "state": "TAS",
        "price": "200",
        "price_per_unit": "100",
        "price_unit": "G"
      },
      {
        "state": "ACT",
        "price": "200",
        "price_per_unit": "100",
        "price_unit": "G"
      },
      {
        "state": "NT",
        "price": "200",
        "price_per_unit": "100",
        "price_unit": "G"
      }
    ]
  },
  {
    "source_url": "https://www.woolworths.com.au/shop/productdetails/35962/masterfoods-tarragon-leaves",
    "name": "MasterFoods Tarragon Leaves 7g",
    "image_url": "https://cdn1.woolworths.media/content/wowproductimages/large/035962.jpg",
    "source_id": "Woolworths - 35962",
    "barcode": "93716307",
    "shop": "Woolworths",
    "weight": "10G",
    "prices": [
      {
        "state": "VIC",
        "price": "365",
        "price_per_unit": "521",
        "price_unit": "G"
      },
      {
        "state": "QLD",
        "price": "365",
        "price_per_unit": "521",
        "price_unit": "G"
      },
      {
        "state": "WA",
        "price": "365",
        "price_per_unit": "521",
        "price_unit": "G"
      },
      {
        "state": "SA",
        "price": "330",
        "price_per_unit": "471",
        "price_unit": "G"
      },
      {
        "state": "TAS",
        "price": "330",
        "price_per_unit": "471",
        "price_unit": "G"
      },
      {
        "state": "ACT",
        "price": "365",
        "price_per_unit": "521",
        "price_unit": "G"
      },
      {
        "state": "NT",
        "price": "365",
        "price_per_unit": "521",
        "price_unit": "G"
      }
    ]
  },
  {
    "source_url": "https://www.woolworths.com.au/shop/productdetails/50431/masterfoods-tuscan-seasoning",
    "name": "MasterFoods Tuscan Seasoning 40g",
    "image_url": "https://cdn1.woolworths.media/content/wowproductimages/large/050431.jpg",
    "source_id": "Woolworths - 50431",
    "barcode": "93782043",
    "shop": "Woolworths",
    "weight": "10G",
    "prices": [
      {
        "state": "VIC",
        "price": "430",
        "price_per_unit": "108",
        "price_unit": "G"
      },
      {
        "state": "QLD",
        "price": "430",
        "price_per_unit": "108",
        "price_unit": "G"
      },
      {
        "state": "WA",
        "price": "430",
        "price_per_unit": "108",
        "price_unit": "G"
      },
      {
        "state": "SA",
        "price": "450",
        "price_per_unit": "113",
        "price_unit": "G"
      },
      {
        "state": "TAS",
        "price": "450",
        "price_per_unit": "113",
        "price_unit": "G"
      },
      {
        "state": "ACT",
        "price": "430",
        "price_per_unit": "108",
        "price_unit": "G"
      },
      {
        "state": "NT",
        "price": "430",
        "price_per_unit": "108",
        "price_unit": "G"
      }
    ]
  },
  {
    "source_url": "https://www.woolworths.com.au/shop/productdetails/32782/masterfoods-vanillin-sugar",
    "name": "MasterFoods Vanillin Sugar 65g",
    "image_url": "https://cdn1.woolworths.media/content/wowproductimages/large/032782.jpg",
    "source_id": "Woolworths - 32782",
    "barcode": "93716710",
    "shop": "Woolworths",
    "weight": "10G",
    "prices": [
      {
        "state": "VIC",
        "price": "280",
        "price_per_unit": "43",
        "price_unit": "G"
      },
      {
        "state": "QLD",
        "price": "280",
        "price_per_unit": "43",
        "price_unit": "G"
      },
      {
        "state": "WA",
        "price": "280",
        "price_per_unit": "43",
        "price_unit": "G"
      },
      {
        "state": "SA",
        "price": "330",
        "price_per_unit": "51",
        "price_unit": "G"
      },
      {
        "state": "TAS",
        "price": "330",
        "price_per_unit": "51",
        "price_unit": "G"
      },
      {
        "state": "ACT",
        "price": "280",
        "price_per_unit": "43",
        "price_unit": "G"
      },
      {
        "state": "NT",
        "price": "280",
        "price_per_unit": "43",
        "price_unit": "G"
      }
    ]
  },
  {
    "source_url": "https://www.woolworths.com.au/shop/productdetails/216503/masterfoods-whole-cumin-seed",
    "name": "MasterFoods Whole Cumin Seed 28g",
    "image_url": "https://cdn1.woolworths.media/content/wowproductimages/large/216503.jpg",
    "source_id": "Woolworths - 216503",
    "barcode": "9310012031000",
    "shop": "Woolworths",
    "weight": "10G",
    "prices": [
      {
        "state": "VIC",
        "price": "400",
        "price_per_unit": "143",
        "price_unit": "G"
      },
      {
        "state": "QLD",
        "price": "400",
        "price_per_unit": "143",
        "price_unit": "G"
      },
      {
        "state": "WA",
        "price": "400",
        "price_per_unit": "143",
        "price_unit": "G"
      },
      {
        "state": "SA",
        "price": "330",
        "price_per_unit": "118",
        "price_unit": "G"
      },
      {
        "state": "TAS",
        "price": "330",
        "price_per_unit": "118",
        "price_unit": "G"
      },
      {
        "state": "ACT",
        "price": "400",
        "price_per_unit": "143",
        "price_unit": "G"
      },
      {
        "state": "NT",
        "price": "400",
        "price_per_unit": "143",
        "price_unit": "G"
      }
    ]
  },
  {
    "source_url": "https://www.woolworths.com.au/shop/productdetails/500779/mccormick-asian-chilli-crisp-street-food-seasoning",
    "name": "McCormick Asian Chilli Crisp Street Food Seasoning 25g",
    "image_url": "https://cdn1.woolworths.media/content/wowproductimages/large/500779.jpg",
    "source_id": "Woolworths - 500779",
    "barcode": "9300683509427",
    "shop": "Woolworths",
    "weight": "10G",
    "prices": [
      {
        "state": "VIC",
        "price": "250",
        "price_per_unit": "100",
        "price_unit": "G"
      },
      {
        "state": "QLD",
        "price": "250",
        "price_per_unit": "100",
        "price_unit": "G"
      },
      {
        "state": "WA",
        "price": "250",
        "price_per_unit": "100",
        "price_unit": "G"
      },
      {
        "state": "SA",
        "price": "250",
        "price_per_unit": "100",
        "price_unit": "G"
      },
      {
        "state": "TAS",
        "price": "200",
        "price_per_unit": "80",
        "price_unit": "G"
      },
      {
        "state": "ACT",
        "price": "200",
        "price_per_unit": "80",
        "price_unit": "G"
      },
      {
        "state": "NT",
        "price": "200",
        "price_per_unit": "80",
        "price_unit": "G"
      }
    ]
  },
  {
    "source_url": "https://www.woolworths.com.au/shop/productdetails/503983/mccormick-australian-native-lemon-myrtle-spice-rub",
    "name": "McCormick Australian Native Lemon Myrtle Spice Rub 20g",
    "image_url": "https://cdn1.woolworths.media/content/wowproductimages/large/503983.jpg",
    "source_id": "Woolworths - 503983",
    "barcode": "9300683509366",
    "shop": "Woolworths",
    "weight": "10G",
    "prices": [
      {
        "state": "VIC",
        "price": "300",
        "price_per_unit": "150",
        "price_unit": "G"
      },
      {
        "state": "QLD",
        "price": "300",
        "price_per_unit": "150",
        "price_unit": "G"
      },
      {
        "state": "WA",
        "price": "300",
        "price_per_unit": "150",
        "price_unit": "G"
      },
      {
        "state": "SA",
        "price": "300",
        "price_per_unit": "150",
        "price_unit": "G"
      },
      {
        "state": "TAS",
        "price": "200",
        "price_per_unit": "100",
        "price_unit": "G"
      },
      {
        "state": "ACT",
        "price": "200",
        "price_per_unit": "100",
        "price_unit": "G"
      },
      {
        "state": "NT",
        "price": "200",
        "price_per_unit": "100",
        "price_unit": "G"
      }
    ]
  },
  {
    "source_url": "https://www.woolworths.com.au/shop/productdetails/483559/mccormick-australian-native-mountain-pepper-spice-rub",
    "name": "McCormick Australian Native Mountain Pepper Spice Rub 20g",
    "image_url": "https://cdn1.woolworths.media/content/wowproductimages/large/483559.jpg",
    "source_id": "Woolworths - 483559",
    "barcode": "9300683509373",
    "shop": "Woolworths",
    "weight": "10G",
    "prices": [
      {
        "state": "VIC",
        "price": "300",
        "price_per_unit": "150",
        "price_unit": "G"
      },
      {
        "state": "QLD",
        "price": "300",
        "price_per_unit": "150",
        "price_unit": "G"
      },
      {
        "state": "WA",
        "price": "300",
        "price_per_unit": "150",
        "price_unit": "G"
      },
      {
        "state": "SA",
        "price": "300",
        "price_per_unit": "150",
        "price_unit": "G"
      },
      {
        "state": "TAS",
        "price": "200",
        "price_per_unit": "100",
        "price_unit": "G"
      },
      {
        "state": "ACT",
        "price": "200",
        "price_per_unit": "100",
        "price_unit": "G"
      },
      {
        "state": "NT",
        "price": "200",
        "price_per_unit": "100",
        "price_unit": "G"
      }
    ]
  },
  {
    "source_url": "https://www.woolworths.com.au/shop/productdetails/502345/mccormick-australian-natives-wild-rosella-curry-spice-mix",
    "name": "McCormick Australian Natives Wild Rosella Curry Spice Mix 20g",
    "image_url": "https://cdn1.woolworths.media/content/wowproductimages/large/502345.jpg",
    "source_id": "Woolworths - 502345",
    "barcode": "9300683509397",
    "shop": "Woolworths",
    "weight": "10G",
    "prices": [
      {
        "state": "VIC",
        "price": "300",
        "price_per_unit": "150",
        "price_unit": "G"
      },
      {
        "state": "QLD",
        "price": "300",
        "price_per_unit": "150",
        "price_unit": "G"
      },
      {
        "state": "WA",
        "price": "300",
        "price_per_unit": "150",
        "price_unit": "G"
      },
      {
        "state": "SA",
        "price": "300",
        "price_per_unit": "150",
        "price_unit": "G"
      },
      {
        "state": "TAS",
        "price": "200",
        "price_per_unit": "100",
        "price_unit": "G"
      },
      {
        "state": "ACT",
        "price": "200",
        "price_per_unit": "100",
        "price_unit": "G"
      },
      {
        "state": "NT",
        "price": "200",
        "price_per_unit": "100",
        "price_unit": "G"
      }
    ]
  },
  {
    "source_url": "https://www.woolworths.com.au/shop/productdetails/504968/mccormick-brazilian-bbq-street-food-seasoning",
    "name": "McCormick Brazilian BBQ Street Food Seasoning 25g",
    "image_url": "https://cdn1.woolworths.media/content/wowproductimages/large/504968.jpg",
    "source_id": "Woolworths - 504968",
    "barcode": "9300683509403",
    "shop": "Woolworths",
    "weight": "10G",
    "prices": [
      {
        "state": "VIC",
        "price": "250",
        "price_per_unit": "100",
        "price_unit": "G"
      },
      {
        "state": "QLD",
        "price": "250",
        "price_per_unit": "100",
        "price_unit": "G"
      },
      {
        "state": "WA",
        "price": "250",
        "price_per_unit": "100",
        "price_unit": "G"
      },
      {
        "state": "SA",
        "price": "250",
        "price_per_unit": "100",
        "price_unit": "G"
      },
      {
        "state": "TAS",
        "price": "200",
        "price_per_unit": "80",
        "price_unit": "G"
      },
      {
        "state": "ACT",
        "price": "200",
        "price_per_unit": "80",
        "price_unit": "G"
      },
      {
        "state": "NT",
        "price": "200",
        "price_per_unit": "80",
        "price_unit": "G"
      }
    ]
  },
  {
    "source_url": "https://www.woolworths.com.au/shop/productdetails/500617/mccormick-bush-mint-barbecue-spice-rub",
    "name": "McCormick Bush Mint Barbecue Spice Rub 20g",
    "image_url": "https://cdn1.woolworths.media/content/wowproductimages/large/500617.jpg",
    "source_id": "Woolworths - 500617",
    "barcode": "9300683509380",
    "shop": "Woolworths",
    "weight": "10G",
    "prices": [
      {
        "state": "VIC",
        "price": "300",
        "price_per_unit": "150",
        "price_unit": "G"
      },
      {
        "state": "QLD",
        "price": "300",
        "price_per_unit": "150",
        "price_unit": "G"
      },
      {
        "state": "WA",
        "price": "300",
        "price_per_unit": "150",
        "price_unit": "G"
      },
      {
        "state": "SA",
        "price": "300",
        "price_per_unit": "150",
        "price_unit": "G"
      },
      {
        "state": "TAS",
        "price": "200",
        "price_per_unit": "100",
        "price_unit": "G"
      },
      {
        "state": "ACT",
        "price": "200",
        "price_per_unit": "100",
        "price_unit": "G"
      },
      {
        "state": "NT",
        "price": "200",
        "price_per_unit": "100",
        "price_unit": "G"
      }
    ]
  },
  {
    "source_url": "https://www.woolworths.com.au/shop/productdetails/59123/mccormick-caribbean-style-street-food-seasoning",
    "name": "McCormick Caribbean Style Street Food Seasoning 25g",
    "image_url": "https://cdn1.woolworths.media/content/wowproductimages/large/059123.jpg",
    "source_id": "Woolworths - 59123",
    "barcode": "9300683505672",
    "shop": "Woolworths",
    "weight": "10G",
    "prices": [
      {
        "state": "VIC",
        "price": "250",
        "price_per_unit": "100",
        "price_unit": "G"
      },
      {
        "state": "QLD",
        "price": "250",
        "price_per_unit": "100",
        "price_unit": "G"
      },
      {
        "state": "WA",
        "price": "250",
        "price_per_unit": "100",
        "price_unit": "G"
      },
      {
        "state": "SA",
        "price": "250",
        "price_per_unit": "100",
        "price_unit": "G"
      },
      {
        "state": "TAS",
        "price": "200",
        "price_per_unit": "80",
        "price_unit": "G"
      },
      {
        "state": "ACT",
        "price": "200",
        "price_per_unit": "80",
        "price_unit": "G"
      },
      {
        "state": "NT",
        "price": "200",
        "price_per_unit": "80",
        "price_unit": "G"
      }
    ]
  },
  {
    "source_url": "https://www.woolworths.com.au/shop/productdetails/170757/mccormick-greek-style-street-food-seasoning",
    "name": "McCormick Greek Style Street Food Seasoning 25g",
    "image_url": "https://cdn1.woolworths.media/content/wowproductimages/large/170757.jpg",
    "source_id": "Woolworths - 170757",
    "barcode": "9300683506464",
    "shop": "Woolworths",
    "weight": "10G",
    "prices": [
      {
        "state": "VIC",
        "price": "250",
        "price_per_unit": "100",
        "price_unit": "G"
      },
      {
        "state": "QLD",
        "price": "250",
        "price_per_unit": "100",
        "price_unit": "G"
      },
      {
        "state": "WA",
        "price": "250",
        "price_per_unit": "100",
        "price_unit": "G"
      },
      {
        "state": "SA",
        "price": "250",
        "price_per_unit": "100",
        "price_unit": "G"
      },
      {
        "state": "TAS",
        "price": "200",
        "price_per_unit": "80",
        "price_unit": "G"
      },
      {
        "state": "ACT",
        "price": "200",
        "price_per_unit": "80",
        "price_unit": "G"
      },
      {
        "state": "NT",
        "price": "200",
        "price_per_unit": "80",
        "price_unit": "G"
      }
    ]
  },
  {
    "source_url": "https://www.woolworths.com.au/shop/productdetails/505742/mccormick-grill-mates-cracked-pepper-garlic-with-sea-salt",
    "name": "McCormick Grill Mates Cracked Pepper & Garlic With Sea Salt 170g",
    "image_url": "https://cdn1.woolworths.media/content/wowproductimages/large/505742.jpg",
    "source_id": "Woolworths - 505742",
    "barcode": "52100051079",
    "shop": "Woolworths",
    "weight": "10G",
    "prices": [
      {
        "state": "VIC",
        "price": "700",
        "price_per_unit": "41",
        "price_unit": "G"
      },
      {
        "state": "QLD",
        "price": "700",
        "price_per_unit": "41",
        "price_unit": "G"
      },
      {
        "state": "WA",
        "price": "700",
        "price_per_unit": "41",
        "price_unit": "G"
      },
      {
        "state": "SA",
        "price": "700",
        "price_per_unit": "41",
        "price_unit": "G"
      },
      {
        "state": "TAS",
        "price": "550",
        "price_per_unit": "32",
        "price_unit": "G"
      },
      {
        "state": "ACT",
        "price": "550",
        "price_per_unit": "32",
        "price_unit": "G"
      },
      {
        "state": "NT",
        "price": "550",
        "price_per_unit": "32",
        "price_unit": "G"
      }
    ]
  },
  {
    "source_url": "https://www.woolworths.com.au/shop/productdetails/512268/mccormick-grill-mates-smoked-paprika-onion-with-garlic-pepper",
    "name": "McCormick Grill Mates Smoked Paprika & Onion With Garlic & Pepper 170g",
    "image_url": "https://cdn1.woolworths.media/content/wowproductimages/large/512268.jpg",
    "source_id": "Woolworths - 512268",
    "barcode": "52100051093",
    "shop": "Woolworths",
    "weight": "10G",
    "prices": [
      {
        "state": "VIC",
        "price": "700",
        "price_per_unit": "41",
        "price_unit": "G"
      },
      {
        "state": "QLD",
        "price": "700",
        "price_per_unit": "41",
        "price_unit": "G"
      },
      {
        "state": "WA",
        "price": "700",
        "price_per_unit": "41",
        "price_unit": "G"
      },
      {
        "state": "SA",
        "price": "700",
        "price_per_unit": "41",
        "price_unit": "G"
      },
      {
        "state": "TAS",
        "price": "550",
        "price_per_unit": "32",
        "price_unit": "G"
      },
      {
        "state": "ACT",
        "price": "550",
        "price_per_unit": "32",
        "price_unit": "G"
      },
      {
        "state": "NT",
        "price": "550",
        "price_per_unit": "32",
        "price_unit": "G"
      }
    ]
  },
  {
    "source_url": "https://www.woolworths.com.au/shop/productdetails/445863/mccormick-grill-mates-smokin-texas-american-bbq-rub",
    "name": "McCormick Grill Mates Smokin Texas American Bbq Rub 40g",
    "image_url": "https://cdn1.woolworths.media/content/wowproductimages/large/445863.jpg",
    "source_id": "Woolworths - 445863",
    "barcode": "9300683503708",
    "shop": "Woolworths",
    "weight": "10G",
    "prices": [
      {
        "state": "VIC",
        "price": "250",
        "price_per_unit": "63",
        "price_unit": "G"
      },
      {
        "state": "QLD",
        "price": "250",
        "price_per_unit": "63",
        "price_unit": "G"
      },
      {
        "state": "WA",
        "price": "250",
        "price_per_unit": "63",
        "price_unit": "G"
      },
      {
        "state": "SA",
        "price": "250",
        "price_per_unit": "63",
        "price_unit": "G"
      },
      {
        "state": "TAS",
        "price": "200",
        "price_per_unit": "50",
        "price_unit": "G"
      },
      {
        "state": "ACT",
        "price": "200",
        "price_per_unit": "50",
        "price_unit": "G"
      },
      {
        "state": "NT",
        "price": "200",
        "price_per_unit": "50",
        "price_unit": "G"
      }
    ]
  },
  {
    "source_url": "https://www.woolworths.com.au/shop/productdetails/445854/mccormick-grill-mates-tennessee-smokehouse-american-bbq-rub",
    "name": "McCormick Grill Mates Tennessee Smokehouse American Bbq Rub 40g",
    "image_url": "https://cdn1.woolworths.media/content/wowproductimages/large/445854.jpg",
    "source_id": "Woolworths - 445854",
    "barcode": "9300683503678",
    "shop": "Woolworths",
    "weight": "10G",
    "prices": [
      {
        "state": "VIC",
        "price": "250",
        "price_per_unit": "63",
        "price_unit": "G"
      },
      {
        "state": "QLD",
        "price": "250",
        "price_per_unit": "63",
        "price_unit": "G"
      },
      {
        "state": "WA",
        "price": "250",
        "price_per_unit": "63",
        "price_unit": "G"
      },
      {
        "state": "SA",
        "price": "250",
        "price_per_unit": "63",
        "price_unit": "G"
      },
      {
        "state": "TAS",
        "price": "200",
        "price_per_unit": "50",
        "price_unit": "G"
      },
      {
        "state": "ACT",
        "price": "200",
        "price_per_unit": "50",
        "price_unit": "G"
      },
      {
        "state": "NT",
        "price": "200",
        "price_per_unit": "50",
        "price_unit": "G"
      }
    ]
  },
  {
    "source_url": "https://www.woolworths.com.au/shop/productdetails/58521/mccormick-mexican-style-street-food-seasoning",
    "name": "McCormick Mexican Style Street Food Seasoning 25g",
    "image_url": "https://cdn1.woolworths.media/content/wowproductimages/large/058521.jpg",
    "source_id": "Woolworths - 58521",
    "barcode": "9300683505689",
    "shop": "Woolworths",
    "weight": "10G",
    "prices": [
      {
        "state": "VIC",
        "price": "250",
        "price_per_unit": "100",
        "price_unit": "G"
      },
      {
        "state": "QLD",
        "price": "250",
        "price_per_unit": "100",
        "price_unit": "G"
      },
      {
        "state": "WA",
        "price": "250",
        "price_per_unit": "100",
        "price_unit": "G"
      },
      {
        "state": "SA",
        "price": "250",
        "price_per_unit": "100",
        "price_unit": "G"
      },
      {
        "state": "TAS",
        "price": "200",
        "price_per_unit": "80",
        "price_unit": "G"
      },
      {
        "state": "ACT",
        "price": "200",
        "price_per_unit": "80",
        "price_unit": "G"
      },
      {
        "state": "NT",
        "price": "200",
        "price_per_unit": "80",
        "price_unit": "G"
      }
    ]
  },
  {
    "source_url": "https://www.woolworths.com.au/shop/productdetails/700528/mccormick-organic-chilli-flakes",
    "name": "McCormick Organic Chilli Flakes 12g",
    "image_url": "https://cdn1.woolworths.media/content/wowproductimages/large/700528.jpg",
    "source_id": "Woolworths - 700528",
    "barcode": "9300683505238",
    "shop": "Woolworths",
    "weight": "10G",
    "prices": [
      {
        "state": "VIC",
        "price": "275",
        "price_per_unit": "229",
        "price_unit": "G"
      },
      {
        "state": "QLD",
        "price": "275",
        "price_per_unit": "229",
        "price_unit": "G"
      },
      {
        "state": "WA",
        "price": "275",
        "price_per_unit": "229",
        "price_unit": "G"
      },
      {
        "state": "SA",
        "price": "275",
        "price_per_unit": "229",
        "price_unit": "G"
      },
      {
        "state": "TAS",
        "price": "225",
        "price_per_unit": "188",
        "price_unit": "G"
      },
      {
        "state": "ACT",
        "price": "225",
        "price_per_unit": "188",
        "price_unit": "G"
      },
      {
        "state": "NT",
        "price": "225",
        "price_per_unit": "188",
        "price_unit": "G"
      }
    ]
  },
  {
    "source_url": "https://www.woolworths.com.au/shop/productdetails/700379/mccormick-organic-cinnamon-ground",
    "name": "McCormick Organic Cinnamon Ground 13g",
    "image_url": "https://cdn1.woolworths.media/content/wowproductimages/large/700379.jpg",
    "source_id": "Woolworths - 700379",
    "barcode": "9300683505160",
    "shop": "Woolworths",
    "weight": "10G",
    "prices": [
      {
        "state": "VIC",
        "price": "275",
        "price_per_unit": "212",
        "price_unit": "G"
      },
      {
        "state": "QLD",
        "price": "275",
        "price_per_unit": "212",
        "price_unit": "G"
      },
      {
        "state": "WA",
        "price": "275",
        "price_per_unit": "212",
        "price_unit": "G"
      },
      {
        "state": "SA",
        "price": "275",
        "price_per_unit": "212",
        "price_unit": "G"
      },
      {
        "state": "TAS",
        "price": "225",
        "price_per_unit": "173",
        "price_unit": "G"
      },
      {
        "state": "ACT",
        "price": "225",
        "price_per_unit": "173",
        "price_unit": "G"
      },
      {
        "state": "NT",
        "price": "225",
        "price_per_unit": "173",
        "price_unit": "G"
      }
    ]
  },
  {
    "source_url": "https://www.woolworths.com.au/shop/productdetails/58553/mccormick-organic-garlic-powder",
    "name": "McCormick Organic Garlic Powder 17g",
    "image_url": "https://cdn1.woolworths.media/content/wowproductimages/large/058553.jpg",
    "source_id": "Woolworths - 58553",
    "barcode": "9300683505887",
    "shop": "Woolworths",
    "weight": "10G",
    "prices": [
      {
        "state": "VIC",
        "price": "275",
        "price_per_unit": "162",
        "price_unit": "G"
      },
      {
        "state": "QLD",
        "price": "275",
        "price_per_unit": "162",
        "price_unit": "G"
      },
      {
        "state": "WA",
        "price": "275",
        "price_per_unit": "162",
        "price_unit": "G"
      },
      {
        "state": "SA",
        "price": "275",
        "price_per_unit": "162",
        "price_unit": "G"
      },
      {
        "state": "TAS",
        "price": "225",
        "price_per_unit": "132",
        "price_unit": "G"
      },
      {
        "state": "ACT",
        "price": "225",
        "price_per_unit": "132",
        "price_unit": "G"
      },
      {
        "state": "NT",
        "price": "225",
        "price_per_unit": "132",
        "price_unit": "G"
      }
    ]
  },
  {
    "source_url": "https://www.woolworths.com.au/shop/productdetails/59119/mccormick-organic-ginger-powder",
    "name": "McCormick Organic Ginger Powder 10g",
    "image_url": "https://cdn1.woolworths.media/content/wowproductimages/large/059119.jpg",
    "source_id": "Woolworths - 59119",
    "barcode": "9300683505221",
    "shop": "Woolworths",
    "weight": "10G",
    "prices": [
      {
        "state": "VIC",
        "price": "275",
        "price_per_unit": "275",
        "price_unit": "G"
      },
      {
        "state": "QLD",
        "price": "275",
        "price_per_unit": "275",
        "price_unit": "G"
      },
      {
        "state": "WA",
        "price": "275",
        "price_per_unit": "275",
        "price_unit": "G"
      },
      {
        "state": "SA",
        "price": "275",
        "price_per_unit": "275",
        "price_unit": "G"
      },
      {
        "state": "TAS",
        "price": "225",
        "price_per_unit": "225",
        "price_unit": "G"
      },
      {
        "state": "ACT",
        "price": "225",
        "price_per_unit": "225",
        "price_unit": "G"
      },
      {
        "state": "NT",
        "price": "225",
        "price_per_unit": "225",
        "price_unit": "G"
      }
    ]
  },
  {
    "source_url": "https://www.woolworths.com.au/shop/productdetails/700508/mccormick-organic-turmeric-ground",
    "name": "McCormick Organic Turmeric Ground 17g",
    "image_url": "https://cdn1.woolworths.media/content/wowproductimages/large/700508.jpg",
    "source_id": "Woolworths - 700508",
    "barcode": "9300683505184",
    "shop": "Woolworths",
    "weight": "10G",
    "prices": [
      {
        "state": "VIC",
        "price": "275",
        "price_per_unit": "162",
        "price_unit": "G"
      },
      {
        "state": "QLD",
        "price": "275",
        "price_per_unit": "162",
        "price_unit": "G"
      },
      {
        "state": "WA",
        "price": "275",
        "price_per_unit": "162",
        "price_unit": "G"
      },
      {
        "state": "SA",
        "price": "275",
        "price_per_unit": "162",
        "price_unit": "G"
      },
      {
        "state": "TAS",
        "price": "225",
        "price_per_unit": "132",
        "price_unit": "G"
      },
      {
        "state": "ACT",
        "price": "225",
        "price_per_unit": "132",
        "price_unit": "G"
      },
      {
        "state": "NT",
        "price": "225",
        "price_per_unit": "132",
        "price_unit": "G"
      }
    ]
  },
  {
    "source_url": "https://www.woolworths.com.au/shop/productdetails/169912/mccormick-southern-style-street-food-seasoning",
    "name": "McCormick Southern Style Street Food Seasoning 25g",
    "image_url": "https://cdn1.woolworths.media/content/wowproductimages/large/169912.jpg",
    "source_id": "Woolworths - 169912",
    "barcode": "9300683506457",
    "shop": "Woolworths",
    "weight": "10G",
    "prices": [
      {
        "state": "VIC",
        "price": "250",
        "price_per_unit": "100",
        "price_unit": "G"
      },
      {
        "state": "QLD",
        "price": "250",
        "price_per_unit": "100",
        "price_unit": "G"
      },
      {
        "state": "WA",
        "price": "250",
        "price_per_unit": "100",
        "price_unit": "G"
      },
      {
        "state": "SA",
        "price": "250",
        "price_per_unit": "100",
        "price_unit": "G"
      },
      {
        "state": "TAS",
        "price": "200",
        "price_per_unit": "80",
        "price_unit": "G"
      },
      {
        "state": "ACT",
        "price": "200",
        "price_per_unit": "80",
        "price_unit": "G"
      },
      {
        "state": "NT",
        "price": "200",
        "price_per_unit": "80",
        "price_unit": "G"
      }
    ]
  },
  {
    "source_url": "https://www.woolworths.com.au/shop/productdetails/503974/mccormick-spicy-korean-bbq-street-food-seasoning",
    "name": "McCormick Spicy Korean BBQ Street Food Seasoning 25g",
    "image_url": "https://cdn1.woolworths.media/content/wowproductimages/large/503974.jpg",
    "source_id": "Woolworths - 503974",
    "barcode": "9300683509410",
    "shop": "Woolworths",
    "weight": "10G",
    "prices": [
      {
        "state": "VIC",
        "price": "250",
        "price_per_unit": "100",
        "price_unit": "G"
      },
      {
        "state": "QLD",
        "price": "250",
        "price_per_unit": "100",
        "price_unit": "G"
      },
      {
        "state": "WA",
        "price": "250",
        "price_per_unit": "100",
        "price_unit": "G"
      },
      {
        "state": "SA",
        "price": "250",
        "price_per_unit": "100",
        "price_unit": "G"
      },
      {
        "state": "TAS",
        "price": "200",
        "price_per_unit": "80",
        "price_unit": "G"
      },
      {
        "state": "ACT",
        "price": "200",
        "price_per_unit": "80",
        "price_unit": "G"
      },
      {
        "state": "NT",
        "price": "200",
        "price_per_unit": "80",
        "price_unit": "G"
      }
    ]
  },
  {
    "source_url": "https://www.woolworths.com.au/shop/productdetails/320995/mckenzie-s-pepper-black-corns-blended",
    "name": "McKenzie's Pepper Black Corns Blended 200g",
    "image_url": "https://cdn1.woolworths.media/content/wowproductimages/large/320995.jpg",
    "source_id": "Woolworths - 320995",
    "barcode": "9310061967251",
    "shop": "Woolworths",
    "weight": "10G",
    "prices": [
      {
        "state": "VIC",
        "price": "595",
        "price_per_unit": "30",
        "price_unit": "G"
      },
      {
        "state": "QLD",
        "price": "595",
        "price_per_unit": "30",
        "price_unit": "G"
      },
      {
        "state": "WA",
        "price": "595",
        "price_per_unit": "30",
        "price_unit": "G"
      },
      {
        "state": "SA",
        "price": "595",
        "price_per_unit": "30",
        "price_unit": "G"
      },
      {
        "state": "TAS",
        "price": "550",
        "price_per_unit": "28",
        "price_unit": "G"
      },
      {
        "state": "ACT",
        "price": "550",
        "price_per_unit": "28",
        "price_unit": "G"
      },
      {
        "state": "NT",
        "price": "550",
        "price_per_unit": "28",
        "price_unit": "G"
      }
    ]
  },
  {
    "source_url": "https://www.woolworths.com.au/shop/productdetails/827830/mckenzie-s-saffron",
    "name": "McKenzie's Saffron 100mg",
    "image_url": "https://cdn1.woolworths.media/content/wowproductimages/large/827830.jpg",
    "source_id": "Woolworths - 827830",
    "barcode": "9310061122872",
    "shop": "Woolworths",
    "weight": "10G",
    "prices": [
      {
        "state": "VIC",
        "price": "1440",
        "price_per_unit": "144000",
        "price_unit": "G"
      },
      {
        "state": "QLD",
        "price": "1440",
        "price_per_unit": "144000",
        "price_unit": "G"
      },
      {
        "state": "WA",
        "price": "1440",
        "price_per_unit": "144000",
        "price_unit": "G"
      },
      {
        "state": "SA",
        "price": "1440",
        "price_per_unit": "144000",
        "price_unit": "G"
      },
      {
        "state": "TAS",
        "price": "1440",
        "price_per_unit": "144000",
        "price_unit": "G"
      },
      {
        "state": "ACT",
        "price": "1295",
        "price_per_unit": "129500",
        "price_unit": "G"
      },
      {
        "state": "NT",
        "price": "1295",
        "price_per_unit": "129500",
        "price_unit": "G"
      }
    ]
  },
  {
    "source_url": "https://www.woolworths.com.au/shop/productdetails/255379/mingle-everything-bagel-all-natural-seasoning",
    "name": "Mingle Everything Bagel All-Natural Seasoning 50g",
    "image_url": "https://cdn1.woolworths.media/content/wowproductimages/large/255379.jpg",
    "source_id": "Woolworths - 255379",
    "barcode": "9350465000697",
    "shop": "Woolworths",
    "weight": "10G",
    "prices": [
      {
        "state": "VIC",
        "price": "495",
        "price_per_unit": "99",
        "price_unit": "G"
      },
      {
        "state": "QLD",
        "price": "495",
        "price_per_unit": "99",
        "price_unit": "G"
      },
      {
        "state": "WA",
        "price": "495",
        "price_per_unit": "99",
        "price_unit": "G"
      },
      {
        "state": "SA",
        "price": "495",
        "price_per_unit": "99",
        "price_unit": "G"
      },
      {
        "state": "TAS",
        "price": "495",
        "price_per_unit": "99",
        "price_unit": "G"
      },
      {
        "state": "ACT",
        "price": "495",
        "price_per_unit": "99",
        "price_unit": "G"
      },
      {
        "state": "NT",
        "price": "495",
        "price_per_unit": "99",
        "price_unit": "G"
      }
    ]
  },
  {
    "source_url": "https://www.woolworths.com.au/shop/productdetails/170002/mingle-garlic-herb-all-natural-seasoning",
    "name": "Mingle Garlic & Herb All Natural Seasoning 50g",
    "image_url": "https://cdn1.woolworths.media/content/wowproductimages/large/170002.jpg",
    "source_id": "Woolworths - 170002",
    "barcode": "9350465009904",
    "shop": "Woolworths",
    "weight": "10G",
    "prices": [
      {
        "state": "VIC",
        "price": "495",
        "price_per_unit": "99",
        "price_unit": "G"
      },
      {
        "state": "QLD",
        "price": "495",
        "price_per_unit": "99",
        "price_unit": "G"
      },
      {
        "state": "WA",
        "price": "495",
        "price_per_unit": "99",
        "price_unit": "G"
      },
      {
        "state": "SA",
        "price": "495",
        "price_per_unit": "99",
        "price_unit": "G"
      },
      {
        "state": "TAS",
        "price": "495",
        "price_per_unit": "99",
        "price_unit": "G"
      },
      {
        "state": "ACT",
        "price": "495",
        "price_per_unit": "99",
        "price_unit": "G"
      },
      {
        "state": "NT",
        "price": "495",
        "price_per_unit": "99",
        "price_unit": "G"
      }
    ]
  },
  {
    "source_url": "https://www.woolworths.com.au/shop/productdetails/488287/mingle-greek-garlic-seasoning",
    "name": "Mingle Greek Garlic Seasoning 45g",
    "image_url": "https://cdn1.woolworths.media/content/wowproductimages/large/488287.jpg",
    "source_id": "Woolworths - 488287",
    "barcode": "9350465010139",
    "shop": "Woolworths",
    "weight": "10G",
    "prices": [
      {
        "state": "VIC",
        "price": "495",
        "price_per_unit": "110",
        "price_unit": "G"
      },
      {
        "state": "QLD",
        "price": "495",
        "price_per_unit": "110",
        "price_unit": "G"
      },
      {
        "state": "WA",
        "price": "495",
        "price_per_unit": "110",
        "price_unit": "G"
      },
      {
        "state": "SA",
        "price": "495",
        "price_per_unit": "110",
        "price_unit": "G"
      },
      {
        "state": "TAS",
        "price": "495",
        "price_per_unit": "110",
        "price_unit": "G"
      },
      {
        "state": "ACT",
        "price": "495",
        "price_per_unit": "110",
        "price_unit": "G"
      },
      {
        "state": "NT",
        "price": "495",
        "price_per_unit": "110",
        "price_unit": "G"
      }
    ]
  },
  {
    "source_url": "https://www.woolworths.com.au/shop/productdetails/259501/mingle-mexican-fiesta-taco-all-natural-seasoning",
    "name": "Mingle Mexican Fiesta Taco All-Natural Seasoning 50g",
    "image_url": "https://cdn1.woolworths.media/content/wowproductimages/large/259501.jpg",
    "source_id": "Woolworths - 259501",
    "barcode": "9350465000994",
    "shop": "Woolworths",
    "weight": "10G",
    "prices": [
      {
        "state": "VIC",
        "price": "495",
        "price_per_unit": "99",
        "price_unit": "G"
      },
      {
        "state": "QLD",
        "price": "495",
        "price_per_unit": "99",
        "price_unit": "G"
      },
      {
        "state": "WA",
        "price": "495",
        "price_per_unit": "99",
        "price_unit": "G"
      },
      {
        "state": "SA",
        "price": "495",
        "price_per_unit": "99",
        "price_unit": "G"
      },
      {
        "state": "TAS",
        "price": "495",
        "price_per_unit": "99",
        "price_unit": "G"
      },
      {
        "state": "ACT",
        "price": "495",
        "price_per_unit": "99",
        "price_unit": "G"
      },
      {
        "state": "NT",
        "price": "495",
        "price_per_unit": "99",
        "price_unit": "G"
      }
    ]
  },
  {
    "source_url": "https://www.woolworths.com.au/shop/productdetails/68721/mingle-taco-mexican-fiesta-recipe-base",
    "name": "Mingle Taco Mexican Fiesta Recipe Base 30g",
    "image_url": "https://cdn1.woolworths.media/content/wowproductimages/large/068721.jpg",
    "source_id": "Woolworths - 68721",
    "barcode": "9350465006019",
    "shop": "Woolworths",
    "weight": "10G",
    "prices": [
      {
        "state": "VIC",
        "price": "195",
        "price_per_unit": "65",
        "price_unit": "G"
      },
      {
        "state": "QLD",
        "price": "195",
        "price_per_unit": "65",
        "price_unit": "G"
      },
      {
        "state": "WA",
        "price": "195",
        "price_per_unit": "65",
        "price_unit": "G"
      },
      {
        "state": "TAS",
        "price": "260",
        "price_per_unit": "87",
        "price_unit": "G"
      },
      {
        "state": "ACT",
        "price": "260",
        "price_per_unit": "87",
        "price_unit": "G"
      },
      {
        "state": "NT",
        "price": "260",
        "price_per_unit": "87",
        "price_unit": "G"
      }
    ]
  },
  {
    "source_url": "https://www.woolworths.com.au/shop/productdetails/581135/nando-s-lemon-herb-rub-spice-seasoning",
    "name": "Nando's Lemon & Herb Rub Spice Seasoning 25g",
    "image_url": "https://cdn1.woolworths.media/content/wowproductimages/large/581135.jpg",
    "source_id": "Woolworths - 581135",
    "barcode": "5039303000832",
    "shop": "Woolworths",
    "weight": "10G",
    "prices": [
      {
        "state": "VIC",
        "price": "340",
        "price_per_unit": "136",
        "price_unit": "G"
      },
      {
        "state": "QLD",
        "price": "340",
        "price_per_unit": "136",
        "price_unit": "G"
      },
      {
        "state": "WA",
        "price": "340",
        "price_per_unit": "136",
        "price_unit": "G"
      },
      {
        "state": "SA",
        "price": "340",
        "price_per_unit": "136",
        "price_unit": "G"
      },
      {
        "state": "TAS",
        "price": "340",
        "price_per_unit": "136",
        "price_unit": "G"
      },
      {
        "state": "ACT",
        "price": "340",
        "price_per_unit": "136",
        "price_unit": "G"
      },
      {
        "state": "NT",
        "price": "340",
        "price_per_unit": "136",
        "price_unit": "G"
      }
    ]
  },
  {
    "source_url": "https://www.woolworths.com.au/shop/productdetails/581165/nando-s-medium-rub-spice-seasoning",
    "name": "Nando's Medium Rub Spice Seasoning 25g",
    "image_url": "https://cdn1.woolworths.media/content/wowproductimages/large/581165.jpg",
    "source_id": "Woolworths - 581165",
    "barcode": "5039303000825",
    "shop": "Woolworths",
    "weight": "10G",
    "prices": [
      {
        "state": "VIC",
        "price": "340",
        "price_per_unit": "136",
        "price_unit": "G"
      },
      {
        "state": "QLD",
        "price": "340",
        "price_per_unit": "136",
        "price_unit": "G"
      },
      {
        "state": "WA",
        "price": "340",
        "price_per_unit": "136",
        "price_unit": "G"
      },
      {
        "state": "SA",
        "price": "340",
        "price_per_unit": "136",
        "price_unit": "G"
      },
      {
        "state": "TAS",
        "price": "340",
        "price_per_unit": "136",
        "price_unit": "G"
      },
      {
        "state": "ACT",
        "price": "340",
        "price_per_unit": "136",
        "price_unit": "G"
      },
      {
        "state": "NT",
        "price": "340",
        "price_per_unit": "136",
        "price_unit": "G"
      }
    ]
  },
  {
    "source_url": "https://www.woolworths.com.au/shop/productdetails/232228/nando-s-peri-peri-rub-garlic-medium",
    "name": "Nando's Peri Peri Rub Garlic Medium 25g",
    "image_url": "https://cdn1.woolworths.media/content/wowproductimages/large/232228.jpg",
    "source_id": "Woolworths - 232228",
    "barcode": "5039303000856",
    "shop": "Woolworths",
    "weight": "10G",
    "prices": [
      {
        "state": "VIC",
        "price": "340",
        "price_per_unit": "136",
        "price_unit": "G"
      },
      {
        "state": "QLD",
        "price": "340",
        "price_per_unit": "136",
        "price_unit": "G"
      },
      {
        "state": "WA",
        "price": "340",
        "price_per_unit": "136",
        "price_unit": "G"
      },
      {
        "state": "SA",
        "price": "340",
        "price_per_unit": "136",
        "price_unit": "G"
      },
      {
        "state": "TAS",
        "price": "340",
        "price_per_unit": "136",
        "price_unit": "G"
      },
      {
        "state": "ACT",
        "price": "340",
        "price_per_unit": "136",
        "price_unit": "G"
      },
      {
        "state": "NT",
        "price": "340",
        "price_per_unit": "136",
        "price_unit": "G"
      }
    ]
  },
  {
    "source_url": "https://www.woolworths.com.au/shop/productdetails/118156/saxa-whole-blended-peppercorns-pepper",
    "name": "Saxa Whole Blended Peppercorns Pepper 190g",
    "image_url": "https://cdn1.woolworths.media/content/wowproductimages/large/118156.jpg",
    "source_id": "Woolworths - 118156",
    "barcode": "9310412003331",
    "shop": "Woolworths",
    "weight": "10G",
    "prices": [
      {
        "state": "VIC",
        "price": "700",
        "price_per_unit": "37",
        "price_unit": "G"
      },
      {
        "state": "QLD",
        "price": "700",
        "price_per_unit": "37",
        "price_unit": "G"
      },
      {
        "state": "WA",
        "price": "700",
        "price_per_unit": "37",
        "price_unit": "G"
      },
      {
        "state": "SA",
        "price": "700",
        "price_per_unit": "37",
        "price_unit": "G"
      },
      {
        "state": "TAS",
        "price": "700",
        "price_per_unit": "37",
        "price_unit": "G"
      },
      {
        "state": "ACT",
        "price": "700",
        "price_per_unit": "37",
        "price_unit": "G"
      },
      {
        "state": "NT",
        "price": "735",
        "price_per_unit": "39",
        "price_unit": "G"
      }
    ]
  },
  {
    "source_url": "https://www.woolworths.com.au/shop/productdetails/250979/woolworths-all-spice-ground",
    "name": "Woolworths All Spice Ground 30g",
    "image_url": "https://cdn1.woolworths.media/content/wowproductimages/large/250979.jpg",
    "source_id": "Woolworths - 250979",
    "barcode": "9300633927080",
    "shop": "Woolworths",
    "weight": "10G",
    "prices": [
      {
        "state": "VIC",
        "price": "240",
        "price_per_unit": "80",
        "price_unit": "G"
      },
      {
        "state": "QLD",
        "price": "240",
        "price_per_unit": "80",
        "price_unit": "G"
      },
      {
        "state": "WA",
        "price": "240",
        "price_per_unit": "80",
        "price_unit": "G"
      },
      {
        "state": "TAS",
        "price": "240",
        "price_per_unit": "80",
        "price_unit": "G"
      },
      {
        "state": "ACT",
        "price": "240",
        "price_per_unit": "80",
        "price_unit": "G"
      },
      {
        "state": "NT",
        "price": "240",
        "price_per_unit": "80",
        "price_unit": "G"
      }
    ]
  },
  {
    "source_url": "https://www.woolworths.com.au/shop/productdetails/250981/woolworths-basil-leaves",
    "name": "Woolworths Basil Leaves 10g",
    "image_url": "https://cdn1.woolworths.media/content/wowproductimages/large/250981.jpg",
    "source_id": "Woolworths - 250981",
    "barcode": "9300633927097",
    "shop": "Woolworths",
    "weight": "10G",
    "prices": [
      {
        "state": "VIC",
        "price": "150",
        "price_per_unit": "150",
        "price_unit": "G"
      },
      {
        "state": "QLD",
        "price": "150",
        "price_per_unit": "150",
        "price_unit": "G"
      },
      {
        "state": "WA",
        "price": "150",
        "price_per_unit": "150",
        "price_unit": "G"
      },
      {
        "state": "TAS",
        "price": "150",
        "price_per_unit": "150",
        "price_unit": "G"
      },
      {
        "state": "ACT",
        "price": "150",
        "price_per_unit": "150",
        "price_unit": "G"
      },
      {
        "state": "NT",
        "price": "150",
        "price_per_unit": "150",
        "price_unit": "G"
      }
    ]
  },
  {
    "source_url": "https://www.woolworths.com.au/shop/productdetails/386602/woolworths-black-peppercorn-refill",
    "name": "Woolworths Black Peppercorn Refill 200g",
    "image_url": "https://cdn1.woolworths.media/content/wowproductimages/large/386602.jpg",
    "source_id": "Woolworths - 386602",
    "barcode": "9339687354504",
    "shop": "Woolworths",
    "weight": "10G",
    "prices": [
      {
        "state": "VIC",
        "price": "550",
        "price_per_unit": "28",
        "price_unit": "G"
      },
      {
        "state": "QLD",
        "price": "550",
        "price_per_unit": "28",
        "price_unit": "G"
      },
      {
        "state": "WA",
        "price": "550",
        "price_per_unit": "28",
        "price_unit": "G"
      },
      {
        "state": "TAS",
        "price": "550",
        "price_per_unit": "28",
        "price_unit": "G"
      },
      {
        "state": "ACT",
        "price": "550",
        "price_per_unit": "28",
        "price_unit": "G"
      },
      null
    ]
  },
  {
    "source_url": "https://www.woolworths.com.au/shop/productdetails/250988/woolworths-cajun-seasoning",
    "name": "Woolworths Cajun Seasoning 35g",
    "image_url": "https://cdn1.woolworths.media/content/wowproductimages/large/250988.jpg",
    "source_id": "Woolworths - 250988",
    "barcode": "9300633927134",
    "shop": "Woolworths",
    "weight": "10G",
    "prices": [
      {
        "state": "VIC",
        "price": "200",
        "price_per_unit": "57",
        "price_unit": "G"
      },
      {
        "state": "QLD",
        "price": "200",
        "price_per_unit": "57",
        "price_unit": "G"
      },
      {
        "state": "WA",
        "price": "200",
        "price_per_unit": "57",
        "price_unit": "G"
      },
      {
        "state": "TAS",
        "price": "200",
        "price_per_unit": "57",
        "price_unit": "G"
      },
      {
        "state": "ACT",
        "price": "200",
        "price_per_unit": "57",
        "price_unit": "G"
      },
      {
        "state": "NT",
        "price": "210",
        "price_per_unit": "60",
        "price_unit": "G"
      }
    ]
  },
  {
    "source_url": "https://www.woolworths.com.au/shop/productdetails/250995/woolworths-chilli-ground",
    "name": "Woolworths Chilli Ground 30g",
    "image_url": "https://cdn1.woolworths.media/content/wowproductimages/large/250995.jpg",
    "source_id": "Woolworths - 250995",
    "barcode": "9300633927271",
    "shop": "Woolworths",
    "weight": "10G",
    "prices": [
      {
        "state": "VIC",
        "price": "175",
        "price_per_unit": "58",
        "price_unit": "G"
      },
      {
        "state": "QLD",
        "price": "175",
        "price_per_unit": "58",
        "price_unit": "G"
      },
      {
        "state": "WA",
        "price": "175",
        "price_per_unit": "58",
        "price_unit": "G"
      },
      {
        "state": "TAS",
        "price": "175",
        "price_per_unit": "58",
        "price_unit": "G"
      },
      {
        "state": "ACT",
        "price": "175",
        "price_per_unit": "58",
        "price_unit": "G"
      },
      {
        "state": "NT",
        "price": "175",
        "price_per_unit": "58",
        "price_unit": "G"
      }
    ]
  },
  {
    "source_url": "https://www.woolworths.com.au/shop/productdetails/647765/woolworths-chipotle-seasoning",
    "name": "Woolworths Chipotle Seasoning 53g",
    "image_url": "https://cdn1.woolworths.media/content/wowproductimages/large/647765.jpg",
    "source_id": "Woolworths - 647765",
    "barcode": "9300633687069",
    "shop": "Woolworths",
    "weight": "10G",
    "prices": [
      {
        "state": "VIC",
        "price": "300",
        "price_per_unit": "57",
        "price_unit": "G"
      },
      {
        "state": "QLD",
        "price": "300",
        "price_per_unit": "57",
        "price_unit": "G"
      },
      {
        "state": "WA",
        "price": "300",
        "price_per_unit": "57",
        "price_unit": "G"
      },
      {
        "state": "TAS",
        "price": "300",
        "price_per_unit": "57",
        "price_unit": "G"
      },
      {
        "state": "ACT",
        "price": "300",
        "price_per_unit": "57",
        "price_unit": "G"
      },
      {
        "state": "NT",
        "price": "300",
        "price_per_unit": "57",
        "price_unit": "G"
      }
    ]
  },
  {
    "source_url": "https://www.woolworths.com.au/shop/productdetails/250997/woolworths-chives-chopped",
    "name": "Woolworths Chives Chopped 2g",
    "image_url": "https://cdn1.woolworths.media/content/wowproductimages/large/250997.jpg",
    "source_id": "Woolworths - 250997",
    "barcode": "9300633927318",
    "shop": "Woolworths",
    "weight": "10G",
    "prices": [
      {
        "state": "VIC",
        "price": "220",
        "price_per_unit": "1100",
        "price_unit": "G"
      },
      {
        "state": "QLD",
        "price": "220",
        "price_per_unit": "1100",
        "price_unit": "G"
      },
      {
        "state": "WA",
        "price": "220",
        "price_per_unit": "1100",
        "price_unit": "G"
      },
      {
        "state": "TAS",
        "price": "220",
        "price_per_unit": "1100",
        "price_unit": "G"
      },
      {
        "state": "ACT",
        "price": "220",
        "price_per_unit": "1100",
        "price_unit": "G"
      },
      {
        "state": "NT",
        "price": "230",
        "price_per_unit": "1150",
        "price_unit": "G"
      }
    ]
  },
  {
    "source_url": "https://www.woolworths.com.au/shop/productdetails/251001/woolworths-cinnamon-sugar",
    "name": "Woolworths Cinnamon Sugar 60g",
    "image_url": "https://cdn1.woolworths.media/content/wowproductimages/large/251001.jpg",
    "source_id": "Woolworths - 251001",
    "barcode": "9300633927363",
    "shop": "Woolworths",
    "weight": "10G",
    "prices": [
      {
        "state": "VIC",
        "price": "190",
        "price_per_unit": "32",
        "price_unit": "G"
      },
      {
        "state": "QLD",
        "price": "190",
        "price_per_unit": "32",
        "price_unit": "G"
      },
      {
        "state": "WA",
        "price": "190",
        "price_per_unit": "32",
        "price_unit": "G"
      },
      {
        "state": "TAS",
        "price": "190",
        "price_per_unit": "32",
        "price_unit": "G"
      },
      {
        "state": "ACT",
        "price": "190",
        "price_per_unit": "32",
        "price_unit": "G"
      },
      {
        "state": "NT",
        "price": "190",
        "price_per_unit": "32",
        "price_unit": "G"
      }
    ]
  },
  {
    "source_url": "https://www.woolworths.com.au/shop/productdetails/251002/woolworths-cloves-ground",
    "name": "Woolworths Cloves Ground 30g",
    "image_url": "https://cdn1.woolworths.media/content/wowproductimages/large/251002.jpg",
    "source_id": "Woolworths - 251002",
    "barcode": "9300633927394",
    "shop": "Woolworths",
    "weight": "10G",
    "prices": [
      {
        "state": "VIC",
        "price": "380",
        "price_per_unit": "127",
        "price_unit": "G"
      },
      {
        "state": "QLD",
        "price": "380",
        "price_per_unit": "127",
        "price_unit": "G"
      },
      {
        "state": "WA",
        "price": "380",
        "price_per_unit": "127",
        "price_unit": "G"
      },
      {
        "state": "TAS",
        "price": "380",
        "price_per_unit": "127",
        "price_unit": "G"
      },
      {
        "state": "ACT",
        "price": "380",
        "price_per_unit": "127",
        "price_unit": "G"
      },
      {
        "state": "NT",
        "price": "380",
        "price_per_unit": "127",
        "price_unit": "G"
      }
    ]
  },
  {
    "source_url": "https://www.woolworths.com.au/shop/productdetails/251004/woolworths-coriander-leaves-leaves",
    "name": "Woolworths Coriander Leaves Leaves 5g",
    "image_url": "https://cdn1.woolworths.media/content/wowproductimages/large/251004.jpg",
    "source_id": "Woolworths - 251004",
    "barcode": "9300633927431",
    "shop": "Woolworths",
    "weight": "10G",
    "prices": [
      {
        "state": "VIC",
        "price": "300",
        "price_per_unit": "600",
        "price_unit": "G"
      },
      {
        "state": "QLD",
        "price": "300",
        "price_per_unit": "600",
        "price_unit": "G"
      },
      {
        "state": "WA",
        "price": "300",
        "price_per_unit": "600",
        "price_unit": "G"
      },
      {
        "state": "TAS",
        "price": "300",
        "price_per_unit": "600",
        "price_unit": "G"
      },
      {
        "state": "ACT",
        "price": "300",
        "price_per_unit": "600",
        "price_unit": "G"
      },
      {
        "state": "NT",
        "price": "300",
        "price_per_unit": "600",
        "price_unit": "G"
      }
    ]
  },
  {
    "source_url": "https://www.woolworths.com.au/shop/productdetails/647764/woolworths-cracked-black-pepper",
    "name": "Woolworths Cracked Black Pepper 39g",
    "image_url": "https://cdn1.woolworths.media/content/wowproductimages/large/647764.jpg",
    "source_id": "Woolworths - 647764",
    "barcode": "9300633687052",
    "shop": "Woolworths",
    "weight": "10G",
    "prices": [
      {
        "state": "VIC",
        "price": "240",
        "price_per_unit": "62",
        "price_unit": "G"
      },
      {
        "state": "TAS",
        "price": "240",
        "price_per_unit": "62",
        "price_unit": "G"
      },
      {
        "state": "ACT",
        "price": "240",
        "price_per_unit": "62",
        "price_unit": "G"
      },
      {
        "state": "NT",
        "price": "240",
        "price_per_unit": "62",
        "price_unit": "G"
      }
    ]
  },
  {
    "source_url": "https://www.woolworths.com.au/shop/productdetails/251009/woolworths-dill",
    "name": "Woolworths Dill 10g",
    "image_url": "https://cdn1.woolworths.media/content/wowproductimages/large/251009.jpg",
    "source_id": "Woolworths - 251009",
    "barcode": "9300633927615",
    "shop": "Woolworths",
    "weight": "10G",
    "prices": [
      {
        "state": "VIC",
        "price": "200",
        "price_per_unit": "200",
        "price_unit": "G"
      },
      {
        "state": "TAS",
        "price": "200",
        "price_per_unit": "200",
        "price_unit": "G"
      },
      {
        "state": "ACT",
        "price": "200",
        "price_per_unit": "200",
        "price_unit": "G"
      },
      {
        "state": "NT",
        "price": "210",
        "price_per_unit": "210",
        "price_unit": "G"
      }
    ]
  },
  {
    "source_url": "https://www.woolworths.com.au/shop/productdetails/251013/woolworths-garam-masala",
    "name": "Woolworths Garam Masala 29g",
    "image_url": "https://cdn1.woolworths.media/content/wowproductimages/large/251013.jpg",
    "source_id": "Woolworths - 251013",
    "barcode": "9300633927677",
    "shop": "Woolworths",
    "weight": "10G",
    "prices": [
      {
        "state": "VIC",
        "price": "230",
        "price_per_unit": "79",
        "price_unit": "G"
      },
      {
        "state": "TAS",
        "price": "230",
        "price_per_unit": "79",
        "price_unit": "G"
      },
      {
        "state": "ACT",
        "price": "230",
        "price_per_unit": "79",
        "price_unit": "G"
      },
      {
        "state": "NT",
        "price": "230",
        "price_per_unit": "79",
        "price_unit": "G"
      }
    ]
  },
  {
    "source_url": "https://www.woolworths.com.au/shop/productdetails/251014/woolworths-garlic-granules",
    "name": "Woolworths Garlic Granules 45g",
    "image_url": "https://cdn1.woolworths.media/content/wowproductimages/large/251014.jpg",
    "source_id": "Woolworths - 251014",
    "barcode": "9300633927684",
    "shop": "Woolworths",
    "weight": "10G",
    "prices": [
      {
        "state": "VIC",
        "price": "200",
        "price_per_unit": "44",
        "price_unit": "G"
      },
      {
        "state": "TAS",
        "price": "200",
        "price_per_unit": "44",
        "price_unit": "G"
      },
      {
        "state": "ACT",
        "price": "200",
        "price_per_unit": "44",
        "price_unit": "G"
      },
      {
        "state": "NT",
        "price": "220",
        "price_per_unit": "49",
        "price_unit": "G"
      }
    ]
  },
  {
    "source_url": "https://www.woolworths.com.au/shop/productdetails/647761/woolworths-garlic-salt",
    "name": "Woolworths Garlic Salt 72g",
    "image_url": "https://cdn1.woolworths.media/content/wowproductimages/large/647761.jpg",
    "source_id": "Woolworths - 647761",
    "barcode": "9300633687021",
    "shop": "Woolworths",
    "weight": "10G",
    "prices": [
      {
        "state": "VIC",
        "price": "190",
        "price_per_unit": "26",
        "price_unit": "G"
      },
      {
        "state": "TAS",
        "price": "190",
        "price_per_unit": "26",
        "price_unit": "G"
      },
      {
        "state": "ACT",
        "price": "190",
        "price_per_unit": "26",
        "price_unit": "G"
      },
      {
        "state": "NT",
        "price": "190",
        "price_per_unit": "26",
        "price_unit": "G"
      }
    ]
  },
  {
    "source_url": "https://www.woolworths.com.au/shop/productdetails/251024/woolworths-ginger-ground",
    "name": "Woolworths Ginger Ground 25g",
    "image_url": "https://cdn1.woolworths.media/content/wowproductimages/large/251024.jpg",
    "source_id": "Woolworths - 251024",
    "barcode": "9300633927769",
    "shop": "Woolworths",
    "weight": "10G",
    "prices": [
      {
        "state": "VIC",
        "price": "155",
        "price_per_unit": "62",
        "price_unit": "G"
      },
      {
        "state": "TAS",
        "price": "155",
        "price_per_unit": "62",
        "price_unit": "G"
      },
      {
        "state": "ACT",
        "price": "155",
        "price_per_unit": "62",
        "price_unit": "G"
      },
      {
        "state": "NT",
        "price": "155",
        "price_per_unit": "62",
        "price_unit": "G"
      }
    ]
  },
  {
    "source_url": "https://www.woolworths.com.au/shop/productdetails/250990/woolworths-ground-cardamom",
    "name": "Woolworths Ground Cardamom 24g",
    "image_url": "https://cdn1.woolworths.media/content/wowproductimages/large/250990.jpg",
    "source_id": "Woolworths - 250990",
    "barcode": "9300633927158",
    "shop": "Woolworths",
    "weight": "10G",
    "prices": [
      {
        "state": "VIC",
        "price": "225",
        "price_per_unit": "94",
        "price_unit": "G"
      },
      {
        "state": "TAS",
        "price": "225",
        "price_per_unit": "94",
        "price_unit": "G"
      },
      {
        "state": "ACT",
        "price": "225",
        "price_per_unit": "94",
        "price_unit": "G"
      },
      {
        "state": "NT",
        "price": "225",
        "price_per_unit": "94",
        "price_unit": "G"
      }
    ]
  },
  {
    "source_url": "https://www.woolworths.com.au/shop/productdetails/251082/woolworths-mint-flakes",
    "name": "Woolworths Mint Flakes 7g",
    "image_url": "https://cdn1.woolworths.media/content/wowproductimages/large/251082.jpg",
    "source_id": "Woolworths - 251082",
    "barcode": "9300633928360",
    "shop": "Woolworths",
    "weight": "10G",
    "prices": [
      {
        "state": "VIC",
        "price": "155",
        "price_per_unit": "221",
        "price_unit": "G"
      },
      {
        "state": "TAS",
        "price": "155",
        "price_per_unit": "221",
        "price_unit": "G"
      },
      {
        "state": "NT",
        "price": "155",
        "price_per_unit": "221",
        "price_unit": "G"
      }
    ]
  },
  {
    "source_url": "https://www.woolworths.com.au/shop/productdetails/251120/woolworths-mixed-herbs-dried",
    "name": "Woolworths Mixed Herbs Dried 12g",
    "image_url": "https://cdn1.woolworths.media/content/wowproductimages/large/251120.jpg",
    "source_id": "Woolworths - 251120",
    "barcode": "9300633928377",
    "shop": "Woolworths",
    "weight": "10G",
    "prices": [
      {
        "state": "VIC",
        "price": "275",
        "price_per_unit": "229",
        "price_unit": "G"
      },
      {
        "state": "TAS",
        "price": "275",
        "price_per_unit": "229",
        "price_unit": "G"
      },
      {
        "state": "NT",
        "price": "275",
        "price_per_unit": "229",
        "price_unit": "G"
      }
    ]
  },
  {
    "source_url": "https://www.woolworths.com.au/shop/productdetails/251132/woolworths-parsley-flakes",
    "name": "Woolworths Parsley Flakes 5G",
    "image_url": "https://cdn1.woolworths.media/content/wowproductimages/large/251132.jpg",
    "source_id": "Woolworths - 251132",
    "barcode": "9300633928483",
    "shop": "Woolworths",
    "weight": "10G",
    "prices": [
      {
        "state": "VIC",
        "price": "125",
        "price_per_unit": "250",
        "price_unit": "G"
      },
      {
        "state": "TAS",
        "price": "125",
        "price_per_unit": "250",
        "price_unit": "G"
      },
      {
        "state": "NT",
        "price": "130",
        "price_per_unit": "260",
        "price_unit": "G"
      }
    ]
  },
  {
    "source_url": "https://www.woolworths.com.au/shop/productdetails/251141/woolworths-rosemary-leaves",
    "name": "Woolworths Rosemary Leaves 18g",
    "image_url": "https://cdn1.woolworths.media/content/wowproductimages/large/251141.jpg",
    "source_id": "Woolworths - 251141",
    "barcode": "9300633928582",
    "shop": "Woolworths",
    "weight": "10G",
    "prices": [
      {
        "state": "VIC",
        "price": "190",
        "price_per_unit": "106",
        "price_unit": "G"
      },
      {
        "state": "TAS",
        "price": "190",
        "price_per_unit": "106",
        "price_unit": "G"
      },
      {
        "state": "NT",
        "price": "190",
        "price_per_unit": "106",
        "price_unit": "G"
      }
    ]
  },
  {
    "source_url": "https://www.woolworths.com.au/shop/productdetails/251122/woolworths-seasoning-moroccan",
    "name": "Woolworths Seasoning Moroccan 52g",
    "image_url": "https://cdn1.woolworths.media/content/wowproductimages/large/251122.jpg",
    "source_id": "Woolworths - 251122",
    "barcode": "9300633928391",
    "shop": "Woolworths",
    "weight": "10G",
    "prices": [
      {
        "state": "VIC",
        "price": "310",
        "price_per_unit": "60",
        "price_unit": "G"
      },
      {
        "state": "TAS",
        "price": "310",
        "price_per_unit": "60",
        "price_unit": "G"
      },
      {
        "state": "NT",
        "price": "310",
        "price_per_unit": "60",
        "price_unit": "G"
      }
    ]
  },
  {
    "source_url": "https://www.woolworths.com.au/shop/productdetails/647762/woolworths-steak-spice",
    "name": "Woolworths Steak Spice 60g",
    "image_url": "https://cdn1.woolworths.media/content/wowproductimages/large/647762.jpg",
    "source_id": "Woolworths - 647762",
    "barcode": "9300633687038",
    "shop": "Woolworths",
    "weight": "10G",
    "prices": [
      {
        "state": "VIC",
        "price": "300",
        "price_per_unit": "50",
        "price_unit": "G"
      },
      {
        "state": "TAS",
        "price": "300",
        "price_per_unit": "50",
        "price_unit": "G"
      },
      {
        "state": "NT",
        "price": "300",
        "price_per_unit": "50",
        "price_unit": "G"
      }
    ]
  },
  {
    "source_url": "https://www.woolworths.com.au/shop/productdetails/251222/woolworths-sumac-ground",
    "name": "Woolworths Sumac Ground 40g",
    "image_url": "https://cdn1.woolworths.media/content/wowproductimages/large/251222.jpg",
    "source_id": "Woolworths - 251222",
    "barcode": "9300633928964",
    "shop": "Woolworths",
    "weight": "10G",
    "prices": [
      {
        "state": "VIC",
        "price": "280",
        "price_per_unit": "70",
        "price_unit": "G"
      },
      {
        "state": "TAS",
        "price": "280",
        "price_per_unit": "70",
        "price_unit": "G"
      },
      {
        "state": "NT",
        "price": "280",
        "price_per_unit": "70",
        "price_unit": "G"
      }
    ]
  },
  {
    "source_url": "https://www.woolworths.com.au/shop/productdetails/645899/woolworths-whole-cumin-seeds",
    "name": "Woolworths Whole Cumin Seeds 36g",
    "image_url": "https://cdn1.woolworths.media/content/wowproductimages/large/645899.jpg",
    "source_id": "Woolworths - 645899",
    "barcode": "9300633686994",
    "shop": "Woolworths",
    "weight": "10G",
    "prices": [
      {
        "state": "VIC",
        "price": "290",
        "price_per_unit": "81",
        "price_unit": "G"
      },
      {
        "state": "TAS",
        "price": "290",
        "price_per_unit": "81",
        "price_unit": "G"
      },
      {
        "state": "NT",
        "price": "290",
        "price_per_unit": "81",
        "price_unit": "G"
      }
    ]
  },
  {
    "source_url": "https://www.woolworths.com.au/shop/productdetails/113336/gourmet-organic-allspice",
    "name": "Gourmet Organic Allspice 25g",
    "image_url": "https://cdn1.woolworths.media/content/wowproductimages/large/113336.jpg",
    "source_id": "Woolworths - 113336",
    "barcode": "9332974000153",
    "shop": "Woolworths",
    "weight": "10G",
    "prices": [
      {
        "state": "SA",
        "price": "450",
        "price_per_unit": "180",
        "price_unit": "G"
      },
      {
        "state": "TAS",
        "price": "450",
        "price_per_unit": "180",
        "price_unit": "G"
      },
      {
        "state": "ACT",
        "price": "450",
        "price_per_unit": "180",
        "price_unit": "G"
      }
    ]
  },
  {
    "source_url": "https://www.woolworths.com.au/shop/productdetails/113338/gourmet-organic-bay-leaves",
    "name": "Gourmet Organic Bay Leaves 5g",
    "image_url": "https://cdn1.woolworths.media/content/wowproductimages/large/113338.jpg",
    "source_id": "Woolworths - 113338",
    "barcode": "9332974000016",
    "shop": "Woolworths",
    "weight": "100G",
    "prices": [
      {
        "state": "SA",
        "price": "450",
        "price_per_unit": "9000",
        "price_unit": "G"
      },
      {
        "state": "TAS",
        "price": "450",
        "price_per_unit": "9000",
        "price_unit": "G"
      },
      {
        "state": "ACT",
        "price": "450",
        "price_per_unit": "9000",
        "price_unit": "G"
      }
    ]
  },
  {
    "source_url": "https://www.woolworths.com.au/shop/productdetails/113374/gourmet-organic-black-sesame-seeds",
    "name": "Gourmet Organic Black Sesame Seeds 50g",
    "image_url": "https://cdn1.woolworths.media/content/wowproductimages/large/113374.jpg",
    "source_id": "Woolworths - 113374",
    "barcode": "9332974000214",
    "shop": "Woolworths",
    "weight": "10G",
    "prices": [
      {
        "state": "SA",
        "price": "450",
        "price_per_unit": "90",
        "price_unit": "G"
      },
      {
        "state": "TAS",
        "price": "450",
        "price_per_unit": "90",
        "price_unit": "G"
      },
      {
        "state": "ACT",
        "price": "450",
        "price_per_unit": "90",
        "price_unit": "G"
      }
    ]
  },
  {
    "source_url": "https://www.woolworths.com.au/shop/productdetails/113354/gourmet-organic-brown-mustard-seed",
    "name": "Gourmet Organic Brown Mustard Seed 40g",
    "image_url": "https://cdn1.woolworths.media/content/wowproductimages/large/113354.jpg",
    "source_id": "Woolworths - 113354",
    "barcode": "9332974000801",
    "shop": "Woolworths",
    "weight": "100G",
    "prices": [
      {
        "state": "SA",
        "price": "450",
        "price_per_unit": "1125",
        "price_unit": "G"
      },
      {
        "state": "TAS",
        "price": "450",
        "price_per_unit": "1125",
        "price_unit": "G"
      },
      {
        "state": "ACT",
        "price": "450",
        "price_per_unit": "1125",
        "price_unit": "G"
      }
    ]
  },
  {
    "source_url": "https://www.woolworths.com.au/shop/productdetails/113332/gourmet-organic-cayenne-pepper",
    "name": "Gourmet Organic Cayenne Pepper 30g",
    "image_url": "https://cdn1.woolworths.media/content/wowproductimages/large/113332.jpg",
    "source_id": "Woolworths - 113332",
    "barcode": "9332974000405",
    "shop": "Woolworths",
    "weight": "10G",
    "prices": [
      {
        "state": "SA",
        "price": "450",
        "price_per_unit": "150",
        "price_unit": "G"
      },
      {
        "state": "TAS",
        "price": "450",
        "price_per_unit": "150",
        "price_unit": "G"
      },
      {
        "state": "ACT",
        "price": "450",
        "price_per_unit": "150",
        "price_unit": "G"
      }
    ]
  },
  {
    "source_url": "https://www.woolworths.com.au/shop/productdetails/113313/gourmet-organic-chilli-flakes",
    "name": "Gourmet Organic Chilli Flakes 20g",
    "image_url": "https://cdn1.woolworths.media/content/wowproductimages/large/113313.jpg",
    "source_id": "Woolworths - 113313",
    "barcode": "9332974001082",
    "shop": "Woolworths",
    "weight": "10G",
    "prices": [
      {
        "state": "SA",
        "price": "450",
        "price_per_unit": "225",
        "price_unit": "G"
      },
      {
        "state": "TAS",
        "price": "450",
        "price_per_unit": "225",
        "price_unit": "G"
      },
      {
        "state": "ACT",
        "price": "450",
        "price_per_unit": "225",
        "price_unit": "G"
      }
    ]
  },
  {
    "source_url": "https://www.woolworths.com.au/shop/productdetails/113359/gourmet-organic-chinese-5-spice-powder",
    "name": "Gourmet Organic Chinese 5 Spice Powder 30g",
    "image_url": "https://cdn1.woolworths.media/content/wowproductimages/large/113359.jpg",
    "source_id": "Woolworths - 113359",
    "barcode": "9332974000177",
    "shop": "Woolworths",
    "weight": "10G",
    "prices": [
      {
        "state": "SA",
        "price": "450",
        "price_per_unit": "150",
        "price_unit": "G"
      },
      {
        "state": "TAS",
        "price": "450",
        "price_per_unit": "150",
        "price_unit": "G"
      },
      {
        "state": "ACT",
        "price": "450",
        "price_per_unit": "150",
        "price_unit": "G"
      }
    ]
  },
  {
    "source_url": "https://www.woolworths.com.au/shop/productdetails/368979/gourmet-organic-cinnamon-quills",
    "name": "Gourmet Organic Cinnamon Quills 20g",
    "image_url": "https://cdn1.woolworths.media/content/wowproductimages/large/368979.jpg",
    "source_id": "Woolworths - 368979",
    "barcode": "9332974000290",
    "shop": "Woolworths",
    "weight": "10G",
    "prices": [
      {
        "state": "SA",
        "price": "450",
        "price_per_unit": "225",
        "price_unit": "G"
      },
      {
        "state": "TAS",
        "price": "450",
        "price_per_unit": "225",
        "price_unit": "G"
      },
      {
        "state": "ACT",
        "price": "450",
        "price_per_unit": "225",
        "price_unit": "G"
      }
    ]
  },
  {
    "source_url": "https://www.woolworths.com.au/shop/productdetails/113356/gourmet-organic-curry-leaves",
    "name": "Gourmet Organic Curry Leaves 5g",
    "image_url": "https://cdn1.woolworths.media/content/wowproductimages/large/113356.jpg",
    "source_id": "Woolworths - 113356",
    "barcode": "9332974000146",
    "shop": "Woolworths",
    "weight": "10G",
    "prices": [
      {
        "state": "SA",
        "price": "450",
        "price_per_unit": "900",
        "price_unit": "G"
      },
      {
        "state": "TAS",
        "price": "450",
        "price_per_unit": "900",
        "price_unit": "G"
      },
      {
        "state": "ACT",
        "price": "450",
        "price_per_unit": "900",
        "price_unit": "G"
      }
    ]
  },
  {
    "source_url": "https://www.woolworths.com.au/shop/productdetails/113321/gourmet-organic-fennel-seed",
    "name": "Gourmet Organic Fennel Seed 30g",
    "image_url": "https://cdn1.woolworths.media/content/wowproductimages/large/113321.jpg",
    "source_id": "Woolworths - 113321",
    "barcode": "9332974000054",
    "shop": "Woolworths",
    "weight": "10G",
    "prices": [
      {
        "state": "SA",
        "price": "450",
        "price_per_unit": "150",
        "price_unit": "G"
      },
      {
        "state": "TAS",
        "price": "450",
        "price_per_unit": "150",
        "price_unit": "G"
      },
      {
        "state": "ACT",
        "price": "450",
        "price_per_unit": "150",
        "price_unit": "G"
      }
    ]
  },
  {
    "source_url": "https://www.woolworths.com.au/shop/productdetails/113341/gourmet-organic-garam-masala",
    "name": "Gourmet Organic Garam Masala 30g",
    "image_url": "https://cdn1.woolworths.media/content/wowproductimages/large/113341.jpg",
    "source_id": "Woolworths - 113341",
    "barcode": "9332974000863",
    "shop": "Woolworths",
    "weight": "10G",
    "prices": [
      {
        "state": "SA",
        "price": "450",
        "price_per_unit": "150",
        "price_unit": "G"
      },
      {
        "state": "TAS",
        "price": "450",
        "price_per_unit": "150",
        "price_unit": "G"
      },
      {
        "state": "ACT",
        "price": "450",
        "price_per_unit": "150",
        "price_unit": "G"
      }
    ]
  },
  {
    "source_url": "https://www.woolworths.com.au/shop/productdetails/113318/gourmet-organic-garlic-granules",
    "name": "Gourmet Organic Garlic Granules 40g",
    "image_url": "https://cdn1.woolworths.media/content/wowproductimages/large/113318.jpg",
    "source_id": "Woolworths - 113318",
    "barcode": "9332974001006",
    "shop": "Woolworths",
    "weight": "10G",
    "prices": [
      {
        "state": "SA",
        "price": "450",
        "price_per_unit": "113",
        "price_unit": "G"
      },
      {
        "state": "TAS",
        "price": "450",
        "price_per_unit": "113",
        "price_unit": "G"
      },
      {
        "state": "ACT",
        "price": "450",
        "price_per_unit": "113",
        "price_unit": "G"
      }
    ]
  },
  {
    "source_url": "https://www.woolworths.com.au/shop/productdetails/113319/gourmet-organic-ginger",
    "name": "Gourmet Organic Ginger 30g",
    "image_url": "https://cdn1.woolworths.media/content/wowproductimages/large/113319.jpg",
    "source_id": "Woolworths - 113319",
    "barcode": "9332974000061",
    "shop": "Woolworths",
    "weight": "10G",
    "prices": [
      {
        "state": "SA",
        "price": "450",
        "price_per_unit": "150",
        "price_unit": "G"
      },
      {
        "state": "TAS",
        "price": "450",
        "price_per_unit": "150",
        "price_unit": "G"
      },
      {
        "state": "ACT",
        "price": "450",
        "price_per_unit": "150",
        "price_unit": "G"
      }
    ]
  },
  {
    "source_url": "https://www.woolworths.com.au/shop/productdetails/368978/gourmet-organic-ground-cinnamon",
    "name": "Gourmet Organic Ground Cinnamon 30g",
    "image_url": "https://cdn1.woolworths.media/content/wowproductimages/large/368978.jpg",
    "source_id": "Woolworths - 368978",
    "barcode": "9332974000283",
    "shop": "Woolworths",
    "weight": "10G",
    "prices": [
      {
        "state": "SA",
        "price": "450",
        "price_per_unit": "150",
        "price_unit": "G"
      },
      {
        "state": "TAS",
        "price": "450",
        "price_per_unit": "150",
        "price_unit": "G"
      },
      {
        "state": "ACT",
        "price": "450",
        "price_per_unit": "150",
        "price_unit": "G"
      }
    ]
  },
  {
    "source_url": "https://www.woolworths.com.au/shop/productdetails/113315/gourmet-organic-ground-coriander",
    "name": "Gourmet Organic Ground Coriander 30g",
    "image_url": "https://cdn1.woolworths.media/content/wowproductimages/large/113315.jpg",
    "source_id": "Woolworths - 113315",
    "barcode": "9332974000436",
    "shop": "Woolworths",
    "weight": "10G",
    "prices": [
      {
        "state": "SA",
        "price": "450",
        "price_per_unit": "150",
        "price_unit": "G"
      },
      {
        "state": "TAS",
        "price": "450",
        "price_per_unit": "150",
        "price_unit": "G"
      },
      {
        "state": "ACT",
        "price": "450",
        "price_per_unit": "150",
        "price_unit": "G"
      }
    ]
  },
  {
    "source_url": "https://www.woolworths.com.au/shop/productdetails/368983/gourmet-organic-ground-cumin",
    "name": "Gourmet Organic Ground Cumin 30g",
    "image_url": "https://cdn1.woolworths.media/content/wowproductimages/large/368983.jpg",
    "source_id": "Woolworths - 368983",
    "barcode": "9332974000429",
    "shop": "Woolworths",
    "weight": "10G",
    "prices": [
      {
        "state": "SA",
        "price": "450",
        "price_per_unit": "150",
        "price_unit": "G"
      },
      {
        "state": "TAS",
        "price": "450",
        "price_per_unit": "150",
        "price_unit": "G"
      },
      {
        "state": "ACT",
        "price": "450",
        "price_per_unit": "150",
        "price_unit": "G"
      }
    ]
  },
  {
    "source_url": "https://www.woolworths.com.au/shop/productdetails/113378/gourmet-organic-ground-fennel-seed",
    "name": "Gourmet Organic Ground Fennel Seed 20g",
    "image_url": "https://cdn1.woolworths.media/content/wowproductimages/large/113378.jpg",
    "source_id": "Woolworths - 113378",
    "barcode": "9332974000795",
    "shop": "Woolworths",
    "weight": "10G",
    "prices": [
      {
        "state": "SA",
        "price": "450",
        "price_per_unit": "225",
        "price_unit": "G"
      },
      {
        "state": "TAS",
        "price": "450",
        "price_per_unit": "225",
        "price_unit": "G"
      },
      {
        "state": "ACT",
        "price": "450",
        "price_per_unit": "225",
        "price_unit": "G"
      }
    ]
  },
  {
    "source_url": "https://www.woolworths.com.au/shop/productdetails/113357/gourmet-organic-herbs-de-provence",
    "name": "Gourmet Organic Herbs De Provence 15g",
    "image_url": "https://cdn1.woolworths.media/content/wowproductimages/large/113357.jpg",
    "source_id": "Woolworths - 113357",
    "barcode": "9332974001051",
    "shop": "Woolworths",
    "weight": "100G",
    "prices": [
      {
        "state": "SA",
        "price": "450",
        "price_per_unit": "3000",
        "price_unit": "G"
      },
      {
        "state": "TAS",
        "price": "450",
        "price_per_unit": "3000",
        "price_unit": "G"
      },
      {
        "state": "ACT",
        "price": "450",
        "price_per_unit": "3000",
        "price_unit": "G"
      }
    ]
  },
  {
    "source_url": "https://www.woolworths.com.au/shop/productdetails/113337/gourmet-organic-indian-curry-powder",
    "name": "Gourmet Organic Indian Curry Powder 30g",
    "image_url": "https://cdn1.woolworths.media/content/wowproductimages/large/113337.jpg",
    "source_id": "Woolworths - 113337",
    "barcode": "9332974001037",
    "shop": "Woolworths",
    "weight": "100G",
    "prices": [
      {
        "state": "SA",
        "price": "450",
        "price_per_unit": "1500",
        "price_unit": "G"
      },
      {
        "state": "TAS",
        "price": "450",
        "price_per_unit": "1500",
        "price_unit": "G"
      },
      {
        "state": "ACT",
        "price": "450",
        "price_per_unit": "1500",
        "price_unit": "G"
      }
    ]
  },
  {
    "source_url": "https://www.woolworths.com.au/shop/productdetails/113333/gourmet-organic-italian-herb-mix",
    "name": "Gourmet Organic Italian Herb Mix 15g",
    "image_url": "https://cdn1.woolworths.media/content/wowproductimages/large/113333.jpg",
    "source_id": "Woolworths - 113333",
    "barcode": "9332974001044",
    "shop": "Woolworths",
    "weight": "100G",
    "prices": [
      {
        "state": "SA",
        "price": "450",
        "price_per_unit": "3000",
        "price_unit": "G"
      },
      {
        "state": "TAS",
        "price": "450",
        "price_per_unit": "3000",
        "price_unit": "G"
      },
      {
        "state": "ACT",
        "price": "450",
        "price_per_unit": "3000",
        "price_unit": "G"
      }
    ]
  },
  {
    "source_url": "https://www.woolworths.com.au/shop/productdetails/113352/gourmet-organic-juniper-berry",
    "name": "Gourmet Organic Juniper Berry 25g",
    "image_url": "https://cdn1.woolworths.media/content/wowproductimages/large/113352.jpg",
    "source_id": "Woolworths - 113352",
    "barcode": "9332974001068",
    "shop": "Woolworths",
    "weight": "10G",
    "prices": [
      {
        "state": "SA",
        "price": "450",
        "price_per_unit": "180",
        "price_unit": "G"
      },
      {
        "state": "TAS",
        "price": "450",
        "price_per_unit": "180",
        "price_unit": "G"
      },
      {
        "state": "ACT",
        "price": "450",
        "price_per_unit": "180",
        "price_unit": "G"
      }
    ]
  },
  {
    "source_url": "https://www.woolworths.com.au/shop/productdetails/113398/gourmet-organic-marjoram",
    "name": "Gourmet Organic Marjoram 10g",
    "image_url": "https://cdn1.woolworths.media/content/wowproductimages/large/113398.jpg",
    "source_id": "Woolworths - 113398",
    "barcode": "9332974000139",
    "shop": "Woolworths",
    "weight": "10G",
    "prices": [
      {
        "state": "SA",
        "price": "450",
        "price_per_unit": "450",
        "price_unit": "G"
      },
      {
        "state": "TAS",
        "price": "450",
        "price_per_unit": "450",
        "price_unit": "G"
      },
      {
        "state": "ACT",
        "price": "450",
        "price_per_unit": "450",
        "price_unit": "G"
      }
    ]
  },
  {
    "source_url": "https://www.woolworths.com.au/shop/productdetails/113409/gourmet-organic-mexican-seasoning",
    "name": "Gourmet Organic Mexican Seasoning 25g",
    "image_url": "https://cdn1.woolworths.media/content/wowproductimages/large/113409.jpg",
    "source_id": "Woolworths - 113409",
    "barcode": "9332974000740",
    "shop": "Woolworths",
    "weight": "10G",
    "prices": [
      {
        "state": "SA",
        "price": "450",
        "price_per_unit": "180",
        "price_unit": "G"
      },
      {
        "state": "TAS",
        "price": "450",
        "price_per_unit": "180",
        "price_unit": "G"
      },
      {
        "state": "ACT",
        "price": "450",
        "price_per_unit": "180",
        "price_unit": "G"
      }
    ]
  },
  {
    "source_url": "https://www.woolworths.com.au/shop/productdetails/113410/gourmet-organic-oregano",
    "name": "Gourmet Organic Oregano 10g",
    "image_url": "https://cdn1.woolworths.media/content/wowproductimages/large/113410.jpg",
    "source_id": "Woolworths - 113410",
    "barcode": "9332974000078",
    "shop": "Woolworths",
    "weight": "10G",
    "prices": [
      {
        "state": "SA",
        "price": "450",
        "price_per_unit": "450",
        "price_unit": "G"
      },
      {
        "state": "TAS",
        "price": "450",
        "price_per_unit": "450",
        "price_unit": "G"
      },
      {
        "state": "ACT",
        "price": "450",
        "price_per_unit": "450",
        "price_unit": "G"
      }
    ]
  },
  {
    "source_url": "https://www.woolworths.com.au/shop/productdetails/113411/gourmet-organic-smoked-paprika",
    "name": "Gourmet Organic Smoked Paprika 30g",
    "image_url": "https://cdn1.woolworths.media/content/wowproductimages/large/113411.jpg",
    "source_id": "Woolworths - 113411",
    "barcode": "9332974000252",
    "shop": "Woolworths",
    "weight": "10G",
    "prices": [
      {
        "state": "SA",
        "price": "450",
        "price_per_unit": "150",
        "price_unit": "G"
      },
      {
        "state": "TAS",
        "price": "450",
        "price_per_unit": "150",
        "price_unit": "G"
      },
      {
        "state": "ACT",
        "price": "450",
        "price_per_unit": "150",
        "price_unit": "G"
      }
    ]
  },
  {
    "source_url": "https://www.woolworths.com.au/shop/productdetails/113414/gourmet-organic-star-anise",
    "name": "Gourmet Organic Star Anise 10g",
    "image_url": "https://cdn1.woolworths.media/content/wowproductimages/large/113414.jpg",
    "source_id": "Woolworths - 113414",
    "barcode": "9332974001020",
    "shop": "Woolworths",
    "weight": "10G",
    "prices": [
      {
        "state": "SA",
        "price": "450",
        "price_per_unit": "450",
        "price_unit": "G"
      },
      {
        "state": "TAS",
        "price": "450",
        "price_per_unit": "450",
        "price_unit": "G"
      },
      {
        "state": "ACT",
        "price": "450",
        "price_per_unit": "450",
        "price_unit": "G"
      }
    ]
  },
  {
    "source_url": "https://www.woolworths.com.au/shop/productdetails/113301/gourmet-organic-sweet-paprika",
    "name": "Gourmet Organic Sweet Paprika 30g",
    "image_url": "https://cdn1.woolworths.media/content/wowproductimages/large/113301.jpg",
    "source_id": "Woolworths - 113301",
    "barcode": "9332974001013",
    "shop": "Woolworths",
    "weight": "10G",
    "prices": [
      {
        "state": "SA",
        "price": "450",
        "price_per_unit": "150",
        "price_unit": "G"
      },
      {
        "state": "TAS",
        "price": "450",
        "price_per_unit": "150",
        "price_unit": "G"
      },
      {
        "state": "ACT",
        "price": "450",
        "price_per_unit": "150",
        "price_unit": "G"
      }
    ]
  },
  {
    "source_url": "https://www.woolworths.com.au/shop/productdetails/113317/gourmet-organic-thyme",
    "name": "Gourmet Organic Thyme 10g",
    "image_url": "https://cdn1.woolworths.media/content/wowproductimages/large/113317.jpg",
    "source_id": "Woolworths - 113317",
    "barcode": "9332974000115",
    "shop": "Woolworths",
    "weight": "10G",
    "prices": [
      {
        "state": "SA",
        "price": "450",
        "price_per_unit": "450",
        "price_unit": "G"
      },
      {
        "state": "TAS",
        "price": "450",
        "price_per_unit": "450",
        "price_unit": "G"
      },
      {
        "state": "ACT",
        "price": "450",
        "price_per_unit": "450",
        "price_unit": "G"
      }
    ]
  },
  {
    "source_url": "https://www.woolworths.com.au/shop/productdetails/368981/gourmet-organic-turmeric",
    "name": "Gourmet Organic Turmeric 40g",
    "image_url": "https://cdn1.woolworths.media/content/wowproductimages/large/368981.jpg",
    "source_id": "Woolworths - 368981",
    "barcode": "9332974000375",
    "shop": "Woolworths",
    "weight": "10G",
    "prices": [
      {
        "state": "SA",
        "price": "450",
        "price_per_unit": "113",
        "price_unit": "G"
      },
      {
        "state": "TAS",
        "price": "450",
        "price_per_unit": "113",
        "price_unit": "G"
      },
      {
        "state": "ACT",
        "price": "450",
        "price_per_unit": "113",
        "price_unit": "G"
      }
    ]
  },
  {
    "source_url": "https://www.woolworths.com.au/shop/productdetails/113335/gourmet-organic-whole-cloves",
    "name": "Gourmet Organic Whole Cloves 30g",
    "image_url": "https://cdn1.woolworths.media/content/wowproductimages/large/113335.jpg",
    "source_id": "Woolworths - 113335",
    "barcode": "9332974000313",
    "shop": "Woolworths",
    "weight": "10G",
    "prices": [
      {
        "state": "SA",
        "price": "450",
        "price_per_unit": "150",
        "price_unit": "G"
      },
      {
        "state": "TAS",
        "price": "450",
        "price_per_unit": "150",
        "price_unit": "G"
      },
      {
        "state": "ACT",
        "price": "450",
        "price_per_unit": "150",
        "price_unit": "G"
      }
    ]
  },
  {
    "source_url": "https://www.woolworths.com.au/shop/productdetails/700580/mccormick-organic-cumin-ground",
    "name": "McCormick Organic Cumin Ground 14g",
    "image_url": "https://cdn1.woolworths.media/content/wowproductimages/large/700580.jpg",
    "source_id": "Woolworths - 700580",
    "barcode": "9300683505245",
    "shop": "Woolworths",
    "weight": "10G",
    "prices": [
      {
        "state": "SA",
        "price": "275",
        "price_per_unit": "196",
        "price_unit": "G"
      },
      {
        "state": "TAS",
        "price": "225",
        "price_per_unit": "161",
        "price_unit": "G"
      },
      {
        "state": "ACT",
        "price": "225",
        "price_per_unit": "161",
        "price_unit": "G"
      }
    ]
  },
  {
    "source_url": "https://www.woolworths.com.au/shop/productdetails/700456/mccormick-organic-paprika-ground",
    "name": "McCormick Organic Paprika Ground 16g",
    "image_url": "https://cdn1.woolworths.media/content/wowproductimages/large/700456.jpg",
    "source_id": "Woolworths - 700456",
    "barcode": "9300683505191",
    "shop": "Woolworths",
    "weight": "10G",
    "prices": [
      {
        "state": "SA",
        "price": "275",
        "price_per_unit": "172",
        "price_unit": "G"
      },
      {
        "state": "TAS",
        "price": "225",
        "price_per_unit": "141",
        "price_unit": "G"
      },
      {
        "state": "ACT",
        "price": "225",
        "price_per_unit": "141",
        "price_unit": "G"
      }
    ]
  },
  {
    "source_url": "https://www.woolworths.com.au/shop/productdetails/171175/sandhurst-dried-porcini-mushrooms",
    "name": "Sandhurst Dried Porcini Mushrooms 50g",
    "image_url": "https://cdn1.woolworths.media/content/wowproductimages/large/171175.jpg",
    "source_id": "Woolworths - 171175",
    "barcode": "9313839003786",
    "shop": "Woolworths",
    "weight": "10G",
    "prices": [
      {
        "state": "SA",
        "price": "1100",
        "price_per_unit": "220",
        "price_unit": "G"
      },
      {
        "state": "ACT",
        "price": "1100",
        "price_per_unit": "220",
        "price_unit": "G"
      }
    ]
  },
  {
    "source_url": "https://www.woolworths.com.au/shop/productdetails/167292/table-of-plenty-classic-dukkah-with-almond-cashew",
    "name": "Table Of Plenty Classic Dukkah With Almond & Cashew 45g",
    "image_url": "https://cdn1.woolworths.media/content/wowproductimages/large/167292.jpg",
    "source_id": "Woolworths - 167292",
    "barcode": "9335777003994",
    "shop": "Woolworths",
    "weight": "10G",
    "prices": [
      {
        "state": "SA",
        "price": "450",
        "price_per_unit": "100",
        "price_unit": "G"
      },
      {
        "state": "TAS",
        "price": "450",
        "price_per_unit": "100",
        "price_unit": "G"
      }
    ]
  }
]