[
  {
    "source_url": "https://www.woolworths.com.au/shop/productdetails/289717/lucky-flaked-almonds",
    "name": "Lucky Flaked Almonds 110g",
    "image_url": "https://cdn1.woolworths.media/content/wowproductimages/large/289717.jpg",
    "source_id": "Woolworths - 289717",
    "barcode": "9310064100075",
    "shop": "Woolworths",
    "weight": "1KG",
    "prices": [
      {
        "state": "NSW",
        "price": "350",
        "price_per_unit": "3182",
        "price_unit": "KG"
      },
      {
        "state": "VIC",
        "price": "350",
        "price_per_unit": "3182",
        "price_unit": "KG"
      },
      {
        "state": "QLD",
        "price": "350",
        "price_per_unit": "3182",
        "price_unit": "KG"
      },
      {
        "state": "WA",
        "price": "350",
        "price_per_unit": "3182",
        "price_unit": "KG"
      },
      {
        "state": "SA",
        "price": "350",
        "price_per_unit": "3182",
        "price_unit": "KG"
      },
      {
        "state": "TAS",
        "price": "350",
        "price_per_unit": "3182",
        "price_unit": "KG"
      },
      {
        "state": "ACT",
        "price": "350",
        "price_per_unit": "3182",
        "price_unit": "KG"
      },
      {
        "state": "NT",
        "price": "350",
        "price_per_unit": "3182",
        "price_unit": "KG"
      }
    ]
  },
  {
    "source_url": "https://www.woolworths.com.au/shop/productdetails/246952/lucky-hazelnut-meal",
    "name": "Lucky Hazelnut Meal 300g",
    "image_url": "https://cdn1.woolworths.media/content/wowproductimages/large/246952.jpg",
    "source_id": "Woolworths - 246952",
    "barcode": "9310064100167",
    "shop": "Woolworths",
    "weight": "1KG",
    "prices": [
      {
        "state": "NSW",
        "price": "900",
        "price_per_unit": "3000",
        "price_unit": "KG"
      },
      {
        "state": "VIC",
        "price": "900",
        "price_per_unit": "3000",
        "price_unit": "KG"
      },
      {
        "state": "QLD",
        "price": "900",
        "price_per_unit": "3000",
        "price_unit": "KG"
      },
      {
        "state": "WA",
        "price": "900",
        "price_per_unit": "3000",
        "price_unit": "KG"
      },
      {
        "state": "SA",
        "price": "900",
        "price_per_unit": "3000",
        "price_unit": "KG"
      },
      {
        "state": "TAS",
        "price": "900",
        "price_per_unit": "3000",
        "price_unit": "KG"
      },
      {
        "state": "ACT",
        "price": "1000",
        "price_per_unit": "3333",
        "price_unit": "KG"
      },
      {
        "state": "NT",
        "price": "1000",
        "price_per_unit": "3333",
        "price_unit": "KG"
      }
    ]
  },
  {
    "source_url": "https://www.woolworths.com.au/shop/productdetails/289612/lucky-slivered-almonds",
    "name": "Lucky Slivered Almonds 110g",
    "image_url": "https://cdn1.woolworths.media/content/wowproductimages/large/289612.jpg",
    "source_id": "Woolworths - 289612",
    "barcode": "9310064001792",
    "shop": "Woolworths",
    "weight": "1KG",
    "prices": [
      {
        "state": "NSW",
        "price": "350",
        "price_per_unit": "3182",
        "price_unit": "KG"
      },
      {
        "state": "SA",
        "price": "350",
        "price_per_unit": "3182",
        "price_unit": "KG"
      },
      {
        "state": "TAS",
        "price": "350",
        "price_per_unit": "3182",
        "price_unit": "KG"
      },
      {
        "state": "ACT",
        "price": "350",
        "price_per_unit": "3182",
        "price_unit": "KG"
      },
      null
    ]
  },
  {
    "source_url": "https://www.woolworths.com.au/shop/productdetails/355118/macro-almond-kernels",
    "name": "Macro Almond Kernels 500g",
    "image_url": "https://cdn1.woolworths.media/content/wowproductimages/large/355118.jpg",
    "source_id": "Woolworths - 355118",
    "barcode": "9300633209230",
    "shop": "Woolworths",
    "weight": "1KG",
    "prices": [
      {
        "state": "NSW",
        "price": "1300",
        "price_per_unit": "2600",
        "price_unit": "KG"
      },
      {
        "state": "VIC",
        "price": "1300",
        "price_per_unit": "2600",
        "price_unit": "KG"
      },
      {
        "state": "QLD",
        "price": "1300",
        "price_per_unit": "2600",
        "price_unit": "KG"
      },
      {
        "state": "WA",
        "price": "1300",
        "price_per_unit": "2600",
        "price_unit": "KG"
      },
      {
        "state": "SA",
        "price": "1300",
        "price_per_unit": "2600",
        "price_unit": "KG"
      },
      {
        "state": "TAS",
        "price": "1300",
        "price_per_unit": "2600",
        "price_unit": "KG"
      },
      {
        "state": "ACT",
        "price": "1300",
        "price_per_unit": "2600",
        "price_unit": "KG"
      },
      {
        "state": "NT",
        "price": "1300",
        "price_per_unit": "2600",
        "price_unit": "KG"
      },
      {
        "state": "TAS",
        "price": "1300",
        "price_per_unit": "2600",
        "price_unit": "KG"
      },
      {
        "state": "ACT",
        "price": "1300",
        "price_per_unit": "2600",
        "price_unit": "KG"
      },
      {
        "state": "NT",
        "price": "1300",
        "price_per_unit": "2600",
        "price_unit": "KG"
      }
    ]
  },
  {
    "source_url": "https://www.woolworths.com.au/shop/productdetails/266069/macro-dry-roasted-almonds",
    "name": "Macro Dry Roasted Almonds 250g",
    "image_url": "https://cdn1.woolworths.media/content/wowproductimages/large/266069.jpg",
    "source_id": "Woolworths - 266069",
    "barcode": "9300633974114",
    "shop": "Woolworths",
    "weight": "1KG",
    "prices": [
      {
        "state": "NSW",
        "price": "750",
        "price_per_unit": "3000",
        "price_unit": "KG"
      },
      {
        "state": "VIC",
        "price": "750",
        "price_per_unit": "3000",
        "price_unit": "KG"
      },
      {
        "state": "QLD",
        "price": "750",
        "price_per_unit": "3000",
        "price_unit": "KG"
      },
      {
        "state": "WA",
        "price": "750",
        "price_per_unit": "3000",
        "price_unit": "KG"
      },
      {
        "state": "SA",
        "price": "750",
        "price_per_unit": "3000",
        "price_unit": "KG"
      },
      {
        "state": "TAS",
        "price": "750",
        "price_per_unit": "3000",
        "price_unit": "KG"
      },
      {
        "state": "ACT",
        "price": "750",
        "price_per_unit": "3000",
        "price_unit": "KG"
      },
      {
        "state": "NT",
        "price": "750",
        "price_per_unit": "3000",
        "price_unit": "KG"
      }
    ]
  },
  {
    "source_url": "https://www.woolworths.com.au/shop/productdetails/355126/macro-natural-cashew-kernels",
    "name": "Macro Natural Cashew Kernels 500g",
    "image_url": "https://cdn1.woolworths.media/content/wowproductimages/large/355126.jpg",
    "source_id": "Woolworths - 355126",
    "barcode": "9300633209247",
    "shop": "Woolworths",
    "weight": "1KG",
    "prices": [
      {
        "state": "NSW",
        "price": "1200",
        "price_per_unit": "2400",
        "price_unit": "KG"
      },
      {
        "state": "VIC",
        "price": "1200",
        "price_per_unit": "2400",
        "price_unit": "KG"
      },
      {
        "state": "QLD",
        "price": "1200",
        "price_per_unit": "2400",
        "price_unit": "KG"
      },
      {
        "state": "WA",
        "price": "1200",
        "price_per_unit": "2400",
        "price_unit": "KG"
      },
      {
        "state": "SA",
        "price": "1200",
        "price_per_unit": "2400",
        "price_unit": "KG"
      },
      {
        "state": "TAS",
        "price": "1200",
        "price_per_unit": "2400",
        "price_unit": "KG"
      },
      {
        "state": "ACT",
        "price": "1200",
        "price_per_unit": "2400",
        "price_unit": "KG"
      },
      {
        "state": "NT",
        "price": "1200",
        "price_per_unit": "2400",
        "price_unit": "KG"
      },
      {
        "state": "TAS",
        "price": "1200",
        "price_per_unit": "2400",
        "price_unit": "KG"
      },
      {
        "state": "ACT",
        "price": "1200",
        "price_per_unit": "2400",
        "price_unit": "KG"
      },
      {
        "state": "NT",
        "price": "1200",
        "price_per_unit": "2400",
        "price_unit": "KG"
      }
    ]
  },
  {
    "source_url": "https://www.woolworths.com.au/shop/productdetails/231811/macro-natural-pumpkin-kernels",
    "name": "Macro Natural Pumpkin Kernels 250g",
    "image_url": "https://cdn1.woolworths.media/content/wowproductimages/large/231811.jpg",
    "source_id": "Woolworths - 231811",
    "barcode": "9300633914127",
    "shop": "Woolworths",
    "weight": "1KG",
    "prices": [
      {
        "state": "NSW",
        "price": "450",
        "price_per_unit": "1800",
        "price_unit": "KG"
      },
      {
        "state": "VIC",
        "price": "450",
        "price_per_unit": "1800",
        "price_unit": "KG"
      },
      {
        "state": "QLD",
        "price": "450",
        "price_per_unit": "1800",
        "price_unit": "KG"
      },
      {
        "state": "WA",
        "price": "450",
        "price_per_unit": "1800",
        "price_unit": "KG"
      },
      {
        "state": "SA",
        "price": "450",
        "price_per_unit": "1800",
        "price_unit": "KG"
      },
      {
        "state": "TAS",
        "price": "450",
        "price_per_unit": "1800",
        "price_unit": "KG"
      },
      {
        "state": "ACT",
        "price": "450",
        "price_per_unit": "1800",
        "price_unit": "KG"
      },
      {
        "state": "NT",
        "price": "450",
        "price_per_unit": "1800",
        "price_unit": "KG"
      },
      {
        "state": "TAS",
        "price": "450",
        "price_per_unit": "1800",
        "price_unit": "KG"
      },
      {
        "state": "ACT",
        "price": "450",
        "price_per_unit": "1800",
        "price_unit": "KG"
      },
      {
        "state": "NT",
        "price": "450",
        "price_per_unit": "1800",
        "price_unit": "KG"
      }
    ]
  },
  {
    "source_url": "https://www.woolworths.com.au/shop/productdetails/334861/macro-organic-almonds",
    "name": "Macro Organic Almonds 500g",
    "image_url": "https://cdn1.woolworths.media/content/wowproductimages/large/334861.jpg",
    "source_id": "Woolworths - 334861",
    "barcode": "9300633202729",
    "shop": "Woolworths",
    "weight": "1KG",
    "prices": [
      {
        "state": "NSW",
        "price": "1750",
        "price_per_unit": "3500",
        "price_unit": "KG"
      },
      {
        "state": "VIC",
        "price": "1750",
        "price_per_unit": "3500",
        "price_unit": "KG"
      },
      {
        "state": "QLD",
        "price": "1750",
        "price_per_unit": "3500",
        "price_unit": "KG"
      },
      {
        "state": "WA",
        "price": "1750",
        "price_per_unit": "3500",
        "price_unit": "KG"
      },
      {
        "state": "SA",
        "price": "1750",
        "price_per_unit": "3500",
        "price_unit": "KG"
      },
      {
        "state": "TAS",
        "price": "1750",
        "price_per_unit": "3500",
        "price_unit": "KG"
      },
      {
        "state": "ACT",
        "price": "1750",
        "price_per_unit": "3500",
        "price_unit": "KG"
      },
      {
        "state": "NT",
        "price": "1750",
        "price_per_unit": "3500",
        "price_unit": "KG"
      },
      {
        "state": "TAS",
        "price": "1750",
        "price_per_unit": "3500",
        "price_unit": "KG"
      },
      {
        "state": "ACT",
        "price": "1750",
        "price_per_unit": "3500",
        "price_unit": "KG"
      },
      {
        "state": "NT",
        "price": "1750",
        "price_per_unit": "3500",
        "price_unit": "KG"
      }
    ]
  },
  {
    "source_url": "https://www.woolworths.com.au/shop/productdetails/161519/macro-organic-australian-almond-meal",
    "name": "Macro Organic Australian Almond Meal 200g",
    "image_url": "https://cdn1.woolworths.media/content/wowproductimages/large/161519.jpg",
    "source_id": "Woolworths - 161519",
    "barcode": "9339687263684",
    "shop": "Woolworths",
    "weight": "100G",
    "prices": [
      {
        "state": "NSW",
        "price": "1200",
        "price_per_unit": "600",
        "price_unit": "G"
      },
      {
        "state": "VIC",
        "price": "1200",
        "price_per_unit": "600",
        "price_unit": "G"
      },
      {
        "state": "QLD",
        "price": "1200",
        "price_per_unit": "600",
        "price_unit": "G"
      },
      {
        "state": "WA",
        "price": "1200",
        "price_per_unit": "600",
        "price_unit": "G"
      },
      {
        "state": "SA",
        "price": "1200",
        "price_per_unit": "600",
        "price_unit": "G"
      },
      {
        "state": "TAS",
        "price": "1200",
        "price_per_unit": "600",
        "price_unit": "G"
      },
      {
        "state": "ACT",
        "price": "1200",
        "price_per_unit": "600",
        "price_unit": "G"
      },
      {
        "state": "NT",
        "price": "1200",
        "price_per_unit": "600",
        "price_unit": "G"
      },
      {
        "state": "TAS",
        "price": "1200",
        "price_per_unit": "600",
        "price_unit": "G"
      },
      {
        "state": "ACT",
        "price": "1200",
        "price_per_unit": "600",
        "price_unit": "G"
      },
      {
        "state": "NT",
        "price": "1200",
        "price_per_unit": "600",
        "price_unit": "G"
      }
    ]
  },
  {
    "source_url": "https://www.woolworths.com.au/shop/productdetails/334871/macro-organic-brazil-nuts",
    "name": "Macro Organic Brazil Nuts 250g",
    "image_url": "https://cdn1.woolworths.media/content/wowproductimages/large/334871.jpg",
    "source_id": "Woolworths - 334871",
    "barcode": "9337803003183",
    "shop": "Woolworths",
    "weight": "1KG",
    "prices": [
      {
        "state": "NSW",
        "price": "1100",
        "price_per_unit": "4400",
        "price_unit": "KG"
      },
      {
        "state": "VIC",
        "price": "1100",
        "price_per_unit": "4400",
        "price_unit": "KG"
      },
      {
        "state": "QLD",
        "price": "1100",
        "price_per_unit": "4400",
        "price_unit": "KG"
      },
      {
        "state": "WA",
        "price": "1100",
        "price_per_unit": "4400",
        "price_unit": "KG"
      },
      {
        "state": "SA",
        "price": "1100",
        "price_per_unit": "4400",
        "price_unit": "KG"
      },
      {
        "state": "TAS",
        "price": "1100",
        "price_per_unit": "4400",
        "price_unit": "KG"
      },
      {
        "state": "ACT",
        "price": "1100",
        "price_per_unit": "4400",
        "price_unit": "KG"
      },
      {
        "state": "NT",
        "price": "1100",
        "price_per_unit": "4400",
        "price_unit": "KG"
      },
      {
        "state": "TAS",
        "price": "1100",
        "price_per_unit": "4400",
        "price_unit": "KG"
      },
      {
        "state": "ACT",
        "price": "1100",
        "price_per_unit": "4400",
        "price_unit": "KG"
      },
      {
        "state": "NT",
        "price": "1100",
        "price_per_unit": "4400",
        "price_unit": "KG"
      }
    ]
  },
  {
    "source_url": "https://www.woolworths.com.au/shop/productdetails/334864/macro-organic-cashews-nuts",
    "name": "Macro Organic Cashews Nuts 500g",
    "image_url": "https://cdn1.woolworths.media/content/wowproductimages/large/334864.jpg",
    "source_id": "Woolworths - 334864",
    "barcode": "9300633202743",
    "shop": "Woolworths",
    "weight": "1KG",
    "prices": [
      {
        "state": "NSW",
        "price": "1500",
        "price_per_unit": "3000",
        "price_unit": "KG"
      },
      {
        "state": "VIC",
        "price": "1500",
        "price_per_unit": "3000",
        "price_unit": "KG"
      },
      {
        "state": "QLD",
        "price": "1500",
        "price_per_unit": "3000",
        "price_unit": "KG"
      },
      {
        "state": "WA",
        "price": "1500",
        "price_per_unit": "3000",
        "price_unit": "KG"
      },
      {
        "state": "SA",
        "price": "1500",
        "price_per_unit": "3000",
        "price_unit": "KG"
      },
      {
        "state": "TAS",
        "price": "1500",
        "price_per_unit": "3000",
        "price_unit": "KG"
      },
      {
        "state": "ACT",
        "price": "1400",
        "price_per_unit": "2800",
        "price_unit": "KG"
      },
      {
        "state": "NT",
        "price": "1500",
        "price_per_unit": "3000",
        "price_unit": "KG"
      }
    ]
  },
  {
    "source_url": "https://www.woolworths.com.au/shop/productdetails/188997/macro-organic-desiccated-coconut",
    "name": "Macro Organic Desiccated Coconut 250g",
    "image_url": "https://cdn1.woolworths.media/content/wowproductimages/large/188997.jpg",
    "source_id": "Woolworths - 188997",
    "barcode": "9339687280919",
    "shop": "Woolworths",
    "weight": "1KG",
    "prices": [
      {
        "state": "NSW",
        "price": "500",
        "price_per_unit": "2000",
        "price_unit": "KG"
      },
      {
        "state": "VIC",
        "price": "500",
        "price_per_unit": "2000",
        "price_unit": "KG"
      },
      {
        "state": "QLD",
        "price": "500",
        "price_per_unit": "2000",
        "price_unit": "KG"
      },
      {
        "state": "WA",
        "price": "500",
        "price_per_unit": "2000",
        "price_unit": "KG"
      },
      {
        "state": "SA",
        "price": "500",
        "price_per_unit": "2000",
        "price_unit": "KG"
      },
      {
        "state": "TAS",
        "price": "500",
        "price_per_unit": "2000",
        "price_unit": "KG"
      },
      {
        "state": "ACT",
        "price": "500",
        "price_per_unit": "2000",
        "price_unit": "KG"
      },
      {
        "state": "NT",
        "price": "500",
        "price_per_unit": "2000",
        "price_unit": "KG"
      }
    ]
  },
  {
    "source_url": "https://www.woolworths.com.au/shop/productdetails/161598/macro-organic-lsa-with-probiotics",
    "name": "Macro Organic Lsa With Probiotics 200g",
    "image_url": "https://cdn1.woolworths.media/content/wowproductimages/large/161598.jpg",
    "source_id": "Woolworths - 161598",
    "barcode": "9339687263738",
    "shop": "Woolworths",
    "weight": "100G",
    "prices": [
      {
        "state": "NSW",
        "price": "700",
        "price_per_unit": "350",
        "price_unit": "G"
      },
      {
        "state": "VIC",
        "price": "700",
        "price_per_unit": "350",
        "price_unit": "G"
      },
      {
        "state": "QLD",
        "price": "700",
        "price_per_unit": "350",
        "price_unit": "G"
      },
      {
        "state": "WA",
        "price": "700",
        "price_per_unit": "350",
        "price_unit": "G"
      },
      {
        "state": "SA",
        "price": "700",
        "price_per_unit": "350",
        "price_unit": "G"
      },
      {
        "state": "TAS",
        "price": "700",
        "price_per_unit": "350",
        "price_unit": "G"
      },
      {
        "state": "ACT",
        "price": "700",
        "price_per_unit": "350",
        "price_unit": "G"
      },
      {
        "state": "TAS",
        "price": "700",
        "price_per_unit": "350",
        "price_unit": "G"
      },
      {
        "state": "ACT",
        "price": "700",
        "price_per_unit": "350",
        "price_unit": "G"
      },
      {
        "state": "NT",
        "price": "700",
        "price_per_unit": "350",
        "price_unit": "G"
      }
    ]
  },
  {
    "source_url": "https://www.woolworths.com.au/shop/productdetails/133476/macro-organic-natural-walnuts",
    "name": "Macro Organic Natural Walnuts 250g",
    "image_url": "https://cdn1.woolworths.media/content/wowproductimages/large/133476.jpg",
    "source_id": "Woolworths - 133476",
    "barcode": "9339687221806",
    "shop": "Woolworths",
    "weight": "1KG",
    "prices": [
      {
        "state": "NSW",
        "price": "850",
        "price_per_unit": "3400",
        "price_unit": "KG"
      },
      {
        "state": "VIC",
        "price": "850",
        "price_per_unit": "3400",
        "price_unit": "KG"
      },
      {
        "state": "QLD",
        "price": "850",
        "price_per_unit": "3400",
        "price_unit": "KG"
      },
      {
        "state": "WA",
        "price": "850",
        "price_per_unit": "3400",
        "price_unit": "KG"
      },
      {
        "state": "SA",
        "price": "850",
        "price_per_unit": "3400",
        "price_unit": "KG"
      },
      {
        "state": "TAS",
        "price": "850",
        "price_per_unit": "3400",
        "price_unit": "KG"
      },
      {
        "state": "ACT",
        "price": "850",
        "price_per_unit": "3400",
        "price_unit": "KG"
      },
      {
        "state": "NT",
        "price": "850",
        "price_per_unit": "3400",
        "price_unit": "KG"
      },
      {
        "state": "TAS",
        "price": "850",
        "price_per_unit": "3400",
        "price_unit": "KG"
      },
      {
        "state": "ACT",
        "price": "850",
        "price_per_unit": "3400",
        "price_unit": "KG"
      },
      {
        "state": "NT",
        "price": "850",
        "price_per_unit": "3400",
        "price_unit": "KG"
      }
    ]
  },
  {
    "source_url": "https://www.woolworths.com.au/shop/productdetails/334872/macro-pistachio-kernels",
    "name": "Macro Pistachio Kernels 250g",
    "image_url": "https://cdn1.woolworths.media/content/wowproductimages/large/334872.jpg",
    "source_id": "Woolworths - 334872",
    "barcode": "9300633202835",
    "shop": "Woolworths",
    "weight": "1KG",
    "prices": [
      {
        "state": "NSW",
        "price": "1500",
        "price_per_unit": "6000",
        "price_unit": "KG"
      },
      {
        "state": "VIC",
        "price": "1500",
        "price_per_unit": "6000",
        "price_unit": "KG"
      },
      {
        "state": "QLD",
        "price": "1500",
        "price_per_unit": "6000",
        "price_unit": "KG"
      },
      {
        "state": "WA",
        "price": "1500",
        "price_per_unit": "6000",
        "price_unit": "KG"
      },
      {
        "state": "SA",
        "price": "1500",
        "price_per_unit": "6000",
        "price_unit": "KG"
      },
      {
        "state": "TAS",
        "price": "1500",
        "price_per_unit": "6000",
        "price_unit": "KG"
      },
      {
        "state": "ACT",
        "price": "1500",
        "price_per_unit": "6000",
        "price_unit": "KG"
      },
      {
        "state": "NT",
        "price": "1500",
        "price_per_unit": "6000",
        "price_unit": "KG"
      },
      {
        "state": "TAS",
        "price": "1500",
        "price_per_unit": "6000",
        "price_unit": "KG"
      },
      {
        "state": "ACT",
        "price": "1500",
        "price_per_unit": "6000",
        "price_unit": "KG"
      },
      {
        "state": "NT",
        "price": "1500",
        "price_per_unit": "6000",
        "price_unit": "KG"
      }
    ]
  },
  {
    "source_url": "https://www.woolworths.com.au/shop/productdetails/89756/macro-seed-mix-with-pepitas-sunflower-seeds",
    "name": "Macro Seed Mix With Pepitas & Sunflower Seeds 250g",
    "image_url": "https://cdn1.woolworths.media/content/wowproductimages/large/089756.jpg",
    "source_id": "Woolworths - 89756",
    "barcode": "9339687168712",
    "shop": "Woolworths",
    "weight": "1KG",
    "prices": [
      {
        "state": "NSW",
        "price": "480",
        "price_per_unit": "1920",
        "price_unit": "KG"
      },
      {
        "state": "VIC",
        "price": "480",
        "price_per_unit": "1920",
        "price_unit": "KG"
      },
      {
        "state": "QLD",
        "price": "480",
        "price_per_unit": "1920",
        "price_unit": "KG"
      },
      {
        "state": "WA",
        "price": "480",
        "price_per_unit": "1920",
        "price_unit": "KG"
      },
      {
        "state": "SA",
        "price": "480",
        "price_per_unit": "1920",
        "price_unit": "KG"
      },
      {
        "state": "TAS",
        "price": "480",
        "price_per_unit": "1920",
        "price_unit": "KG"
      },
      {
        "state": "ACT",
        "price": "480",
        "price_per_unit": "1920",
        "price_unit": "KG"
      },
      {
        "state": "NT",
        "price": "480",
        "price_per_unit": "1920",
        "price_unit": "KG"
      }
    ]
  },
  {
    "source_url": "https://www.woolworths.com.au/shop/productdetails/28708/mckenzie-s-coconut-fine-desiccated",
    "name": "McKenzie's Coconut Fine Desiccated 250g",
    "image_url": "https://cdn1.woolworths.media/content/wowproductimages/large/028708.jpg",
    "source_id": "Woolworths - 28708",
    "barcode": "9310061550101",
    "shop": "Woolworths",
    "weight": "1KG",
    "prices": [
      {
        "state": "NSW",
        "price": "220",
        "price_per_unit": "880",
        "price_unit": "KG"
      },
      {
        "state": "VIC",
        "price": "220",
        "price_per_unit": "880",
        "price_unit": "KG"
      },
      {
        "state": "QLD",
        "price": "220",
        "price_per_unit": "880",
        "price_unit": "KG"
      },
      {
        "state": "WA",
        "price": "220",
        "price_per_unit": "880",
        "price_unit": "KG"
      },
      {
        "state": "SA",
        "price": "220",
        "price_per_unit": "880",
        "price_unit": "KG"
      },
      {
        "state": "TAS",
        "price": "220",
        "price_per_unit": "880",
        "price_unit": "KG"
      },
      {
        "state": "ACT",
        "price": "220",
        "price_per_unit": "880",
        "price_unit": "KG"
      },
      {
        "state": "NT",
        "price": "220",
        "price_per_unit": "880",
        "price_unit": "KG"
      }
    ]
  },
  {
    "source_url": "https://www.woolworths.com.au/shop/productdetails/251036/mckenzie-s-coconut-moist-flakes",
    "name": "McKenzie's Coconut Moist Flakes 225g",
    "image_url": "https://cdn1.woolworths.media/content/wowproductimages/large/251036.jpg",
    "source_id": "Woolworths - 251036",
    "barcode": "9310061017208",
    "shop": "Woolworths",
    "weight": "1KG",
    "prices": [
      {
        "state": "NSW",
        "price": "360",
        "price_per_unit": "1600",
        "price_unit": "KG"
      },
      {
        "state": "VIC",
        "price": "360",
        "price_per_unit": "1600",
        "price_unit": "KG"
      },
      {
        "state": "QLD",
        "price": "360",
        "price_per_unit": "1600",
        "price_unit": "KG"
      },
      {
        "state": "WA",
        "price": "360",
        "price_per_unit": "1600",
        "price_unit": "KG"
      },
      {
        "state": "SA",
        "price": "360",
        "price_per_unit": "1600",
        "price_unit": "KG"
      },
      {
        "state": "TAS",
        "price": "360",
        "price_per_unit": "1600",
        "price_unit": "KG"
      },
      {
        "state": "ACT",
        "price": "285",
        "price_per_unit": "1267",
        "price_unit": "KG"
      },
      {
        "state": "NT",
        "price": "285",
        "price_per_unit": "1267",
        "price_unit": "KG"
      }
    ]
  },
  {
    "source_url": "https://www.woolworths.com.au/shop/productdetails/1075345184/my-organics-coconut-desiccated-fine-500g",
    "name": "My Organics Coconut Desiccated Fine 500g",
    "image_url": "https://cdn1.woolworths.media/content/wowproductimages/large/1075345184.jpg",
    "source_id": "Woolworths - 1075345184",
    "barcode": null,
    "shop": "Woolworths",
    "weight": "100G",
    "prices": [
      {
        "state": "NSW",
        "price": "1000",
        "price_per_unit": "200",
        "price_unit": "G"
      },
      {
        "state": "VIC",
        "price": "1000",
        "price_per_unit": "200",
        "price_unit": "G"
      },
      {
        "state": "QLD",
        "price": "1000",
        "price_per_unit": "200",
        "price_unit": "G"
      },
      {
        "state": "WA",
        "price": "1000",
        "price_per_unit": "200",
        "price_unit": "G"
      },
      {
        "state": "SA",
        "price": "1000",
        "price_per_unit": "200",
        "price_unit": "G"
      },
      {
        "state": "TAS",
        "price": "1000",
        "price_per_unit": "200",
        "price_unit": "G"
      },
      {
        "state": "ACT",
        "price": "1000",
        "price_per_unit": "200",
        "price_unit": "G"
      },
      {
        "state": "NT",
        "price": "1000",
        "price_per_unit": "200",
        "price_unit": "G"
      }
    ]
  },
  {
    "source_url": "https://www.woolworths.com.au/shop/productdetails/1075345024/my-organics-coconut-shred-500g",
    "name": "My Organics Coconut Shred 500g",
    "image_url": "https://cdn1.woolworths.media/content/wowproductimages/large/1075345024.jpg",
    "source_id": "Woolworths - 1075345024",
    "barcode": null,
    "shop": "Woolworths",
    "weight": "100G",
    "prices": [
      {
        "state": "NSW",
        "price": "1000",
        "price_per_unit": "200",
        "price_unit": "G"
      },
      {
        "state": "VIC",
        "price": "1000",
        "price_per_unit": "200",
        "price_unit": "G"
      },
      {
        "state": "QLD",
        "price": "1000",
        "price_per_unit": "200",
        "price_unit": "G"
      },
      {
        "state": "WA",
        "price": "1000",
        "price_per_unit": "200",
        "price_unit": "G"
      },
      {
        "state": "SA",
        "price": "1000",
        "price_per_unit": "200",
        "price_unit": "G"
      },
      {
        "state": "TAS",
        "price": "1000",
        "price_per_unit": "200",
        "price_unit": "G"
      },
      {
        "state": "ACT",
        "price": "1000",
        "price_per_unit": "200",
        "price_unit": "G"
      },
      {
        "state": "NT",
        "price": "1000",
        "price_per_unit": "200",
        "price_unit": "G"
      }
    ]
  },
  {
    "source_url": "https://www.woolworths.com.au/shop/productdetails/610610/woolworths-almond-meal",
    "name": "Woolworths Almond Meal 400g",
    "image_url": "https://cdn1.woolworths.media/content/wowproductimages/large/610610.jpg",
    "source_id": "Woolworths - 610610",
    "barcode": "9300633657772",
    "shop": "Woolworths",
    "weight": "1KG",
    "prices": [
      {
        "state": "NSW",
        "price": "680",
        "price_per_unit": "1700",
        "price_unit": "KG"
      },
      {
        "state": "VIC",
        "price": "680",
        "price_per_unit": "1700",
        "price_unit": "KG"
      },
      {
        "state": "QLD",
        "price": "680",
        "price_per_unit": "1700",
        "price_unit": "KG"
      },
      {
        "state": "WA",
        "price": "680",
        "price_per_unit": "1700",
        "price_unit": "KG"
      },
      {
        "state": "TAS",
        "price": "680",
        "price_per_unit": "1700",
        "price_unit": "KG"
      },
      {
        "state": "ACT",
        "price": "680",
        "price_per_unit": "1700",
        "price_unit": "KG"
      },
      {
        "state": "NT",
        "price": "680",
        "price_per_unit": "1700",
        "price_unit": "KG"
      }
    ]
  },
  {
    "source_url": "https://www.woolworths.com.au/shop/productdetails/120690/woolworths-almond-meal",
    "name": "Woolworths Almond Meal 665g",
    "image_url": "https://cdn1.woolworths.media/content/wowproductimages/large/120690.jpg",
    "source_id": "Woolworths - 120690",
    "barcode": "9339687212392",
    "shop": "Woolworths",
    "weight": "100G",
    "prices": [
      {
        "state": "NSW",
        "price": "1050",
        "price_per_unit": "158",
        "price_unit": "G"
      },
      {
        "state": "VIC",
        "price": "1050",
        "price_per_unit": "158",
        "price_unit": "G"
      },
      {
        "state": "QLD",
        "price": "1050",
        "price_per_unit": "158",
        "price_unit": "G"
      },
      {
        "state": "WA",
        "price": "1050",
        "price_per_unit": "158",
        "price_unit": "G"
      },
      {
        "state": "TAS",
        "price": "1050",
        "price_per_unit": "158",
        "price_unit": "G"
      },
      {
        "state": "ACT",
        "price": "1050",
        "price_per_unit": "158",
        "price_unit": "G"
      },
      null
    ]
  },
  {
    "source_url": "https://www.woolworths.com.au/shop/productdetails/726280/woolworths-almonds-flaked",
    "name": "Woolworths Almonds Flaked 120g",
    "image_url": "https://cdn1.woolworths.media/content/wowproductimages/large/726280.jpg",
    "source_id": "Woolworths - 726280",
    "barcode": "9300633308162",
    "shop": "Woolworths",
    "weight": "1KG",
    "prices": [
      {
        "state": "NSW",
        "price": "350",
        "price_per_unit": "2917",
        "price_unit": "KG"
      },
      {
        "state": "VIC",
        "price": "350",
        "price_per_unit": "2917",
        "price_unit": "KG"
      },
      {
        "state": "QLD",
        "price": "350",
        "price_per_unit": "2917",
        "price_unit": "KG"
      },
      {
        "state": "WA",
        "price": "350",
        "price_per_unit": "2917",
        "price_unit": "KG"
      },
      {
        "state": "TAS",
        "price": "350",
        "price_per_unit": "2917",
        "price_unit": "KG"
      },
      {
        "state": "ACT",
        "price": "350",
        "price_per_unit": "2917",
        "price_unit": "KG"
      },
      {
        "state": "NT",
        "price": "350",
        "price_per_unit": "2917",
        "price_unit": "KG"
      }
    ]
  },
  {
    "source_url": "https://www.woolworths.com.au/shop/productdetails/726282/woolworths-almonds-natural",
    "name": "Woolworths Almonds Natural 150g",
    "image_url": "https://cdn1.woolworths.media/content/wowproductimages/large/726282.jpg",
    "source_id": "Woolworths - 726282",
    "barcode": "9300633308186",
    "shop": "Woolworths",
    "weight": "1KG",
    "prices": [
      {
        "state": "NSW",
        "price": "350",
        "price_per_unit": "2333",
        "price_unit": "KG"
      },
      {
        "state": "VIC",
        "price": "350",
        "price_per_unit": "2333",
        "price_unit": "KG"
      },
      {
        "state": "QLD",
        "price": "350",
        "price_per_unit": "2333",
        "price_unit": "KG"
      },
      {
        "state": "WA",
        "price": "350",
        "price_per_unit": "2333",
        "price_unit": "KG"
      },
      {
        "state": "TAS",
        "price": "350",
        "price_per_unit": "2333",
        "price_unit": "KG"
      },
      {
        "state": "ACT",
        "price": "350",
        "price_per_unit": "2333",
        "price_unit": "KG"
      },
      {
        "state": "NT",
        "price": "350",
        "price_per_unit": "2333",
        "price_unit": "KG"
      }
    ]
  },
  {
    "source_url": "https://www.woolworths.com.au/shop/productdetails/726541/woolworths-almonds-natural",
    "name": "Woolworths Almonds Natural 450g",
    "image_url": "https://cdn1.woolworths.media/content/wowproductimages/large/726541.jpg",
    "source_id": "Woolworths - 726541",
    "barcode": "9300633317041",
    "shop": "Woolworths",
    "weight": "1KG",
    "prices": [
      {
        "state": "NSW",
        "price": "795",
        "price_per_unit": "1767",
        "price_unit": "KG"
      },
      {
        "state": "VIC",
        "price": "795",
        "price_per_unit": "1767",
        "price_unit": "KG"
      },
      {
        "state": "QLD",
        "price": "795",
        "price_per_unit": "1767",
        "price_unit": "KG"
      },
      {
        "state": "WA",
        "price": "795",
        "price_per_unit": "1767",
        "price_unit": "KG"
      },
      {
        "state": "TAS",
        "price": "795",
        "price_per_unit": "1767",
        "price_unit": "KG"
      },
      {
        "state": "ACT",
        "price": "795",
        "price_per_unit": "1767",
        "price_unit": "KG"
      },
      {
        "state": "NT",
        "price": "795",
        "price_per_unit": "1767",
        "price_unit": "KG"
      }
    ]
  },
  {
    "source_url": "https://www.woolworths.com.au/shop/productdetails/726350/woolworths-almonds-slivered",
    "name": "Woolworths Almonds Slivered 120g",
    "image_url": "https://cdn1.woolworths.media/content/wowproductimages/large/726350.jpg",
    "source_id": "Woolworths - 726350",
    "barcode": "9300633308193",
    "shop": "Woolworths",
    "weight": "1KG",
    "prices": [
      {
        "state": "NSW",
        "price": "350",
        "price_per_unit": "2917",
        "price_unit": "KG"
      },
      {
        "state": "VIC",
        "price": "350",
        "price_per_unit": "2917",
        "price_unit": "KG"
      },
      {
        "state": "QLD",
        "price": "350",
        "price_per_unit": "2917",
        "price_unit": "KG"
      },
      {
        "state": "WA",
        "price": "350",
        "price_per_unit": "2917",
        "price_unit": "KG"
      },
      {
        "state": "TAS",
        "price": "350",
        "price_per_unit": "2917",
        "price_unit": "KG"
      },
      {
        "state": "ACT",
        "price": "350",
        "price_per_unit": "2917",
        "price_unit": "KG"
      },
      {
        "state": "NT",
        "price": "350",
        "price_per_unit": "2917",
        "price_unit": "KG"
      }
    ]
  },
  {
    "source_url": "https://www.woolworths.com.au/shop/productdetails/89762/woolworths-blanched-peanuts",
    "name": "Woolworths Blanched Peanuts 375g",
    "image_url": "https://cdn1.woolworths.media/content/wowproductimages/large/089762.jpg",
    "source_id": "Woolworths - 89762",
    "barcode": "9339687168774",
    "shop": "Woolworths",
    "weight": "1KG",
    "prices": [
      {
        "state": "NSW",
        "price": "350",
        "price_per_unit": "933",
        "price_unit": "KG"
      },
      {
        "state": "VIC",
        "price": "350",
        "price_per_unit": "933",
        "price_unit": "KG"
      },
      {
        "state": "QLD",
        "price": "350",
        "price_per_unit": "933",
        "price_unit": "KG"
      },
      {
        "state": "WA",
        "price": "350",
        "price_per_unit": "933",
        "price_unit": "KG"
      },
      {
        "state": "TAS",
        "price": "350",
        "price_per_unit": "933",
        "price_unit": "KG"
      },
      {
        "state": "ACT",
        "price": "350",
        "price_per_unit": "933",
        "price_unit": "KG"
      },
      {
        "state": "NT",
        "price": "355",
        "price_per_unit": "947",
        "price_unit": "KG"
      }
    ]
  },
  {
    "source_url": "https://www.woolworths.com.au/shop/productdetails/726351/woolworths-brazil-nuts",
    "name": "Woolworths Brazil Nuts 150g",
    "image_url": "https://cdn1.woolworths.media/content/wowproductimages/large/726351.jpg",
    "source_id": "Woolworths - 726351",
    "barcode": "9300633308209",
    "shop": "Woolworths",
    "weight": "1KG",
    "prices": [
      {
        "state": "NSW",
        "price": "550",
        "price_per_unit": "3667",
        "price_unit": "KG"
      },
      {
        "state": "VIC",
        "price": "550",
        "price_per_unit": "3667",
        "price_unit": "KG"
      },
      {
        "state": "QLD",
        "price": "550",
        "price_per_unit": "3667",
        "price_unit": "KG"
      },
      {
        "state": "WA",
        "price": "550",
        "price_per_unit": "3667",
        "price_unit": "KG"
      },
      {
        "state": "TAS",
        "price": "550",
        "price_per_unit": "3667",
        "price_unit": "KG"
      },
      {
        "state": "ACT",
        "price": "550",
        "price_per_unit": "3667",
        "price_unit": "KG"
      },
      {
        "state": "NT",
        "price": "550",
        "price_per_unit": "3667",
        "price_unit": "KG"
      }
    ]
  },
  {
    "source_url": "https://www.woolworths.com.au/shop/productdetails/726352/woolworths-cashews",
    "name": "Woolworths Cashews 150g",
    "image_url": "https://cdn1.woolworths.media/content/wowproductimages/large/726352.jpg",
    "source_id": "Woolworths - 726352",
    "barcode": "9300633308216",
    "shop": "Woolworths",
    "weight": "1KG",
    "prices": [
      {
        "state": "NSW",
        "price": "400",
        "price_per_unit": "2667",
        "price_unit": "KG"
      },
      {
        "state": "VIC",
        "price": "400",
        "price_per_unit": "2667",
        "price_unit": "KG"
      },
      {
        "state": "QLD",
        "price": "400",
        "price_per_unit": "2667",
        "price_unit": "KG"
      },
      {
        "state": "WA",
        "price": "400",
        "price_per_unit": "2667",
        "price_unit": "KG"
      },
      {
        "state": "TAS",
        "price": "400",
        "price_per_unit": "2667",
        "price_unit": "KG"
      },
      {
        "state": "ACT",
        "price": "400",
        "price_per_unit": "2667",
        "price_unit": "KG"
      },
      {
        "state": "NT",
        "price": "400",
        "price_per_unit": "2667",
        "price_unit": "KG"
      }
    ]
  },
  {
    "source_url": "https://www.woolworths.com.au/shop/productdetails/758700/woolworths-cashews",
    "name": "Woolworths Cashews 450g",
    "image_url": "https://cdn1.woolworths.media/content/wowproductimages/large/758700.jpg",
    "source_id": "Woolworths - 758700",
    "barcode": "9300633423643",
    "shop": "Woolworths",
    "weight": "1KG",
    "prices": [
      {
        "state": "NSW",
        "price": "1000",
        "price_per_unit": "2222",
        "price_unit": "KG"
      },
      {
        "state": "VIC",
        "price": "1000",
        "price_per_unit": "2222",
        "price_unit": "KG"
      },
      {
        "state": "QLD",
        "price": "1000",
        "price_per_unit": "2222",
        "price_unit": "KG"
      },
      {
        "state": "WA",
        "price": "1000",
        "price_per_unit": "2222",
        "price_unit": "KG"
      },
      {
        "state": "TAS",
        "price": "1000",
        "price_per_unit": "2222",
        "price_unit": "KG"
      },
      {
        "state": "ACT",
        "price": "1000",
        "price_per_unit": "2222",
        "price_unit": "KG"
      },
      {
        "state": "NT",
        "price": "1000",
        "price_per_unit": "2222",
        "price_unit": "KG"
      }
    ]
  },
  {
    "source_url": "https://www.woolworths.com.au/shop/productdetails/71324/woolworths-coconut-fine-desiccated",
    "name": "Woolworths Coconut Fine Desiccated 500g",
    "image_url": "https://cdn1.woolworths.media/content/wowproductimages/large/071324.jpg",
    "source_id": "Woolworths - 71324",
    "barcode": "9311478001002",
    "shop": "Woolworths",
    "weight": "1KG",
    "prices": [
      {
        "state": "NSW",
        "price": "330",
        "price_per_unit": "660",
        "price_unit": "KG"
      },
      {
        "state": "VIC",
        "price": "330",
        "price_per_unit": "660",
        "price_unit": "KG"
      },
      {
        "state": "QLD",
        "price": "330",
        "price_per_unit": "660",
        "price_unit": "KG"
      },
      {
        "state": "WA",
        "price": "330",
        "price_per_unit": "660",
        "price_unit": "KG"
      },
      {
        "state": "TAS",
        "price": "330",
        "price_per_unit": "660",
        "price_unit": "KG"
      },
      {
        "state": "ACT",
        "price": "330",
        "price_per_unit": "660",
        "price_unit": "KG"
      },
      {
        "state": "NT",
        "price": "330",
        "price_per_unit": "660",
        "price_unit": "KG"
      }
    ]
  },
  {
    "source_url": "https://www.woolworths.com.au/shop/productdetails/501764/woolworths-hazelnut-kernels",
    "name": "Woolworths Hazelnut Kernels 110g",
    "image_url": "https://cdn1.woolworths.media/content/wowproductimages/large/501764.jpg",
    "source_id": "Woolworths - 501764",
    "barcode": "9300633539795",
    "shop": "Woolworths",
    "weight": "1KG",
    "prices": [
      {
        "state": "NSW",
        "price": "330",
        "price_per_unit": "3000",
        "price_unit": "KG"
      },
      {
        "state": "VIC",
        "price": "330",
        "price_per_unit": "3000",
        "price_unit": "KG"
      },
      {
        "state": "QLD",
        "price": "330",
        "price_per_unit": "3000",
        "price_unit": "KG"
      },
      {
        "state": "SA",
        "price": "330",
        "price_per_unit": "3000",
        "price_unit": "KG"
      },
      {
        "state": "TAS",
        "price": "330",
        "price_per_unit": "3000",
        "price_unit": "KG"
      },
      {
        "state": "ACT",
        "price": "330",
        "price_per_unit": "3000",
        "price_unit": "KG"
      },
      {
        "state": "TAS",
        "price": "330",
        "price_per_unit": "3000",
        "price_unit": "KG"
      },
      {
        "state": "ACT",
        "price": "330",
        "price_per_unit": "3000",
        "price_unit": "KG"
      },
      {
        "state": "NT",
        "price": "330",
        "price_per_unit": "3000",
        "price_unit": "KG"
      }
    ]
  },
  {
    "source_url": "https://www.woolworths.com.au/shop/productdetails/143656/woolworths-macadamias-pieces",
    "name": "Woolworths Macadamias Pieces 120g",
    "image_url": "https://cdn1.woolworths.media/content/wowproductimages/large/143656.jpg",
    "source_id": "Woolworths - 143656",
    "barcode": "9339687236992",
    "shop": "Woolworths",
    "weight": "1KG",
    "prices": [
      {
        "state": "NSW",
        "price": "490",
        "price_per_unit": "4083",
        "price_unit": "KG"
      },
      {
        "state": "VIC",
        "price": "490",
        "price_per_unit": "4083",
        "price_unit": "KG"
      },
      {
        "state": "TAS",
        "price": "490",
        "price_per_unit": "4083",
        "price_unit": "KG"
      },
      {
        "state": "ACT",
        "price": "490",
        "price_per_unit": "4083",
        "price_unit": "KG"
      },
      {
        "state": "NT",
        "price": "490",
        "price_per_unit": "4083",
        "price_unit": "KG"
      }
    ]
  },
  {
    "source_url": "https://www.woolworths.com.au/shop/productdetails/47680/woolworths-nuts-granulated",
    "name": "Woolworths Nuts Granulated 200g",
    "image_url": "https://cdn1.woolworths.media/content/wowproductimages/large/047680.jpg",
    "source_id": "Woolworths - 47680",
    "barcode": "9300633645854",
    "shop": "Woolworths",
    "weight": "1KG",
    "prices": [
      {
        "state": "NSW",
        "price": "200",
        "price_per_unit": "1000",
        "price_unit": "KG"
      },
      {
        "state": "VIC",
        "price": "200",
        "price_per_unit": "1000",
        "price_unit": "KG"
      },
      {
        "state": "TAS",
        "price": "200",
        "price_per_unit": "1000",
        "price_unit": "KG"
      },
      {
        "state": "NT",
        "price": "200",
        "price_per_unit": "1000",
        "price_unit": "KG"
      }
    ]
  },
  {
    "source_url": "https://www.woolworths.com.au/shop/productdetails/815872/woolworths-pecans",
    "name": "Woolworths Pecans 150g",
    "image_url": "https://cdn1.woolworths.media/content/wowproductimages/large/815872.jpg",
    "source_id": "Woolworths - 815872",
    "barcode": "9339687073818",
    "shop": "Woolworths",
    "weight": "1KG",
    "prices": [
      {
        "state": "NSW",
        "price": "430",
        "price_per_unit": "2867",
        "price_unit": "KG"
      },
      {
        "state": "VIC",
        "price": "430",
        "price_per_unit": "2867",
        "price_unit": "KG"
      },
      {
        "state": "QLD",
        "price": "430",
        "price_per_unit": "2867",
        "price_unit": "KG"
      },
      {
        "state": "SA",
        "price": "430",
        "price_per_unit": "2867",
        "price_unit": "KG"
      },
      {
        "state": "TAS",
        "price": "430",
        "price_per_unit": "2867",
        "price_unit": "KG"
      },
      {
        "state": "ACT",
        "price": "430",
        "price_per_unit": "2867",
        "price_unit": "KG"
      },
      {
        "state": "TAS",
        "price": "430",
        "price_per_unit": "2867",
        "price_unit": "KG"
      },
      {
        "state": "NT",
        "price": "430",
        "price_per_unit": "2867",
        "price_unit": "KG"
      }
    ]
  },
  {
    "source_url": "https://www.woolworths.com.au/shop/productdetails/726358/woolworths-pepitas",
    "name": "Woolworths Pepitas 300g",
    "image_url": "https://cdn1.woolworths.media/content/wowproductimages/large/726358.jpg",
    "source_id": "Woolworths - 726358",
    "barcode": "9300633308278",
    "shop": "Woolworths",
    "weight": "1KG",
    "prices": [
      {
        "state": "NSW",
        "price": "420",
        "price_per_unit": "1400",
        "price_unit": "KG"
      },
      {
        "state": "VIC",
        "price": "420",
        "price_per_unit": "1400",
        "price_unit": "KG"
      },
      {
        "state": "TAS",
        "price": "420",
        "price_per_unit": "1400",
        "price_unit": "KG"
      },
      {
        "state": "NT",
        "price": "420",
        "price_per_unit": "1400",
        "price_unit": "KG"
      }
    ]
  },
  {
    "source_url": "https://www.woolworths.com.au/shop/productdetails/726356/woolworths-pine-nuts",
    "name": "Woolworths Pine Nuts 180g",
    "image_url": "https://cdn1.woolworths.media/content/wowproductimages/large/726356.jpg",
    "source_id": "Woolworths - 726356",
    "barcode": "9300633308254",
    "shop": "Woolworths",
    "weight": "1KG",
    "prices": [
      {
        "state": "NSW",
        "price": "875",
        "price_per_unit": "4861",
        "price_unit": "KG"
      },
      {
        "state": "VIC",
        "price": "875",
        "price_per_unit": "4861",
        "price_unit": "KG"
      },
      {
        "state": "TAS",
        "price": "875",
        "price_per_unit": "4861",
        "price_unit": "KG"
      },
      {
        "state": "NT",
        "price": "875",
        "price_per_unit": "4861",
        "price_unit": "KG"
      }
    ]
  },
  {
    "source_url": "https://www.woolworths.com.au/shop/productdetails/726355/woolworths-pine-nuts",
    "name": "Woolworths Pine Nuts 80g",
    "image_url": "https://cdn1.woolworths.media/content/wowproductimages/large/726355.jpg",
    "source_id": "Woolworths - 726355",
    "barcode": "9300633308247",
    "shop": "Woolworths",
    "weight": "1KG",
    "prices": [
      {
        "state": "NSW",
        "price": "420",
        "price_per_unit": "5250",
        "price_unit": "KG"
      },
      {
        "state": "VIC",
        "price": "420",
        "price_per_unit": "5250",
        "price_unit": "KG"
      },
      {
        "state": "TAS",
        "price": "420",
        "price_per_unit": "5250",
        "price_unit": "KG"
      },
      {
        "state": "NT",
        "price": "420",
        "price_per_unit": "5250",
        "price_unit": "KG"
      }
    ]
  },
  {
    "source_url": "https://www.woolworths.com.au/shop/productdetails/758763/woolworths-pistachios",
    "name": "Woolworths Pistachios 300g",
    "image_url": "https://cdn1.woolworths.media/content/wowproductimages/large/758763.jpg",
    "source_id": "Woolworths - 758763",
    "barcode": "9300633423674",
    "shop": "Woolworths",
    "weight": "1KG",
    "prices": [
      {
        "state": "NSW",
        "price": "1840",
        "price_per_unit": "6133",
        "price_unit": "KG"
      },
      {
        "state": "VIC",
        "price": "1840",
        "price_per_unit": "6133",
        "price_unit": "KG"
      },
      {
        "state": "TAS",
        "price": "1840",
        "price_per_unit": "6133",
        "price_unit": "KG"
      },
      {
        "state": "NT",
        "price": "1840",
        "price_per_unit": "6133",
        "price_unit": "KG"
      }
    ]
  },
  {
    "source_url": "https://www.woolworths.com.au/shop/productdetails/726357/woolworths-pistachios",
    "name": "Woolworths Pistachios 80g",
    "image_url": "https://cdn1.woolworths.media/content/wowproductimages/large/726357.jpg",
    "source_id": "Woolworths - 726357",
    "barcode": "9300633308261",
    "shop": "Woolworths",
    "weight": "1KG",
    "prices": [
      {
        "state": "NSW",
        "price": "500",
        "price_per_unit": "6250",
        "price_unit": "KG"
      },
      {
        "state": "VIC",
        "price": "500",
        "price_per_unit": "6250",
        "price_unit": "KG"
      },
      {
        "state": "TAS",
        "price": "500",
        "price_per_unit": "6250",
        "price_unit": "KG"
      },
      {
        "state": "NT",
        "price": "475",
        "price_per_unit": "5938",
        "price_unit": "KG"
      }
    ]
  },
  {
    "source_url": "https://www.woolworths.com.au/shop/productdetails/147615/woolworths-roasted-diced-almonds",
    "name": "Woolworths Roasted & Diced Almonds 150g",
    "image_url": "https://cdn1.woolworths.media/content/wowproductimages/large/147615.jpg",
    "source_id": "Woolworths - 147615",
    "barcode": "9339687241002",
    "shop": "Woolworths",
    "weight": "1KG",
    "prices": [
      {
        "state": "NSW",
        "price": "400",
        "price_per_unit": "2667",
        "price_unit": "KG"
      },
      {
        "state": "VIC",
        "price": "400",
        "price_per_unit": "2667",
        "price_unit": "KG"
      },
      {
        "state": "TAS",
        "price": "400",
        "price_per_unit": "2667",
        "price_unit": "KG"
      },
      null
    ]
  },
  {
    "source_url": "https://www.woolworths.com.au/shop/productdetails/501762/woolworths-sesame-seeds",
    "name": "Woolworths Sesame Seeds 100g",
    "image_url": "https://cdn1.woolworths.media/content/wowproductimages/large/501762.jpg",
    "source_id": "Woolworths - 501762",
    "barcode": "9300633539764",
    "shop": "Woolworths",
    "weight": "1KG",
    "prices": [
      {
        "state": "NSW",
        "price": "130",
        "price_per_unit": "1300",
        "price_unit": "KG"
      },
      {
        "state": "VIC",
        "price": "130",
        "price_per_unit": "1300",
        "price_unit": "KG"
      },
      {
        "state": "QLD",
        "price": "130",
        "price_per_unit": "1300",
        "price_unit": "KG"
      },
      {
        "state": "SA",
        "price": "130",
        "price_per_unit": "1300",
        "price_unit": "KG"
      },
      {
        "state": "TAS",
        "price": "130",
        "price_per_unit": "1300",
        "price_unit": "KG"
      },
      {
        "state": "ACT",
        "price": "130",
        "price_per_unit": "1300",
        "price_unit": "KG"
      },
      {
        "state": "TAS",
        "price": "130",
        "price_per_unit": "1300",
        "price_unit": "KG"
      },
      {
        "state": "NT",
        "price": "130",
        "price_per_unit": "1300",
        "price_unit": "KG"
      }
    ]
  },
  {
    "source_url": "https://www.woolworths.com.au/shop/productdetails/172405/woolworths-shredded-coconut",
    "name": "Woolworths Shredded Coconut 250g",
    "image_url": "https://cdn1.woolworths.media/content/wowproductimages/large/172405.jpg",
    "source_id": "Woolworths - 172405",
    "barcode": "9300633097424",
    "shop": "Woolworths",
    "weight": "1KG",
    "prices": [
      {
        "state": "NSW",
        "price": "175",
        "price_per_unit": "700",
        "price_unit": "KG"
      },
      {
        "state": "VIC",
        "price": "175",
        "price_per_unit": "700",
        "price_unit": "KG"
      },
      {
        "state": "TAS",
        "price": "175",
        "price_per_unit": "700",
        "price_unit": "KG"
      },
      {
        "state": "NT",
        "price": "175",
        "price_per_unit": "700",
        "price_unit": "KG"
      }
    ]
  },
  {
    "source_url": "https://www.woolworths.com.au/shop/productdetails/501763/woolworths-sunflower-seeds",
    "name": "Woolworths Sunflower Seeds 200g",
    "image_url": "https://cdn1.woolworths.media/content/wowproductimages/large/501763.jpg",
    "source_id": "Woolworths - 501763",
    "barcode": "9300633539771",
    "shop": "Woolworths",
    "weight": "1KG",
    "prices": [
      {
        "state": "NSW",
        "price": "200",
        "price_per_unit": "1000",
        "price_unit": "KG"
      },
      {
        "state": "VIC",
        "price": "200",
        "price_per_unit": "1000",
        "price_unit": "KG"
      },
      {
        "state": "QLD",
        "price": "200",
        "price_per_unit": "1000",
        "price_unit": "KG"
      },
      {
        "state": "SA",
        "price": "200",
        "price_per_unit": "1000",
        "price_unit": "KG"
      },
      {
        "state": "TAS",
        "price": "200",
        "price_per_unit": "1000",
        "price_unit": "KG"
      },
      {
        "state": "ACT",
        "price": "200",
        "price_per_unit": "1000",
        "price_unit": "KG"
      },
      {
        "state": "TAS",
        "price": "200",
        "price_per_unit": "1000",
        "price_unit": "KG"
      },
      {
        "state": "NT",
        "price": "200",
        "price_per_unit": "1000",
        "price_unit": "KG"
      }
    ]
  },
  {
    "source_url": "https://www.woolworths.com.au/shop/productdetails/726359/woolworths-walnuts-californian",
    "name": "Woolworths Walnuts Californian 190g",
    "image_url": "https://cdn1.woolworths.media/content/wowproductimages/large/726359.jpg",
    "source_id": "Woolworths - 726359",
    "barcode": "9300633308285",
    "shop": "Woolworths",
    "weight": "1KG",
    "prices": [
      {
        "state": "NSW",
        "price": "475",
        "price_per_unit": "2500",
        "price_unit": "KG"
      },
      {
        "state": "VIC",
        "price": "475",
        "price_per_unit": "2500",
        "price_unit": "KG"
      },
      {
        "state": "TAS",
        "price": "475",
        "price_per_unit": "2500",
        "price_unit": "KG"
      },
      {
        "state": "NT",
        "price": "475",
        "price_per_unit": "2500",
        "price_unit": "KG"
      }
    ]
  },
  {
    "source_url": "https://www.woolworths.com.au/shop/productdetails/726360/woolworths-walnuts-californian",
    "name": "Woolworths Walnuts Californian 450g",
    "image_url": "https://cdn1.woolworths.media/content/wowproductimages/large/726360.jpg",
    "source_id": "Woolworths - 726360",
    "barcode": "9300633308292",
    "shop": "Woolworths",
    "weight": "1KG",
    "prices": [
      {
        "state": "NSW",
        "price": "980",
        "price_per_unit": "2178",
        "price_unit": "KG"
      },
      {
        "state": "VIC",
        "price": "980",
        "price_per_unit": "2178",
        "price_unit": "KG"
      },
      {
        "state": "TAS",
        "price": "980",
        "price_per_unit": "2178",
        "price_unit": "KG"
      },
      {
        "state": "NT",
        "price": "980",
        "price_per_unit": "2178",
        "price_unit": "KG"
      }
    ]
  },
  {
    "source_url": "https://www.woolworths.com.au/shop/productdetails/246677/lucky-almond-meal",
    "name": "Lucky Almond Meal 300g",
    "image_url": "https://cdn1.woolworths.media/content/wowproductimages/large/246677.jpg",
    "source_id": "Woolworths - 246677",
    "barcode": "9310064100082",
    "shop": "Woolworths",
    "weight": "1KG",
    "prices": [
      {
        "state": "VIC",
        "price": "425",
        "price_per_unit": "1417",
        "price_unit": "KG"
      },
      {
        "state": "QLD",
        "price": "425",
        "price_per_unit": "1417",
        "price_unit": "KG"
      },
      {
        "state": "WA",
        "price": "425",
        "price_per_unit": "1417",
        "price_unit": "KG"
      },
      {
        "state": "SA",
        "price": "425",
        "price_per_unit": "1417",
        "price_unit": "KG"
      },
      {
        "state": "TAS",
        "price": "425",
        "price_per_unit": "1417",
        "price_unit": "KG"
      },
      null,
      {
        "state": "NT",
        "price": "850",
        "price_per_unit": "2833",
        "price_unit": "KG"
      }
    ]
  },
  {
    "source_url": "https://www.woolworths.com.au/shop/productdetails/289996/lucky-crumbed-walnuts",
    "name": "Lucky Crumbed Walnuts 125g",
    "image_url": "https://cdn1.woolworths.media/content/wowproductimages/large/289996.jpg",
    "source_id": "Woolworths - 289996",
    "barcode": "9310064100242",
    "shop": "Woolworths",
    "weight": "1KG",
    "prices": [
      {
        "state": "VIC",
        "price": "330",
        "price_per_unit": "2640",
        "price_unit": "KG"
      },
      {
        "state": "QLD",
        "price": "330",
        "price_per_unit": "2640",
        "price_unit": "KG"
      },
      {
        "state": "WA",
        "price": "330",
        "price_per_unit": "2640",
        "price_unit": "KG"
      },
      {
        "state": "SA",
        "price": "330",
        "price_per_unit": "2640",
        "price_unit": "KG"
      },
      {
        "state": "TAS",
        "price": "250",
        "price_per_unit": "2000",
        "price_unit": "KG"
      },
      {
        "state": "ACT",
        "price": "250",
        "price_per_unit": "2000",
        "price_unit": "KG"
      },
      {
        "state": "NT",
        "price": "250",
        "price_per_unit": "2000",
        "price_unit": "KG"
      }
    ]
  },
  {
    "source_url": "https://www.woolworths.com.au/shop/productdetails/244374/lucky-natural-almonds",
    "name": "Lucky Natural Almonds 300g",
    "image_url": "https://cdn1.woolworths.media/content/wowproductimages/large/244374.jpg",
    "source_id": "Woolworths - 244374",
    "barcode": "9310064100099",
    "shop": "Woolworths",
    "weight": "1KG",
    "prices": [
      {
        "state": "VIC",
        "price": "720",
        "price_per_unit": "2400",
        "price_unit": "KG"
      },
      {
        "state": "QLD",
        "price": "720",
        "price_per_unit": "2400",
        "price_unit": "KG"
      },
      {
        "state": "WA",
        "price": "720",
        "price_per_unit": "2400",
        "price_unit": "KG"
      },
      {
        "state": "SA",
        "price": "720",
        "price_per_unit": "2400",
        "price_unit": "KG"
      },
      {
        "state": "TAS",
        "price": "720",
        "price_per_unit": "2400",
        "price_unit": "KG"
      },
      {
        "state": "ACT",
        "price": "720",
        "price_per_unit": "2400",
        "price_unit": "KG"
      },
      {
        "state": "NT",
        "price": "720",
        "price_per_unit": "2400",
        "price_unit": "KG"
      }
    ]
  },
  {
    "source_url": "https://www.woolworths.com.au/shop/productdetails/243736/lucky-natural-cashews",
    "name": "Lucky Natural Cashews 150g",
    "image_url": "https://cdn1.woolworths.media/content/wowproductimages/large/243736.jpg",
    "source_id": "Woolworths - 243736",
    "barcode": "9310064100266",
    "shop": "Woolworths",
    "weight": "1KG",
    "prices": [
      {
        "state": "VIC",
        "price": "400",
        "price_per_unit": "2667",
        "price_unit": "KG"
      },
      {
        "state": "QLD",
        "price": "400",
        "price_per_unit": "2667",
        "price_unit": "KG"
      },
      {
        "state": "WA",
        "price": "400",
        "price_per_unit": "2667",
        "price_unit": "KG"
      },
      {
        "state": "SA",
        "price": "400",
        "price_per_unit": "2667",
        "price_unit": "KG"
      },
      {
        "state": "ACT",
        "price": "500",
        "price_per_unit": "3333",
        "price_unit": "KG"
      },
      {
        "state": "NT",
        "price": "500",
        "price_per_unit": "3333",
        "price_unit": "KG"
      }
    ]
  },
  {
    "source_url": "https://www.woolworths.com.au/shop/productdetails/246774/lucky-natural-pine-nuts",
    "name": "Lucky Natural Pine Nuts 110g",
    "image_url": "https://cdn1.woolworths.media/content/wowproductimages/large/246774.jpg",
    "source_id": "Woolworths - 246774",
    "barcode": "9310064100204",
    "shop": "Woolworths",
    "weight": "1KG",
    "prices": [
      {
        "state": "VIC",
        "price": "950",
        "price_per_unit": "8636",
        "price_unit": "KG"
      },
      {
        "state": "QLD",
        "price": "950",
        "price_per_unit": "8636",
        "price_unit": "KG"
      },
      {
        "state": "WA",
        "price": "950",
        "price_per_unit": "8636",
        "price_unit": "KG"
      },
      {
        "state": "SA",
        "price": "950",
        "price_per_unit": "8636",
        "price_unit": "KG"
      },
      {
        "state": "TAS",
        "price": "850",
        "price_per_unit": "7727",
        "price_unit": "KG"
      },
      {
        "state": "ACT",
        "price": "850",
        "price_per_unit": "7727",
        "price_unit": "KG"
      },
      {
        "state": "NT",
        "price": "850",
        "price_per_unit": "7727",
        "price_unit": "KG"
      }
    ]
  },
  {
    "source_url": "https://www.woolworths.com.au/shop/productdetails/246932/lucky-natural-pistachios",
    "name": "Lucky Natural Pistachios 120g",
    "image_url": "https://cdn1.woolworths.media/content/wowproductimages/large/246932.jpg",
    "source_id": "Woolworths - 246932",
    "barcode": "9310064100228",
    "shop": "Woolworths",
    "weight": "1KG",
    "prices": [
      {
        "state": "VIC",
        "price": "950",
        "price_per_unit": "7917",
        "price_unit": "KG"
      },
      {
        "state": "QLD",
        "price": "950",
        "price_per_unit": "7917",
        "price_unit": "KG"
      },
      {
        "state": "WA",
        "price": "950",
        "price_per_unit": "7917",
        "price_unit": "KG"
      },
      {
        "state": "SA",
        "price": "950",
        "price_per_unit": "7917",
        "price_unit": "KG"
      },
      {
        "state": "TAS",
        "price": "950",
        "price_per_unit": "7917",
        "price_unit": "KG"
      },
      {
        "state": "ACT",
        "price": "850",
        "price_per_unit": "7083",
        "price_unit": "KG"
      },
      {
        "state": "NT",
        "price": "850",
        "price_per_unit": "7083",
        "price_unit": "KG"
      }
    ]
  },
  {
    "source_url": "https://www.woolworths.com.au/shop/productdetails/247368/lucky-natural-seed-mix-with-pine-nuts",
    "name": "Lucky Natural Seed Mix With Pine Nuts 200g",
    "image_url": "https://cdn1.woolworths.media/content/wowproductimages/large/247368.jpg",
    "source_id": "Woolworths - 247368",
    "barcode": "9310064100181",
    "shop": "Woolworths",
    "weight": "1KG",
    "prices": [
      {
        "state": "VIC",
        "price": "490",
        "price_per_unit": "2450",
        "price_unit": "KG"
      },
      {
        "state": "QLD",
        "price": "490",
        "price_per_unit": "2450",
        "price_unit": "KG"
      },
      {
        "state": "WA",
        "price": "490",
        "price_per_unit": "2450",
        "price_unit": "KG"
      },
      {
        "state": "SA",
        "price": "490",
        "price_per_unit": "2450",
        "price_unit": "KG"
      },
      {
        "state": "TAS",
        "price": "400",
        "price_per_unit": "2000",
        "price_unit": "KG"
      },
      {
        "state": "ACT",
        "price": "400",
        "price_per_unit": "2000",
        "price_unit": "KG"
      },
      {
        "state": "NT",
        "price": "400",
        "price_per_unit": "2000",
        "price_unit": "KG"
      }
    ]
  },
  {
    "source_url": "https://www.woolworths.com.au/shop/productdetails/247445/lucky-oven-roasted-almonds",
    "name": "Lucky Oven Roasted Almonds 300g",
    "image_url": "https://cdn1.woolworths.media/content/wowproductimages/large/247445.jpg",
    "source_id": "Woolworths - 247445",
    "barcode": "9310064100105",
    "shop": "Woolworths",
    "weight": "1KG",
    "prices": [
      {
        "state": "VIC",
        "price": "760",
        "price_per_unit": "2533",
        "price_unit": "KG"
      },
      {
        "state": "QLD",
        "price": "760",
        "price_per_unit": "2533",
        "price_unit": "KG"
      },
      {
        "state": "WA",
        "price": "760",
        "price_per_unit": "2533",
        "price_unit": "KG"
      },
      {
        "state": "SA",
        "price": "760",
        "price_per_unit": "2533",
        "price_unit": "KG"
      },
      {
        "state": "TAS",
        "price": "760",
        "price_per_unit": "2533",
        "price_unit": "KG"
      },
      {
        "state": "ACT",
        "price": "760",
        "price_per_unit": "2533",
        "price_unit": "KG"
      },
      {
        "state": "NT",
        "price": "760",
        "price_per_unit": "2533",
        "price_unit": "KG"
      }
    ]
  },
  {
    "source_url": "https://www.woolworths.com.au/shop/productdetails/147630/lucky-toasted-hazelnuts",
    "name": "Lucky Toasted Hazelnuts 120g",
    "image_url": "https://cdn1.woolworths.media/content/wowproductimages/large/147630.jpg",
    "source_id": "Woolworths - 147630",
    "barcode": "9310064006582",
    "shop": "Woolworths",
    "weight": "1KG",
    "prices": [
      {
        "state": "VIC",
        "price": "550",
        "price_per_unit": "4583",
        "price_unit": "KG"
      },
      {
        "state": "QLD",
        "price": "550",
        "price_per_unit": "4583",
        "price_unit": "KG"
      },
      {
        "state": "WA",
        "price": "550",
        "price_per_unit": "4583",
        "price_unit": "KG"
      },
      {
        "state": "SA",
        "price": "550",
        "price_per_unit": "4583",
        "price_unit": "KG"
      },
      {
        "state": "TAS",
        "price": "550",
        "price_per_unit": "4583",
        "price_unit": "KG"
      },
      {
        "state": "ACT",
        "price": "450",
        "price_per_unit": "3750",
        "price_unit": "KG"
      },
      {
        "state": "NT",
        "price": "450",
        "price_per_unit": "3750",
        "price_unit": "KG"
      }
    ]
  },
  {
    "source_url": "https://www.woolworths.com.au/shop/productdetails/143977/lucky-toasted-sliced-almonds",
    "name": "Lucky Toasted Sliced Almonds 110g",
    "image_url": "https://cdn1.woolworths.media/content/wowproductimages/large/143977.jpg",
    "source_id": "Woolworths - 143977",
    "barcode": "9310064100136",
    "shop": "Woolworths",
    "weight": "1KG",
    "prices": [
      {
        "state": "VIC",
        "price": "550",
        "price_per_unit": "5000",
        "price_unit": "KG"
      },
      {
        "state": "QLD",
        "price": "550",
        "price_per_unit": "5000",
        "price_unit": "KG"
      },
      {
        "state": "WA",
        "price": "550",
        "price_per_unit": "5000",
        "price_unit": "KG"
      },
      {
        "state": "SA",
        "price": "550",
        "price_per_unit": "5000",
        "price_unit": "KG"
      },
      {
        "state": "TAS",
        "price": "550",
        "price_per_unit": "5000",
        "price_unit": "KG"
      },
      {
        "state": "ACT",
        "price": "450",
        "price_per_unit": "4091",
        "price_unit": "KG"
      },
      {
        "state": "NT",
        "price": "450",
        "price_per_unit": "4091",
        "price_unit": "KG"
      }
    ]
  },
  {
    "source_url": "https://www.woolworths.com.au/shop/productdetails/143699/lucky-toasted-slivered-almonds",
    "name": "Lucky Toasted Slivered Almonds 110g",
    "image_url": "https://cdn1.woolworths.media/content/wowproductimages/large/143699.jpg",
    "source_id": "Woolworths - 143699",
    "barcode": "9310064100143",
    "shop": "Woolworths",
    "weight": "1KG",
    "prices": [
      {
        "state": "VIC",
        "price": "550",
        "price_per_unit": "5000",
        "price_unit": "KG"
      },
      {
        "state": "QLD",
        "price": "550",
        "price_per_unit": "5000",
        "price_unit": "KG"
      },
      {
        "state": "WA",
        "price": "550",
        "price_per_unit": "5000",
        "price_unit": "KG"
      },
      {
        "state": "SA",
        "price": "550",
        "price_per_unit": "5000",
        "price_unit": "KG"
      },
      {
        "state": "TAS",
        "price": "550",
        "price_per_unit": "5000",
        "price_unit": "KG"
      },
      {
        "state": "ACT",
        "price": "450",
        "price_per_unit": "4091",
        "price_unit": "KG"
      },
      {
        "state": "NT",
        "price": "450",
        "price_per_unit": "4091",
        "price_unit": "KG"
      }
    ]
  },
  {
    "source_url": "https://www.woolworths.com.au/shop/productdetails/291167/macro-australian-pecans",
    "name": "Macro Australian Pecans 250g",
    "image_url": "https://cdn1.woolworths.media/content/wowproductimages/large/291167.jpg",
    "source_id": "Woolworths - 291167",
    "barcode": "9300633979522",
    "shop": "Woolworths",
    "weight": "1KG",
    "prices": [
      {
        "state": "VIC",
        "price": "1000",
        "price_per_unit": "4000",
        "price_unit": "KG"
      },
      {
        "state": "QLD",
        "price": "1000",
        "price_per_unit": "4000",
        "price_unit": "KG"
      },
      {
        "state": "WA",
        "price": "1000",
        "price_per_unit": "4000",
        "price_unit": "KG"
      },
      {
        "state": "SA",
        "price": "1000",
        "price_per_unit": "4000",
        "price_unit": "KG"
      },
      {
        "state": "TAS",
        "price": "1000",
        "price_per_unit": "4000",
        "price_unit": "KG"
      },
      {
        "state": "ACT",
        "price": "1000",
        "price_per_unit": "4000",
        "price_unit": "KG"
      },
      {
        "state": "NT",
        "price": "1000",
        "price_per_unit": "4000",
        "price_unit": "KG"
      },
      {
        "state": "TAS",
        "price": "1000",
        "price_per_unit": "4000",
        "price_unit": "KG"
      },
      {
        "state": "ACT",
        "price": "1000",
        "price_per_unit": "4000",
        "price_unit": "KG"
      },
      {
        "state": "NT",
        "price": "1000",
        "price_per_unit": "4000",
        "price_unit": "KG"
      }
    ]
  },
  {
    "source_url": "https://www.woolworths.com.au/shop/productdetails/188938/macro-australian-walnuts",
    "name": "Macro Australian Walnuts 250g",
    "image_url": "https://cdn1.woolworths.media/content/wowproductimages/large/188938.jpg",
    "source_id": "Woolworths - 188938",
    "barcode": "9339687280889",
    "shop": "Woolworths",
    "weight": "1KG",
    "prices": [
      {
        "state": "VIC",
        "price": "800",
        "price_per_unit": "3200",
        "price_unit": "KG"
      },
      {
        "state": "QLD",
        "price": "800",
        "price_per_unit": "3200",
        "price_unit": "KG"
      },
      {
        "state": "WA",
        "price": "800",
        "price_per_unit": "3200",
        "price_unit": "KG"
      },
      {
        "state": "SA",
        "price": "800",
        "price_per_unit": "3200",
        "price_unit": "KG"
      },
      {
        "state": "TAS",
        "price": "800",
        "price_per_unit": "3200",
        "price_unit": "KG"
      },
      {
        "state": "ACT",
        "price": "800",
        "price_per_unit": "3200",
        "price_unit": "KG"
      },
      {
        "state": "NT",
        "price": "800",
        "price_per_unit": "3200",
        "price_unit": "KG"
      }
    ]
  },
  {
    "source_url": "https://www.woolworths.com.au/shop/productdetails/291156/macro-brazil-nuts",
    "name": "Macro Brazil Nuts 250g",
    "image_url": "https://cdn1.woolworths.media/content/wowproductimages/large/291156.jpg",
    "source_id": "Woolworths - 291156",
    "barcode": "9300633979409",
    "shop": "Woolworths",
    "weight": "1KG",
    "prices": [
      {
        "state": "VIC",
        "price": "750",
        "price_per_unit": "3000",
        "price_unit": "KG"
      },
      {
        "state": "QLD",
        "price": "750",
        "price_per_unit": "3000",
        "price_unit": "KG"
      },
      {
        "state": "WA",
        "price": "750",
        "price_per_unit": "3000",
        "price_unit": "KG"
      },
      {
        "state": "SA",
        "price": "750",
        "price_per_unit": "3000",
        "price_unit": "KG"
      },
      {
        "state": "TAS",
        "price": "750",
        "price_per_unit": "3000",
        "price_unit": "KG"
      },
      {
        "state": "ACT",
        "price": "750",
        "price_per_unit": "3000",
        "price_unit": "KG"
      },
      {
        "state": "NT",
        "price": "750",
        "price_per_unit": "3000",
        "price_unit": "KG"
      },
      {
        "state": "TAS",
        "price": "750",
        "price_per_unit": "3000",
        "price_unit": "KG"
      },
      {
        "state": "ACT",
        "price": "750",
        "price_per_unit": "3000",
        "price_unit": "KG"
      },
      {
        "state": "NT",
        "price": "950",
        "price_per_unit": "3800",
        "price_unit": "KG"
      }
    ]
  },
  {
    "source_url": "https://www.woolworths.com.au/shop/productdetails/231812/macro-cashew-kernels",
    "name": "Macro Cashew Kernels 250g",
    "image_url": "https://cdn1.woolworths.media/content/wowproductimages/large/231812.jpg",
    "source_id": "Woolworths - 231812",
    "barcode": "9300633914134",
    "shop": "Woolworths",
    "weight": "1KG",
    "prices": [
      {
        "state": "VIC",
        "price": "630",
        "price_per_unit": "2520",
        "price_unit": "KG"
      },
      {
        "state": "QLD",
        "price": "630",
        "price_per_unit": "2520",
        "price_unit": "KG"
      },
      {
        "state": "WA",
        "price": "630",
        "price_per_unit": "2520",
        "price_unit": "KG"
      },
      {
        "state": "SA",
        "price": "630",
        "price_per_unit": "2520",
        "price_unit": "KG"
      },
      {
        "state": "TAS",
        "price": "630",
        "price_per_unit": "2520",
        "price_unit": "KG"
      },
      {
        "state": "ACT",
        "price": "630",
        "price_per_unit": "2520",
        "price_unit": "KG"
      },
      {
        "state": "NT",
        "price": "630",
        "price_per_unit": "2520",
        "price_unit": "KG"
      },
      {
        "state": "TAS",
        "price": "630",
        "price_per_unit": "2520",
        "price_unit": "KG"
      },
      {
        "state": "ACT",
        "price": "630",
        "price_per_unit": "2520",
        "price_unit": "KG"
      },
      {
        "state": "NT",
        "price": "630",
        "price_per_unit": "2520",
        "price_unit": "KG"
      }
    ]
  },
  {
    "source_url": "https://www.woolworths.com.au/shop/productdetails/334868/macro-dry-roasted-cashews-nuts",
    "name": "Macro Dry Roasted Cashews Nuts 250g",
    "image_url": "https://cdn1.woolworths.media/content/wowproductimages/large/334868.jpg",
    "source_id": "Woolworths - 334868",
    "barcode": "9300633202781",
    "shop": "Woolworths",
    "weight": "1KG",
    "prices": [
      {
        "state": "VIC",
        "price": "800",
        "price_per_unit": "3200",
        "price_unit": "KG"
      },
      {
        "state": "QLD",
        "price": "800",
        "price_per_unit": "3200",
        "price_unit": "KG"
      },
      {
        "state": "WA",
        "price": "800",
        "price_per_unit": "3200",
        "price_unit": "KG"
      },
      {
        "state": "SA",
        "price": "800",
        "price_per_unit": "3200",
        "price_unit": "KG"
      },
      {
        "state": "TAS",
        "price": "800",
        "price_per_unit": "3200",
        "price_unit": "KG"
      },
      {
        "state": "ACT",
        "price": "800",
        "price_per_unit": "3200",
        "price_unit": "KG"
      },
      {
        "state": "NT",
        "price": "800",
        "price_per_unit": "3200",
        "price_unit": "KG"
      },
      {
        "state": "TAS",
        "price": "800",
        "price_per_unit": "3200",
        "price_unit": "KG"
      },
      {
        "state": "ACT",
        "price": "800",
        "price_per_unit": "3200",
        "price_unit": "KG"
      },
      {
        "state": "NT",
        "price": "800",
        "price_per_unit": "3200",
        "price_unit": "KG"
      }
    ]
  },
  {
    "source_url": "https://www.woolworths.com.au/shop/productdetails/231808/macro-macadamia-kernels",
    "name": "Macro Macadamia Kernels 225g",
    "image_url": "https://cdn1.woolworths.media/content/wowproductimages/large/231808.jpg",
    "source_id": "Woolworths - 231808",
    "barcode": "9300633914103",
    "shop": "Woolworths",
    "weight": "1KG",
    "prices": [
      {
        "state": "VIC",
        "price": "1200",
        "price_per_unit": "5333",
        "price_unit": "KG"
      },
      {
        "state": "QLD",
        "price": "1200",
        "price_per_unit": "5333",
        "price_unit": "KG"
      },
      {
        "state": "WA",
        "price": "1200",
        "price_per_unit": "5333",
        "price_unit": "KG"
      },
      {
        "state": "SA",
        "price": "1200",
        "price_per_unit": "5333",
        "price_unit": "KG"
      },
      {
        "state": "TAS",
        "price": "1200",
        "price_per_unit": "5333",
        "price_unit": "KG"
      },
      {
        "state": "NT",
        "price": "1200",
        "price_per_unit": "5333",
        "price_unit": "KG"
      },
      {
        "state": "TAS",
        "price": "1200",
        "price_per_unit": "5333",
        "price_unit": "KG"
      },
      null,
      {
        "state": "NT",
        "price": "1200",
        "price_per_unit": "5333",
        "price_unit": "KG"
      }
    ]
  },
  {
    "source_url": "https://www.woolworths.com.au/shop/productdetails/235127/macro-natural-almond-kernels",
    "name": "Macro Natural Almond Kernels 250g",
    "image_url": "https://cdn1.woolworths.media/content/wowproductimages/large/235127.jpg",
    "source_id": "Woolworths - 235127",
    "barcode": "9300633919276",
    "shop": "Woolworths",
    "weight": "1KG",
    "prices": [
      {
        "state": "VIC",
        "price": "700",
        "price_per_unit": "2800",
        "price_unit": "KG"
      },
      {
        "state": "QLD",
        "price": "700",
        "price_per_unit": "2800",
        "price_unit": "KG"
      },
      {
        "state": "WA",
        "price": "700",
        "price_per_unit": "2800",
        "price_unit": "KG"
      },
      {
        "state": "SA",
        "price": "700",
        "price_per_unit": "2800",
        "price_unit": "KG"
      },
      {
        "state": "TAS",
        "price": "700",
        "price_per_unit": "2800",
        "price_unit": "KG"
      },
      {
        "state": "ACT",
        "price": "700",
        "price_per_unit": "2800",
        "price_unit": "KG"
      },
      {
        "state": "NT",
        "price": "700",
        "price_per_unit": "2800",
        "price_unit": "KG"
      },
      {
        "state": "TAS",
        "price": "700",
        "price_per_unit": "2800",
        "price_unit": "KG"
      },
      {
        "state": "ACT",
        "price": "700",
        "price_per_unit": "2800",
        "price_unit": "KG"
      },
      {
        "state": "NT",
        "price": "700",
        "price_per_unit": "2800",
        "price_unit": "KG"
      }
    ]
  },
  {
    "source_url": "https://www.woolworths.com.au/shop/productdetails/91124/macro-natural-pine-nuts",
    "name": "Macro Natural Pine Nuts 150g",
    "image_url": "https://cdn1.woolworths.media/content/wowproductimages/large/091124.jpg",
    "source_id": "Woolworths - 91124",
    "barcode": "9339687170029",
    "shop": "Woolworths",
    "weight": "1KG",
    "prices": [
      {
        "state": "VIC",
        "price": "1150",
        "price_per_unit": "7667",
        "price_unit": "KG"
      },
      {
        "state": "QLD",
        "price": "1150",
        "price_per_unit": "7667",
        "price_unit": "KG"
      },
      {
        "state": "WA",
        "price": "1150",
        "price_per_unit": "7667",
        "price_unit": "KG"
      },
      {
        "state": "SA",
        "price": "1150",
        "price_per_unit": "7667",
        "price_unit": "KG"
      },
      {
        "state": "TAS",
        "price": "1150",
        "price_per_unit": "7667",
        "price_unit": "KG"
      },
      {
        "state": "ACT",
        "price": "1150",
        "price_per_unit": "7667",
        "price_unit": "KG"
      },
      {
        "state": "NT",
        "price": "1050",
        "price_per_unit": "7000",
        "price_unit": "KG"
      }
    ]
  },
  {
    "source_url": "https://www.woolworths.com.au/shop/productdetails/89757/macro-natural-seed-mix-with-pine-nuts",
    "name": "Macro Natural Seed Mix With Pine Nuts 250g",
    "image_url": "https://cdn1.woolworths.media/content/wowproductimages/large/089757.jpg",
    "source_id": "Woolworths - 89757",
    "barcode": "9339687168729",
    "shop": "Woolworths",
    "weight": "1KG",
    "prices": [
      {
        "state": "VIC",
        "price": "550",
        "price_per_unit": "2200",
        "price_unit": "KG"
      },
      {
        "state": "QLD",
        "price": "550",
        "price_per_unit": "2200",
        "price_unit": "KG"
      },
      {
        "state": "WA",
        "price": "550",
        "price_per_unit": "2200",
        "price_unit": "KG"
      },
      {
        "state": "SA",
        "price": "550",
        "price_per_unit": "2200",
        "price_unit": "KG"
      },
      {
        "state": "TAS",
        "price": "550",
        "price_per_unit": "2200",
        "price_unit": "KG"
      },
      {
        "state": "ACT",
        "price": "550",
        "price_per_unit": "2200",
        "price_unit": "KG"
      },
      {
        "state": "NT",
        "price": "550",
        "price_per_unit": "2200",
        "price_unit": "KG"
      }
    ]
  },
  {
    "source_url": "https://www.woolworths.com.au/shop/productdetails/334865/macro-organic-natural-cashews",
    "name": "Macro Organic Natural Cashews 250g",
    "image_url": "https://cdn1.woolworths.media/content/wowproductimages/large/334865.jpg",
    "source_id": "Woolworths - 334865",
    "barcode": "9300633202750",
    "shop": "Woolworths",
    "weight": "1KG",
    "prices": [
      {
        "state": "VIC",
        "price": "780",
        "price_per_unit": "3120",
        "price_unit": "KG"
      },
      {
        "state": "QLD",
        "price": "780",
        "price_per_unit": "3120",
        "price_unit": "KG"
      },
      {
        "state": "WA",
        "price": "780",
        "price_per_unit": "3120",
        "price_unit": "KG"
      },
      {
        "state": "SA",
        "price": "780",
        "price_per_unit": "3120",
        "price_unit": "KG"
      },
      {
        "state": "TAS",
        "price": "780",
        "price_per_unit": "3120",
        "price_unit": "KG"
      },
      {
        "state": "ACT",
        "price": "780",
        "price_per_unit": "3120",
        "price_unit": "KG"
      },
      {
        "state": "NT",
        "price": "780",
        "price_per_unit": "3120",
        "price_unit": "KG"
      }
    ]
  },
  {
    "source_url": "https://www.woolworths.com.au/shop/productdetails/335088/macro-organic-shredded-coconut",
    "name": "Macro Organic Shredded Coconut 200g",
    "image_url": "https://cdn1.woolworths.media/content/wowproductimages/large/335088.jpg",
    "source_id": "Woolworths - 335088",
    "barcode": "9339687345083",
    "shop": "Woolworths",
    "weight": "1KG",
    "prices": [
      {
        "state": "VIC",
        "price": "490",
        "price_per_unit": "2450",
        "price_unit": "KG"
      },
      {
        "state": "QLD",
        "price": "490",
        "price_per_unit": "2450",
        "price_unit": "KG"
      },
      {
        "state": "WA",
        "price": "490",
        "price_per_unit": "2450",
        "price_unit": "KG"
      },
      {
        "state": "SA",
        "price": "490",
        "price_per_unit": "2450",
        "price_unit": "KG"
      },
      {
        "state": "TAS",
        "price": "490",
        "price_per_unit": "2450",
        "price_unit": "KG"
      },
      {
        "state": "ACT",
        "price": "490",
        "price_per_unit": "2450",
        "price_unit": "KG"
      },
      {
        "state": "NT",
        "price": "490",
        "price_per_unit": "2450",
        "price_unit": "KG"
      }
    ]
  },
  {
    "source_url": "https://www.woolworths.com.au/shop/productdetails/782242/mckenzie-s-coconut-shredded-loose",
    "name": "McKenzie's Coconut Shredded Loose 215g",
    "image_url": "https://cdn1.woolworths.media/content/wowproductimages/large/782242.jpg",
    "source_id": "Woolworths - 782242",
    "barcode": "9310061122674",
    "shop": "Woolworths",
    "weight": "1KG",
    "prices": [
      {
        "state": "VIC",
        "price": "285",
        "price_per_unit": "1326",
        "price_unit": "KG"
      },
      {
        "state": "QLD",
        "price": "285",
        "price_per_unit": "1326",
        "price_unit": "KG"
      },
      {
        "state": "WA",
        "price": "285",
        "price_per_unit": "1326",
        "price_unit": "KG"
      },
      {
        "state": "SA",
        "price": "285",
        "price_per_unit": "1326",
        "price_unit": "KG"
      },
      {
        "state": "TAS",
        "price": "285",
        "price_per_unit": "1326",
        "price_unit": "KG"
      },
      {
        "state": "ACT",
        "price": "285",
        "price_per_unit": "1326",
        "price_unit": "KG"
      },
      {
        "state": "NT",
        "price": "285",
        "price_per_unit": "1326",
        "price_unit": "KG"
      }
    ]
  },
  {
    "source_url": "https://www.woolworths.com.au/shop/productdetails/246693/mckenzie-s-crushed-mixed-nuts",
    "name": "McKenzie's Crushed Mixed Nuts 120g",
    "image_url": "https://cdn1.woolworths.media/content/wowproductimages/large/246693.jpg",
    "source_id": "Woolworths - 246693",
    "barcode": "9310061124852",
    "shop": "Woolworths",
    "weight": "1KG",
    "prices": [
      {
        "state": "VIC",
        "price": "320",
        "price_per_unit": "2667",
        "price_unit": "KG"
      },
      {
        "state": "QLD",
        "price": "320",
        "price_per_unit": "2667",
        "price_unit": "KG"
      },
      {
        "state": "WA",
        "price": "320",
        "price_per_unit": "2667",
        "price_unit": "KG"
      },
      {
        "state": "SA",
        "price": "320",
        "price_per_unit": "2667",
        "price_unit": "KG"
      },
      {
        "state": "TAS",
        "price": "320",
        "price_per_unit": "2667",
        "price_unit": "KG"
      },
      {
        "state": "ACT",
        "price": "320",
        "price_per_unit": "2667",
        "price_unit": "KG"
      },
      {
        "state": "NT",
        "price": "320",
        "price_per_unit": "2667",
        "price_unit": "KG"
      }
    ]
  },
  {
    "source_url": "https://www.woolworths.com.au/shop/productdetails/329399/riverside-pecan-halves",
    "name": "Riverside Pecan Halves 180g",
    "image_url": "https://cdn1.woolworths.media/content/wowproductimages/large/329399.jpg",
    "source_id": "Woolworths - 329399",
    "barcode": "9310752081808",
    "shop": "Woolworths",
    "weight": "1KG",
    "prices": [
      {
        "state": "VIC",
        "price": "595",
        "price_per_unit": "3306",
        "price_unit": "KG"
      },
      {
        "state": "QLD",
        "price": "595",
        "price_per_unit": "3306",
        "price_unit": "KG"
      },
      {
        "state": "WA",
        "price": "595",
        "price_per_unit": "3306",
        "price_unit": "KG"
      },
      {
        "state": "SA",
        "price": "595",
        "price_per_unit": "3306",
        "price_unit": "KG"
      },
      {
        "state": "TAS",
        "price": "595",
        "price_per_unit": "3306",
        "price_unit": "KG"
      },
      {
        "state": "ACT",
        "price": "595",
        "price_per_unit": "3306",
        "price_unit": "KG"
      },
      {
        "state": "NT",
        "price": "625",
        "price_per_unit": "3472",
        "price_unit": "KG"
      }
    ]
  },
  {
    "source_url": "https://www.woolworths.com.au/shop/productdetails/726281/woolworths-almond-meal",
    "name": "Woolworths Almond Meal 150g",
    "image_url": "https://cdn1.woolworths.media/content/wowproductimages/large/726281.jpg",
    "source_id": "Woolworths - 726281",
    "barcode": "9300633308179",
    "shop": "Woolworths",
    "weight": "1KG",
    "prices": [
      {
        "state": "VIC",
        "price": "400",
        "price_per_unit": "2667",
        "price_unit": "KG"
      },
      {
        "state": "QLD",
        "price": "400",
        "price_per_unit": "2667",
        "price_unit": "KG"
      },
      {
        "state": "WA",
        "price": "400",
        "price_per_unit": "2667",
        "price_unit": "KG"
      },
      {
        "state": "TAS",
        "price": "400",
        "price_per_unit": "2667",
        "price_unit": "KG"
      },
      {
        "state": "ACT",
        "price": "400",
        "price_per_unit": "2667",
        "price_unit": "KG"
      },
      {
        "state": "NT",
        "price": "400",
        "price_per_unit": "2667",
        "price_unit": "KG"
      }
    ]
  },
  {
    "source_url": "https://www.woolworths.com.au/shop/productdetails/726259/woolworths-almonds-blanched",
    "name": "Woolworths Almonds Blanched 120g",
    "image_url": "https://cdn1.woolworths.media/content/wowproductimages/large/726259.jpg",
    "source_id": "Woolworths - 726259",
    "barcode": "9300633308155",
    "shop": "Woolworths",
    "weight": "1KG",
    "prices": [
      {
        "state": "VIC",
        "price": "240",
        "price_per_unit": "2000",
        "price_unit": "KG"
      },
      {
        "state": "QLD",
        "price": "240",
        "price_per_unit": "2000",
        "price_unit": "KG"
      },
      {
        "state": "WA",
        "price": "240",
        "price_per_unit": "2000",
        "price_unit": "KG"
      },
      {
        "state": "TAS",
        "price": "240",
        "price_per_unit": "2000",
        "price_unit": "KG"
      },
      {
        "state": "ACT",
        "price": "240",
        "price_per_unit": "2000",
        "price_unit": "KG"
      },
      {
        "state": "NT",
        "price": "240",
        "price_per_unit": "2000",
        "price_unit": "KG"
      }
    ]
  },
  {
    "source_url": "https://www.woolworths.com.au/shop/productdetails/727598/woolworths-cashews-dry-roasted",
    "name": "Woolworths Cashews Dry Roasted 150g",
    "image_url": "https://cdn1.woolworths.media/content/wowproductimages/large/727598.jpg",
    "source_id": "Woolworths - 727598",
    "barcode": "9300633319281",
    "shop": "Woolworths",
    "weight": "1KG",
    "prices": [
      {
        "state": "VIC",
        "price": "500",
        "price_per_unit": "3333",
        "price_unit": "KG"
      },
      {
        "state": "QLD",
        "price": "500",
        "price_per_unit": "3333",
        "price_unit": "KG"
      },
      {
        "state": "WA",
        "price": "500",
        "price_per_unit": "3333",
        "price_unit": "KG"
      },
      {
        "state": "TAS",
        "price": "500",
        "price_per_unit": "3333",
        "price_unit": "KG"
      },
      {
        "state": "ACT",
        "price": "500",
        "price_per_unit": "3333",
        "price_unit": "KG"
      },
      {
        "state": "NT",
        "price": "500",
        "price_per_unit": "3333",
        "price_unit": "KG"
      }
    ]
  },
  {
    "source_url": "https://www.woolworths.com.au/shop/productdetails/726353/woolworths-hazelnuts",
    "name": "Woolworths Hazelnuts 150g",
    "image_url": "https://cdn1.woolworths.media/content/wowproductimages/large/726353.jpg",
    "source_id": "Woolworths - 726353",
    "barcode": "9300633308223",
    "shop": "Woolworths",
    "weight": "1KG",
    "prices": [
      {
        "state": "VIC",
        "price": "450",
        "price_per_unit": "3000",
        "price_unit": "KG"
      },
      {
        "state": "TAS",
        "price": "450",
        "price_per_unit": "3000",
        "price_unit": "KG"
      },
      {
        "state": "ACT",
        "price": "450",
        "price_per_unit": "3000",
        "price_unit": "KG"
      },
      {
        "state": "NT",
        "price": "450",
        "price_per_unit": "3000",
        "price_unit": "KG"
      }
    ]
  },
  {
    "source_url": "https://www.woolworths.com.au/shop/productdetails/147616/woolworths-roasted-diced-cashews",
    "name": "Woolworths Roasted & Diced Cashews 200g",
    "image_url": "https://cdn1.woolworths.media/content/wowproductimages/large/147616.jpg",
    "source_id": "Woolworths - 147616",
    "barcode": "9339687241019",
    "shop": "Woolworths",
    "weight": "1KG",
    "prices": [
      {
        "state": "VIC",
        "price": "500",
        "price_per_unit": "2500",
        "price_unit": "KG"
      },
      {
        "state": "TAS",
        "price": "500",
        "price_per_unit": "2500",
        "price_unit": "KG"
      },
      {
        "state": "NT",
        "price": "525",
        "price_per_unit": "2625",
        "price_unit": "KG"
      }
    ]
  },
  {
    "source_url": "https://www.woolworths.com.au/shop/productdetails/89758/woolworths-walnuts-pieces",
    "name": "Woolworths Walnuts Pieces 250g",
    "image_url": "https://cdn1.woolworths.media/content/wowproductimages/large/089758.jpg",
    "source_id": "Woolworths - 89758",
    "barcode": "9339687168736",
    "shop": "Woolworths",
    "weight": "1KG",
    "prices": [
      {
        "state": "VIC",
        "price": "630",
        "price_per_unit": "2520",
        "price_unit": "KG"
      },
      {
        "state": "TAS",
        "price": "630",
        "price_per_unit": "2520",
        "price_unit": "KG"
      },
      {
        "state": "NT",
        "price": "660",
        "price_per_unit": "2640",
        "price_unit": "KG"
      }
    ]
  }
]