[
  {
    "source_url": "https://www.woolworths.com.au/shop/productdetails/761509/continental-classics-creamy-pasta-sauce-bacon-carbonara-family-pack",
    "name": "Continental Classics Creamy Pasta Sauce Bacon Carbonara Family Pack 145g",
    "image_url": "https://cdn1.woolworths.media/content/wowproductimages/large/761509.jpg",
    "source_id": "Woolworths - 761509",
    "barcode": "9300830018390",
    "shop": "Woolworths",
    "weight": "100G",
    "prices": [
      {
        "state": "NSW",
        "price": "380",
        "price_per_unit": "262",
        "price_unit": "G"
      },
      {
        "state": "VIC",
        "price": "380",
        "price_per_unit": "262",
        "price_unit": "G"
      },
      {
        "state": "QLD",
        "price": "380",
        "price_per_unit": "262",
        "price_unit": "G"
      },
      {
        "state": "WA",
        "price": "380",
        "price_per_unit": "262",
        "price_unit": "G"
      },
      {
        "state": "SA",
        "price": "380",
        "price_per_unit": "262",
        "price_unit": "G"
      },
      {
        "state": "TAS",
        "price": "380",
        "price_per_unit": "262",
        "price_unit": "G"
      },
      {
        "state": "ACT",
        "price": "380",
        "price_per_unit": "262",
        "price_unit": "G"
      },
      {
        "state": "NT",
        "price": "400",
        "price_per_unit": "276",
        "price_unit": "G"
      }
    ]
  },
  {
    "source_url": "https://www.woolworths.com.au/shop/productdetails/230945/continental-classics-pasta-sauce-alfredo-alfredo-serves-2",
    "name": "Continental Classics Pasta & Sauce Alfredo 85 g",
    "image_url": "https://cdn1.woolworths.media/content/wowproductimages/large/230945.jpg",
    "source_id": "Woolworths - 230945",
    "barcode": "9300667035089",
    "shop": "Woolworths",
    "weight": "100G",
    "prices": [
      {
        "state": "NSW",
        "price": "300",
        "price_per_unit": "353",
        "price_unit": "G"
      },
      {
        "state": "VIC",
        "price": "300",
        "price_per_unit": "353",
        "price_unit": "G"
      },
      {
        "state": "QLD",
        "price": "300",
        "price_per_unit": "353",
        "price_unit": "G"
      },
      {
        "state": "WA",
        "price": "300",
        "price_per_unit": "353",
        "price_unit": "G"
      },
      {
        "state": "SA",
        "price": "300",
        "price_per_unit": "353",
        "price_unit": "G"
      },
      {
        "state": "TAS",
        "price": "300",
        "price_per_unit": "353",
        "price_unit": "G"
      },
      {
        "state": "ACT",
        "price": "300",
        "price_per_unit": "353",
        "price_unit": "G"
      },
      {
        "state": "NT",
        "price": "315",
        "price_per_unit": "371",
        "price_unit": "G"
      }
    ]
  },
  {
    "source_url": "https://www.woolworths.com.au/shop/productdetails/761526/continental-classics-pasta-sauce-alfredo-family-pack",
    "name": "Continental Classics Pasta & Sauce Alfredo Family Pack 145g",
    "image_url": "https://cdn1.woolworths.media/content/wowproductimages/large/761526.jpg",
    "source_id": "Woolworths - 761526",
    "barcode": "9300830018406",
    "shop": "Woolworths",
    "weight": "100G",
    "prices": [
      {
        "state": "NSW",
        "price": "380",
        "price_per_unit": "262",
        "price_unit": "G"
      },
      {
        "state": "VIC",
        "price": "380",
        "price_per_unit": "262",
        "price_unit": "G"
      },
      {
        "state": "QLD",
        "price": "380",
        "price_per_unit": "262",
        "price_unit": "G"
      },
      {
        "state": "WA",
        "price": "380",
        "price_per_unit": "262",
        "price_unit": "G"
      },
      {
        "state": "SA",
        "price": "380",
        "price_per_unit": "262",
        "price_unit": "G"
      },
      {
        "state": "TAS",
        "price": "380",
        "price_per_unit": "262",
        "price_unit": "G"
      },
      {
        "state": "ACT",
        "price": "380",
        "price_per_unit": "262",
        "price_unit": "G"
      },
      {
        "state": "NT",
        "price": "400",
        "price_per_unit": "276",
        "price_unit": "G"
      }
    ]
  },
  {
    "source_url": "https://www.woolworths.com.au/shop/productdetails/230946/continental-classics-pasta-sauce-creamy-bacon-carbonara",
    "name": "Continental Classics Pasta & Sauce Creamy Bacon Carbonara 85g",
    "image_url": "https://cdn1.woolworths.media/content/wowproductimages/large/230946.jpg",
    "source_id": "Woolworths - 230946",
    "barcode": "9300667035065",
    "shop": "Woolworths",
    "weight": "100G",
    "prices": [
      {
        "state": "NSW",
        "price": "300",
        "price_per_unit": "353",
        "price_unit": "G"
      },
      {
        "state": "VIC",
        "price": "300",
        "price_per_unit": "353",
        "price_unit": "G"
      },
      {
        "state": "QLD",
        "price": "300",
        "price_per_unit": "353",
        "price_unit": "G"
      },
      {
        "state": "WA",
        "price": "300",
        "price_per_unit": "353",
        "price_unit": "G"
      },
      {
        "state": "SA",
        "price": "300",
        "price_per_unit": "353",
        "price_unit": "G"
      },
      {
        "state": "TAS",
        "price": "300",
        "price_per_unit": "353",
        "price_unit": "G"
      },
      {
        "state": "ACT",
        "price": "300",
        "price_per_unit": "353",
        "price_unit": "G"
      },
      {
        "state": "NT",
        "price": "315",
        "price_per_unit": "371",
        "price_unit": "G"
      }
    ]
  },
  {
    "source_url": "https://www.woolworths.com.au/shop/productdetails/230941/continental-classics-pasta-sauce-macaroni-cheese-serves-2",
    "name": "Continental Classics Pasta & Sauce Macaroni Cheese Serves 2 105 g",
    "image_url": "https://cdn1.woolworths.media/content/wowproductimages/large/230941.jpg",
    "source_id": "Woolworths - 230941",
    "barcode": "9300830018451",
    "shop": "Woolworths",
    "weight": "100G",
    "prices": [
      {
        "state": "NSW",
        "price": "300",
        "price_per_unit": "261",
        "price_unit": "G"
      },
      {
        "state": "VIC",
        "price": "300",
        "price_per_unit": "261",
        "price_unit": "G"
      },
      {
        "state": "QLD",
        "price": "300",
        "price_per_unit": "261",
        "price_unit": "G"
      },
      {
        "state": "WA",
        "price": "300",
        "price_per_unit": "261",
        "price_unit": "G"
      },
      {
        "state": "SA",
        "price": "300",
        "price_per_unit": "261",
        "price_unit": "G"
      },
      {
        "state": "TAS",
        "price": "300",
        "price_per_unit": "261",
        "price_unit": "G"
      },
      {
        "state": "ACT",
        "price": "300",
        "price_per_unit": "261",
        "price_unit": "G"
      },
      {
        "state": "NT",
        "price": "315",
        "price_per_unit": "274",
        "price_unit": "G"
      }
    ]
  },
  {
    "source_url": "https://www.woolworths.com.au/shop/productdetails/107521/continental-snack-pot-cheese-bacon-pasta-serves-1",
    "name": "Continental Snack Pot Cheese & Bacon Pasta Serves 1 70g",
    "image_url": "https://cdn1.woolworths.media/content/wowproductimages/large/107521.jpg",
    "source_id": "Woolworths - 107521",
    "barcode": "9300830059188",
    "shop": "Woolworths",
    "weight": "100G",
    "prices": [
      {
        "state": "NSW",
        "price": "200",
        "price_per_unit": "286",
        "price_unit": "G"
      },
      {
        "state": "VIC",
        "price": "200",
        "price_per_unit": "286",
        "price_unit": "G"
      },
      {
        "state": "QLD",
        "price": "200",
        "price_per_unit": "286",
        "price_unit": "G"
      },
      {
        "state": "WA",
        "price": "200",
        "price_per_unit": "286",
        "price_unit": "G"
      },
      {
        "state": "SA",
        "price": "200",
        "price_per_unit": "286",
        "price_unit": "G"
      },
      {
        "state": "TAS",
        "price": "300",
        "price_per_unit": "429",
        "price_unit": "G"
      },
      {
        "state": "ACT",
        "price": "300",
        "price_per_unit": "429",
        "price_unit": "G"
      },
      {
        "state": "NT",
        "price": "315",
        "price_per_unit": "450",
        "price_unit": "G"
      }
    ]
  },
  {
    "source_url": "https://www.woolworths.com.au/shop/productdetails/333786/continental-vegan-carbonara-pasta-sauce",
    "name": "Continental Vegan Carbonara Pasta & Sauce 85g",
    "image_url": "https://cdn1.woolworths.media/content/wowproductimages/large/333786.jpg",
    "source_id": "Woolworths - 333786",
    "barcode": "9300830081646",
    "shop": "Woolworths",
    "weight": "100G",
    "prices": [
      {
        "state": "NSW",
        "price": "350",
        "price_per_unit": "412",
        "price_unit": "G"
      },
      {
        "state": "SA",
        "price": "350",
        "price_per_unit": "412",
        "price_unit": "G"
      },
      {
        "state": "NT",
        "price": "350",
        "price_per_unit": "412",
        "price_unit": "G"
      }
    ]
  },
  {
    "source_url": "https://www.woolworths.com.au/shop/productdetails/210635/kraft-easy-mac-cheese-macaroni-pasta-classic-cheese-noodles",
    "name": "Kraft Easy Mac & Cheese Macaroni Pasta Classic Cheese Noodles 280g",
    "image_url": "https://cdn1.woolworths.media/content/wowproductimages/large/210635.jpg",
    "source_id": "Woolworths - 210635",
    "barcode": "9300657660338",
    "shop": "Woolworths",
    "weight": "100G",
    "prices": [
      {
        "state": "NSW",
        "price": "510",
        "price_per_unit": "182",
        "price_unit": "G"
      },
      {
        "state": "VIC",
        "price": "510",
        "price_per_unit": "182",
        "price_unit": "G"
      },
      {
        "state": "QLD",
        "price": "510",
        "price_per_unit": "182",
        "price_unit": "G"
      },
      {
        "state": "WA",
        "price": "510",
        "price_per_unit": "182",
        "price_unit": "G"
      },
      {
        "state": "SA",
        "price": "510",
        "price_per_unit": "182",
        "price_unit": "G"
      },
      {
        "state": "TAS",
        "price": "510",
        "price_per_unit": "182",
        "price_unit": "G"
      },
      {
        "state": "ACT",
        "price": "510",
        "price_per_unit": "182",
        "price_unit": "G"
      },
      {
        "state": "ACT",
        "price": "510",
        "price_per_unit": "182",
        "price_unit": "G"
      },
      {
        "state": "NT",
        "price": "510",
        "price_per_unit": "182",
        "price_unit": "G"
      }
    ]
  },
  {
    "source_url": "https://www.woolworths.com.au/shop/productdetails/255147/kraft-easy-mac-cheese-macaroni-pasta-classic-cheese-noodles",
    "name": "Kraft Easy Mac & Cheese Macaroni Pasta Classic Cheese Noodles 560g",
    "image_url": "https://cdn1.woolworths.media/content/wowproductimages/large/255147.jpg",
    "source_id": "Woolworths - 255147",
    "barcode": "9300657660345",
    "shop": "Woolworths",
    "weight": "100G",
    "prices": [
      {
        "state": "NSW",
        "price": "720",
        "price_per_unit": "129",
        "price_unit": "G"
      },
      {
        "state": "VIC",
        "price": "720",
        "price_per_unit": "129",
        "price_unit": "G"
      },
      {
        "state": "QLD",
        "price": "720",
        "price_per_unit": "129",
        "price_unit": "G"
      },
      {
        "state": "WA",
        "price": "720",
        "price_per_unit": "129",
        "price_unit": "G"
      },
      {
        "state": "SA",
        "price": "720",
        "price_per_unit": "129",
        "price_unit": "G"
      },
      {
        "state": "TAS",
        "price": "720",
        "price_per_unit": "129",
        "price_unit": "G"
      },
      {
        "state": "ACT",
        "price": "720",
        "price_per_unit": "129",
        "price_unit": "G"
      },
      {
        "state": "ACT",
        "price": "720",
        "price_per_unit": "129",
        "price_unit": "G"
      },
      {
        "state": "NT",
        "price": "720",
        "price_per_unit": "129",
        "price_unit": "G"
      }
    ]
  },
  {
    "source_url": "https://www.woolworths.com.au/shop/productdetails/260783/kraft-easy-mac-cheese-macaroni-pasta-classic-cheese-noodles",
    "name": "Kraft Easy Mac & Cheese Macaroni Pasta Classic Cheese Noodles 73g",
    "image_url": "https://cdn1.woolworths.media/content/wowproductimages/large/260783.jpg",
    "source_id": "Woolworths - 260783",
    "barcode": "9300657660314",
    "shop": "Woolworths",
    "weight": "100G",
    "prices": [
      {
        "state": "NSW",
        "price": "250",
        "price_per_unit": "342",
        "price_unit": "G"
      },
      {
        "state": "VIC",
        "price": "250",
        "price_per_unit": "342",
        "price_unit": "G"
      },
      {
        "state": "QLD",
        "price": "250",
        "price_per_unit": "342",
        "price_unit": "G"
      },
      {
        "state": "WA",
        "price": "250",
        "price_per_unit": "342",
        "price_unit": "G"
      },
      {
        "state": "SA",
        "price": "250",
        "price_per_unit": "342",
        "price_unit": "G"
      },
      {
        "state": "TAS",
        "price": "250",
        "price_per_unit": "342",
        "price_unit": "G"
      },
      {
        "state": "ACT",
        "price": "250",
        "price_per_unit": "342",
        "price_unit": "G"
      },
      {
        "state": "ACT",
        "price": "250",
        "price_per_unit": "342",
        "price_unit": "G"
      },
      {
        "state": "NT",
        "price": "250",
        "price_per_unit": "342",
        "price_unit": "G"
      }
    ]
  },
  {
    "source_url": "https://www.woolworths.com.au/shop/productdetails/200783/san-remo-la-pasta-alfredo-single-snack",
    "name": "San Remo La Pasta Alfredo Single Snack 80g",
    "image_url": "https://cdn1.woolworths.media/content/wowproductimages/large/200783.jpg",
    "source_id": "Woolworths - 200783",
    "barcode": "9310155512503",
    "shop": "Woolworths",
    "weight": "100G",
    "prices": [
      {
        "state": "NSW",
        "price": "140",
        "price_per_unit": "175",
        "price_unit": "G"
      },
      {
        "state": "VIC",
        "price": "140",
        "price_per_unit": "175",
        "price_unit": "G"
      },
      {
        "state": "QLD",
        "price": "140",
        "price_per_unit": "175",
        "price_unit": "G"
      },
      {
        "state": "WA",
        "price": "140",
        "price_per_unit": "175",
        "price_unit": "G"
      },
      {
        "state": "SA",
        "price": "140",
        "price_per_unit": "175",
        "price_unit": "G"
      },
      {
        "state": "TAS",
        "price": "140",
        "price_per_unit": "175",
        "price_unit": "G"
      },
      {
        "state": "ACT",
        "price": "140",
        "price_per_unit": "175",
        "price_unit": "G"
      },
      {
        "state": "NT",
        "price": "140",
        "price_per_unit": "175",
        "price_unit": "G"
      }
    ]
  },
  {
    "source_url": "https://www.woolworths.com.au/shop/productdetails/200784/san-remo-la-pasta-carbonara-single-snack",
    "name": "San Remo La Pasta Carbonara Single Snack 80g",
    "image_url": "https://cdn1.woolworths.media/content/wowproductimages/large/200784.jpg",
    "source_id": "Woolworths - 200784",
    "barcode": "9310155000833",
    "shop": "Woolworths",
    "weight": "100G",
    "prices": [
      {
        "state": "NSW",
        "price": "140",
        "price_per_unit": "175",
        "price_unit": "G"
      },
      {
        "state": "SA",
        "price": "140",
        "price_per_unit": "175",
        "price_unit": "G"
      },
      {
        "state": "NT",
        "price": "140",
        "price_per_unit": "175",
        "price_unit": "G"
      }
    ]
  },
  {
    "source_url": "https://www.woolworths.com.au/shop/productdetails/96731/san-remo-la-pasta-creamy-bacon-single-snack",
    "name": "San Remo La Pasta Creamy Bacon Single Snack 80g",
    "image_url": "https://cdn1.woolworths.media/content/wowproductimages/large/096731.jpg",
    "source_id": "Woolworths - 96731",
    "barcode": "9310155000888",
    "shop": "Woolworths",
    "weight": "100G",
    "prices": [
      {
        "state": "NSW",
        "price": "140",
        "price_per_unit": "175",
        "price_unit": "G"
      },
      {
        "state": "VIC",
        "price": "140",
        "price_per_unit": "175",
        "price_unit": "G"
      },
      {
        "state": "QLD",
        "price": "140",
        "price_per_unit": "175",
        "price_unit": "G"
      },
      {
        "state": "WA",
        "price": "140",
        "price_per_unit": "175",
        "price_unit": "G"
      },
      {
        "state": "SA",
        "price": "140",
        "price_per_unit": "175",
        "price_unit": "G"
      },
      {
        "state": "TAS",
        "price": "140",
        "price_per_unit": "175",
        "price_unit": "G"
      },
      {
        "state": "ACT",
        "price": "140",
        "price_per_unit": "175",
        "price_unit": "G"
      },
      {
        "state": "NT",
        "price": "140",
        "price_per_unit": "175",
        "price_unit": "G"
      }
    ]
  },
  {
    "source_url": "https://www.woolworths.com.au/shop/productdetails/48645/san-remo-la-pasta-macaroni-cheese-single-snack",
    "name": "San Remo La Pasta Macaroni Cheese Single Snack 80g",
    "image_url": "https://cdn1.woolworths.media/content/wowproductimages/large/048645.jpg",
    "source_id": "Woolworths - 48645",
    "barcode": "9310155939508",
    "shop": "Woolworths",
    "weight": "100G",
    "prices": [
      {
        "state": "NSW",
        "price": "140",
        "price_per_unit": "175",
        "price_unit": "G"
      },
      {
        "state": "VIC",
        "price": "140",
        "price_per_unit": "175",
        "price_unit": "G"
      },
      {
        "state": "QLD",
        "price": "140",
        "price_per_unit": "175",
        "price_unit": "G"
      },
      {
        "state": "WA",
        "price": "140",
        "price_per_unit": "175",
        "price_unit": "G"
      },
      {
        "state": "SA",
        "price": "140",
        "price_per_unit": "175",
        "price_unit": "G"
      },
      {
        "state": "TAS",
        "price": "140",
        "price_per_unit": "175",
        "price_unit": "G"
      },
      {
        "state": "ACT",
        "price": "140",
        "price_per_unit": "175",
        "price_unit": "G"
      },
      {
        "state": "NT",
        "price": "140",
        "price_per_unit": "175",
        "price_unit": "G"
      }
    ]
  },
  {
    "source_url": "https://www.woolworths.com.au/shop/productdetails/913486/well-good-cheesy-vegan-mac-traditional-cheddar-flavour",
    "name": "Well & Good Cheesy Vegan Mac Traditional Cheddar Flavour 110g",
    "image_url": "https://cdn1.woolworths.media/content/wowproductimages/large/913486.jpg",
    "source_id": "Woolworths - 913486",
    "barcode": "9337096100316",
    "shop": "Woolworths",
    "weight": "100G",
    "prices": [
      {
        "state": "NSW",
        "price": "450",
        "price_per_unit": "409",
        "price_unit": "G"
      },
      {
        "state": "VIC",
        "price": "450",
        "price_per_unit": "409",
        "price_unit": "G"
      },
      {
        "state": "QLD",
        "price": "450",
        "price_per_unit": "409",
        "price_unit": "G"
      },
      {
        "state": "WA",
        "price": "450",
        "price_per_unit": "409",
        "price_unit": "G"
      },
      {
        "state": "TAS",
        "price": "450",
        "price_per_unit": "409",
        "price_unit": "G"
      },
      {
        "state": "ACT",
        "price": "450",
        "price_per_unit": "409",
        "price_unit": "G"
      },
      {
        "state": "NT",
        "price": "450",
        "price_per_unit": "409",
        "price_unit": "G"
      }
    ]
  },
  {
    "source_url": "https://www.woolworths.com.au/shop/productdetails/214829/25-degree-south-baby-spinach-fetta-ravioli-pasta",
    "name": "25 Degree South Baby Spinach & Fetta Ravioli Pasta 325g",
    "image_url": "https://cdn1.woolworths.media/content/wowproductimages/large/214829.jpg",
    "source_id": "Woolworths - 214829",
    "barcode": "9312353007607",
    "shop": "Woolworths",
    "weight": "100G",
    "prices": [
      {
        "state": "VIC",
        "price": "900",
        "price_per_unit": "277",
        "price_unit": "G"
      },
      {
        "state": "SA",
        "price": "900",
        "price_per_unit": "277",
        "price_unit": "G"
      }
    ]
  },
  {
    "source_url": "https://www.woolworths.com.au/shop/productdetails/214783/25-degree-south-native-pumpkin-ricotta-ravioli-pasta",
    "name": "25 Degree South Native Pumpkin Ricotta Ravioli Pasta 325g",
    "image_url": "https://cdn1.woolworths.media/content/wowproductimages/large/214783.jpg",
    "source_id": "Woolworths - 214783",
    "barcode": "9312353007515",
    "shop": "Woolworths",
    "weight": "100G",
    "prices": [
      {
        "state": "VIC",
        "price": "900",
        "price_per_unit": "277",
        "price_unit": "G"
      },
      {
        "state": "SA",
        "price": "900",
        "price_per_unit": "277",
        "price_unit": "G"
      }
    ]
  },
  {
    "source_url": "https://www.woolworths.com.au/shop/productdetails/213120/25-degree-south-victorian-three-cheese-ravioli-pasta",
    "name": "25 Degree South Victorian Three Cheese Ravioli Pasta 325g",
    "image_url": "https://cdn1.woolworths.media/content/wowproductimages/large/213120.jpg",
    "source_id": "Woolworths - 213120",
    "barcode": "9312353007539",
    "shop": "Woolworths",
    "weight": "100G",
    "prices": [
      {
        "state": "VIC",
        "price": "900",
        "price_per_unit": "277",
        "price_unit": "G"
      },
      {
        "state": "SA",
        "price": "900",
        "price_per_unit": "277",
        "price_unit": "G"
      }
    ]
  },
  {
    "source_url": "https://www.woolworths.com.au/shop/productdetails/554442/continental-classic-snack-pot-cheesy-tomato-pasta",
    "name": "Continental Classic Snack Pot Cheesy Tomato Pasta 70g",
    "image_url": "https://cdn1.woolworths.media/content/wowproductimages/large/554442.jpg",
    "source_id": "Woolworths - 554442",
    "barcode": "9300830059171",
    "shop": "Woolworths",
    "weight": "100G",
    "prices": [
      {
        "state": "VIC",
        "price": "200",
        "price_per_unit": "286",
        "price_unit": "G"
      },
      {
        "state": "QLD",
        "price": "200",
        "price_per_unit": "286",
        "price_unit": "G"
      },
      {
        "state": "WA",
        "price": "200",
        "price_per_unit": "286",
        "price_unit": "G"
      },
      {
        "state": "ACT",
        "price": "300",
        "price_per_unit": "429",
        "price_unit": "G"
      },
      {
        "state": "NT",
        "price": "315",
        "price_per_unit": "450",
        "price_unit": "G"
      }
    ]
  },
  {
    "source_url": "https://www.woolworths.com.au/shop/productdetails/230942/continental-classics-pasta-sauce-chicken-curry",
    "name": "Continental Classics Pasta & Sauce Chicken Curry 90 g",
    "image_url": "https://cdn1.woolworths.media/content/wowproductimages/large/230942.jpg",
    "source_id": "Woolworths - 230942",
    "barcode": "9300667035034",
    "shop": "Woolworths",
    "weight": "100G",
    "prices": [
      {
        "state": "VIC",
        "price": "300",
        "price_per_unit": "333",
        "price_unit": "G"
      },
      {
        "state": "QLD",
        "price": "300",
        "price_per_unit": "333",
        "price_unit": "G"
      },
      {
        "state": "WA",
        "price": "300",
        "price_per_unit": "333",
        "price_unit": "G"
      },
      {
        "state": "SA",
        "price": "300",
        "price_per_unit": "333",
        "price_unit": "G"
      },
      {
        "state": "TAS",
        "price": "300",
        "price_per_unit": "333",
        "price_unit": "G"
      },
      {
        "state": "ACT",
        "price": "300",
        "price_per_unit": "333",
        "price_unit": "G"
      },
      {
        "state": "NT",
        "price": "315",
        "price_per_unit": "350",
        "price_unit": "G"
      }
    ]
  },
  {
    "source_url": "https://www.woolworths.com.au/shop/productdetails/761555/continental-classics-pasta-sauce-chicken-curry-family-pack",
    "name": "Continental Classics Pasta & Sauce Chicken Curry Family Pack 150g",
    "image_url": "https://cdn1.woolworths.media/content/wowproductimages/large/761555.jpg",
    "source_id": "Woolworths - 761555",
    "barcode": "9300830018420",
    "shop": "Woolworths",
    "weight": "100G",
    "prices": [
      {
        "state": "VIC",
        "price": "380",
        "price_per_unit": "253",
        "price_unit": "G"
      },
      {
        "state": "QLD",
        "price": "380",
        "price_per_unit": "253",
        "price_unit": "G"
      },
      {
        "state": "WA",
        "price": "380",
        "price_per_unit": "253",
        "price_unit": "G"
      },
      {
        "state": "SA",
        "price": "380",
        "price_per_unit": "253",
        "price_unit": "G"
      },
      {
        "state": "TAS",
        "price": "380",
        "price_per_unit": "253",
        "price_unit": "G"
      },
      {
        "state": "ACT",
        "price": "380",
        "price_per_unit": "253",
        "price_unit": "G"
      },
      {
        "state": "NT",
        "price": "400",
        "price_per_unit": "267",
        "price_unit": "G"
      }
    ]
  },
  {
    "source_url": "https://www.woolworths.com.au/shop/productdetails/230975/continental-classics-pasta-sauce-macaroni-cheese-family-pack",
    "name": "Continental Classics Pasta & Sauce Macaroni Cheese Family Pack 170g",
    "image_url": "https://cdn1.woolworths.media/content/wowproductimages/large/230975.jpg",
    "source_id": "Woolworths - 230975",
    "barcode": "9300667035225",
    "shop": "Woolworths",
    "weight": "100G",
    "prices": [
      {
        "state": "VIC",
        "price": "380",
        "price_per_unit": "224",
        "price_unit": "G"
      },
      {
        "state": "QLD",
        "price": "380",
        "price_per_unit": "224",
        "price_unit": "G"
      },
      {
        "state": "WA",
        "price": "380",
        "price_per_unit": "224",
        "price_unit": "G"
      },
      {
        "state": "SA",
        "price": "380",
        "price_per_unit": "224",
        "price_unit": "G"
      },
      {
        "state": "TAS",
        "price": "380",
        "price_per_unit": "224",
        "price_unit": "G"
      },
      {
        "state": "ACT",
        "price": "380",
        "price_per_unit": "224",
        "price_unit": "G"
      },
      null
    ]
  },
  {
    "source_url": "https://www.woolworths.com.au/shop/productdetails/840898/continental-pasta-sensations-creamy-tomato-parmesan-basil-serves-2",
    "name": "Continental Pasta Sensations Creamy Tomato Parmesan & Basil Serves 2 98g",
    "image_url": "https://cdn1.woolworths.media/content/wowproductimages/large/840898.jpg",
    "source_id": "Woolworths - 840898",
    "barcode": "9300830023929",
    "shop": "Woolworths",
    "weight": "100G",
    "prices": [
      {
        "state": "VIC",
        "price": "280",
        "price_per_unit": "286",
        "price_unit": "G"
      },
      {
        "state": "QLD",
        "price": "280",
        "price_per_unit": "286",
        "price_unit": "G"
      },
      {
        "state": "WA",
        "price": "280",
        "price_per_unit": "286",
        "price_unit": "G"
      },
      {
        "state": "SA",
        "price": "280",
        "price_per_unit": "286",
        "price_unit": "G"
      },
      {
        "state": "TAS",
        "price": "280",
        "price_per_unit": "286",
        "price_unit": "G"
      },
      {
        "state": "NT",
        "price": "350",
        "price_per_unit": "357",
        "price_unit": "G"
      }
    ]
  },
  {
    "source_url": "https://www.woolworths.com.au/shop/productdetails/606763/dinner-winner-pasta-beef",
    "name": "Dinner Winner Pasta Beef 153g",
    "image_url": "https://cdn1.woolworths.media/content/wowproductimages/large/606763.jpg",
    "source_id": "Woolworths - 606763",
    "barcode": "9300683504880",
    "shop": "Woolworths",
    "weight": "100G",
    "prices": [
      {
        "state": "VIC",
        "price": "450",
        "price_per_unit": "294",
        "price_unit": "G"
      },
      {
        "state": "QLD",
        "price": "450",
        "price_per_unit": "294",
        "price_unit": "G"
      },
      {
        "state": "WA",
        "price": "450",
        "price_per_unit": "294",
        "price_unit": "G"
      },
      {
        "state": "SA",
        "price": "450",
        "price_per_unit": "294",
        "price_unit": "G"
      },
      {
        "state": "TAS",
        "price": "450",
        "price_per_unit": "294",
        "price_unit": "G"
      },
      {
        "state": "ACT",
        "price": "450",
        "price_per_unit": "294",
        "price_unit": "G"
      },
      {
        "state": "NT",
        "price": "450",
        "price_per_unit": "294",
        "price_unit": "G"
      }
    ]
  },
  {
    "source_url": "https://www.woolworths.com.au/shop/productdetails/232270/kraft-easy-mac-cheese-macaroni-pasta-cheesy-chicken-noodles",
    "name": "Kraft Easy Mac & Cheese Macaroni Pasta Cheesy Chicken Noodles 280g",
    "image_url": "https://cdn1.woolworths.media/content/wowproductimages/large/232270.jpg",
    "source_id": "Woolworths - 232270",
    "barcode": "9300650553910",
    "shop": "Woolworths",
    "weight": "100G",
    "prices": [
      {
        "state": "VIC",
        "price": "510",
        "price_per_unit": "182",
        "price_unit": "G"
      },
      {
        "state": "QLD",
        "price": "510",
        "price_per_unit": "182",
        "price_unit": "G"
      },
      {
        "state": "WA",
        "price": "510",
        "price_per_unit": "182",
        "price_unit": "G"
      },
      {
        "state": "SA",
        "price": "510",
        "price_per_unit": "182",
        "price_unit": "G"
      },
      {
        "state": "TAS",
        "price": "510",
        "price_per_unit": "182",
        "price_unit": "G"
      },
      {
        "state": "ACT",
        "price": "510",
        "price_per_unit": "182",
        "price_unit": "G"
      },
      {
        "state": "ACT",
        "price": "510",
        "price_per_unit": "182",
        "price_unit": "G"
      },
      {
        "state": "NT",
        "price": "510",
        "price_per_unit": "182",
        "price_unit": "G"
      }
    ]
  },
  {
    "source_url": "https://www.woolworths.com.au/shop/productdetails/693152/kraft-mac-cheese-macaroni-pasta-original-noodles",
    "name": "Kraft Mac & Cheese Macaroni Pasta Original Noodles 205g",
    "image_url": "https://cdn1.woolworths.media/content/wowproductimages/large/693152.jpg",
    "source_id": "Woolworths - 693152",
    "barcode": "9300657660352",
    "shop": "Woolworths",
    "weight": "100G",
    "prices": [
      {
        "state": "VIC",
        "price": "350",
        "price_per_unit": "171",
        "price_unit": "G"
      },
      {
        "state": "QLD",
        "price": "350",
        "price_per_unit": "171",
        "price_unit": "G"
      },
      {
        "state": "WA",
        "price": "350",
        "price_per_unit": "171",
        "price_unit": "G"
      },
      {
        "state": "SA",
        "price": "350",
        "price_per_unit": "171",
        "price_unit": "G"
      },
      {
        "state": "TAS",
        "price": "350",
        "price_per_unit": "171",
        "price_unit": "G"
      },
      {
        "state": "ACT",
        "price": "350",
        "price_per_unit": "171",
        "price_unit": "G"
      },
      {
        "state": "ACT",
        "price": "350",
        "price_per_unit": "171",
        "price_unit": "G"
      },
      {
        "state": "NT",
        "price": "350",
        "price_per_unit": "171",
        "price_unit": "G"
      }
    ]
  },
  {
    "source_url": "https://www.woolworths.com.au/shop/productdetails/21128/kraft-mac-cheese-macaroni-pasta-three-cheese-instant-noodles",
    "name": "Kraft Mac & Cheese Macaroni Pasta Three Cheese Instant Noodles 205g",
    "image_url": "https://cdn1.woolworths.media/content/wowproductimages/large/021128.jpg",
    "source_id": "Woolworths - 21128",
    "barcode": "9300657660925",
    "shop": "Woolworths",
    "weight": "100G",
    "prices": [
      {
        "state": "VIC",
        "price": "350",
        "price_per_unit": "171",
        "price_unit": "G"
      },
      {
        "state": "QLD",
        "price": "350",
        "price_per_unit": "171",
        "price_unit": "G"
      },
      {
        "state": "WA",
        "price": "350",
        "price_per_unit": "171",
        "price_unit": "G"
      },
      {
        "state": "SA",
        "price": "350",
        "price_per_unit": "171",
        "price_unit": "G"
      },
      {
        "state": "TAS",
        "price": "350",
        "price_per_unit": "171",
        "price_unit": "G"
      },
      {
        "state": "ACT",
        "price": "350",
        "price_per_unit": "171",
        "price_unit": "G"
      },
      {
        "state": "ACT",
        "price": "350",
        "price_per_unit": "171",
        "price_unit": "G"
      },
      {
        "state": "NT",
        "price": "350",
        "price_per_unit": "171",
        "price_unit": "G"
      }
    ]
  },
  {
    "source_url": "https://www.woolworths.com.au/shop/productdetails/167302/kraft-vegan-mac-cheese-macaroni-pasta-instant-noodles-cheese",
    "name": "Kraft Vegan Mac & Cheese Macaroni Pasta Instant Noodles Cheese 150g",
    "image_url": "https://cdn1.woolworths.media/content/wowproductimages/large/167302.jpg",
    "source_id": "Woolworths - 167302",
    "barcode": "9300657660987",
    "shop": "Woolworths",
    "weight": "100G",
    "prices": [
      {
        "state": "VIC",
        "price": "450",
        "price_per_unit": "300",
        "price_unit": "G"
      },
      {
        "state": "QLD",
        "price": "450",
        "price_per_unit": "300",
        "price_unit": "G"
      },
      {
        "state": "WA",
        "price": "450",
        "price_per_unit": "300",
        "price_unit": "G"
      },
      {
        "state": "SA",
        "price": "450",
        "price_per_unit": "300",
        "price_unit": "G"
      },
      {
        "state": "TAS",
        "price": "450",
        "price_per_unit": "300",
        "price_unit": "G"
      },
      {
        "state": "ACT",
        "price": "450",
        "price_per_unit": "300",
        "price_unit": "G"
      },
      {
        "state": "ACT",
        "price": "450",
        "price_per_unit": "300",
        "price_unit": "G"
      },
      {
        "state": "NT",
        "price": "450",
        "price_per_unit": "300",
        "price_unit": "G"
      }
    ]
  },
  {
    "source_url": "https://www.woolworths.com.au/shop/productdetails/109137/mug-shot-creamy-cheese-pasta",
    "name": "Mug Shot Creamy Cheese Pasta 68g",
    "image_url": "https://cdn1.woolworths.media/content/wowproductimages/large/109137.jpg",
    "source_id": "Woolworths - 109137",
    "barcode": "5050665045576",
    "shop": "Woolworths",
    "weight": "100G",
    "prices": [
      {
        "state": "VIC",
        "price": "130",
        "price_per_unit": "191",
        "price_unit": "G"
      },
      {
        "state": "QLD",
        "price": "130",
        "price_per_unit": "191",
        "price_unit": "G"
      },
      {
        "state": "WA",
        "price": "130",
        "price_per_unit": "191",
        "price_unit": "G"
      },
      {
        "state": "SA",
        "price": "130",
        "price_per_unit": "191",
        "price_unit": "G"
      },
      {
        "state": "TAS",
        "price": "130",
        "price_per_unit": "191",
        "price_unit": "G"
      },
      {
        "state": "ACT",
        "price": "130",
        "price_per_unit": "191",
        "price_unit": "G"
      },
      {
        "state": "NT",
        "price": "130",
        "price_per_unit": "191",
        "price_unit": "G"
      }
    ]
  },
  {
    "source_url": "https://www.woolworths.com.au/shop/productdetails/218913/mug-shot-pasta-roast-chicken-flavour",
    "name": "Mug Shot Pasta Roast Chicken Flavour 55g",
    "image_url": "https://cdn1.woolworths.media/content/wowproductimages/large/218913.jpg",
    "source_id": "Woolworths - 218913",
    "barcode": "5050665047723",
    "shop": "Woolworths",
    "weight": "100G",
    "prices": [
      {
        "state": "VIC",
        "price": "130",
        "price_per_unit": "236",
        "price_unit": "G"
      },
      {
        "state": "QLD",
        "price": "130",
        "price_per_unit": "236",
        "price_unit": "G"
      },
      {
        "state": "WA",
        "price": "130",
        "price_per_unit": "236",
        "price_unit": "G"
      },
      {
        "state": "ACT",
        "price": "130",
        "price_per_unit": "236",
        "price_unit": "G"
      },
      {
        "state": "NT",
        "price": "130",
        "price_per_unit": "236",
        "price_unit": "G"
      }
    ]
  },
  {
    "source_url": "https://www.woolworths.com.au/shop/productdetails/108509/mug-shot-tomato-herb-pasta",
    "name": "Mug Shot Tomato & Herb Pasta 64g",
    "image_url": "https://cdn1.woolworths.media/content/wowproductimages/large/108509.jpg",
    "source_id": "Woolworths - 108509",
    "barcode": "5050665045590",
    "shop": "Woolworths",
    "weight": "100G",
    "prices": [
      {
        "state": "VIC",
        "price": "130",
        "price_per_unit": "203",
        "price_unit": "G"
      },
      {
        "state": "QLD",
        "price": "130",
        "price_per_unit": "203",
        "price_unit": "G"
      },
      {
        "state": "WA",
        "price": "130",
        "price_per_unit": "203",
        "price_unit": "G"
      },
      {
        "state": "SA",
        "price": "130",
        "price_per_unit": "203",
        "price_unit": "G"
      },
      {
        "state": "TAS",
        "price": "130",
        "price_per_unit": "203",
        "price_unit": "G"
      },
      {
        "state": "ACT",
        "price": "130",
        "price_per_unit": "203",
        "price_unit": "G"
      },
      {
        "state": "NT",
        "price": "130",
        "price_per_unit": "203",
        "price_unit": "G"
      }
    ]
  },
  {
    "source_url": "https://www.woolworths.com.au/shop/productdetails/633536/prego-mac-cheese",
    "name": "Prego Mac & Cheese 70g",
    "image_url": "https://cdn1.woolworths.media/content/wowproductimages/large/633536.jpg",
    "source_id": "Woolworths - 633536",
    "barcode": "9300644707008",
    "shop": "Woolworths",
    "weight": "100G",
    "prices": [
      {
        "state": "VIC",
        "price": "220",
        "price_per_unit": "314",
        "price_unit": "G"
      },
      {
        "state": "QLD",
        "price": "220",
        "price_per_unit": "314",
        "price_unit": "G"
      },
      {
        "state": "WA",
        "price": "220",
        "price_per_unit": "314",
        "price_unit": "G"
      },
      {
        "state": "SA",
        "price": "220",
        "price_per_unit": "314",
        "price_unit": "G"
      },
      {
        "state": "TAS",
        "price": "220",
        "price_per_unit": "314",
        "price_unit": "G"
      },
      {
        "state": "ACT",
        "price": "220",
        "price_per_unit": "314",
        "price_unit": "G"
      },
      {
        "state": "NT",
        "price": "230",
        "price_per_unit": "329",
        "price_unit": "G"
      }
    ]
  },
  {
    "source_url": "https://www.woolworths.com.au/shop/productdetails/700692/san-remo-la-pasta-alfredo",
    "name": "San Remo La Pasta Alfredo 160g",
    "image_url": "https://cdn1.woolworths.media/content/wowproductimages/large/700692.jpg",
    "source_id": "Woolworths - 700692",
    "barcode": "9310155001823",
    "shop": "Woolworths",
    "weight": "100G",
    "prices": [
      {
        "state": "VIC",
        "price": "250",
        "price_per_unit": "156",
        "price_unit": "G"
      },
      {
        "state": "QLD",
        "price": "250",
        "price_per_unit": "156",
        "price_unit": "G"
      },
      {
        "state": "WA",
        "price": "250",
        "price_per_unit": "156",
        "price_unit": "G"
      },
      {
        "state": "SA",
        "price": "250",
        "price_per_unit": "156",
        "price_unit": "G"
      },
      {
        "state": "TAS",
        "price": "250",
        "price_per_unit": "156",
        "price_unit": "G"
      },
      {
        "state": "ACT",
        "price": "250",
        "price_per_unit": "156",
        "price_unit": "G"
      },
      {
        "state": "NT",
        "price": "250",
        "price_per_unit": "156",
        "price_unit": "G"
      }
    ]
  },
  {
    "source_url": "https://www.woolworths.com.au/shop/productdetails/700713/san-remo-la-pasta-carbonara",
    "name": "San Remo La Pasta Carbonara 160g",
    "image_url": "https://cdn1.woolworths.media/content/wowproductimages/large/700713.jpg",
    "source_id": "Woolworths - 700713",
    "barcode": "9310155001755",
    "shop": "Woolworths",
    "weight": "100G",
    "prices": [
      {
        "state": "VIC",
        "price": "250",
        "price_per_unit": "156",
        "price_unit": "G"
      },
      {
        "state": "QLD",
        "price": "250",
        "price_per_unit": "156",
        "price_unit": "G"
      },
      {
        "state": "WA",
        "price": "250",
        "price_per_unit": "156",
        "price_unit": "G"
      },
      {
        "state": "SA",
        "price": "250",
        "price_per_unit": "156",
        "price_unit": "G"
      },
      {
        "state": "TAS",
        "price": "250",
        "price_per_unit": "156",
        "price_unit": "G"
      },
      {
        "state": "ACT",
        "price": "250",
        "price_per_unit": "156",
        "price_unit": "G"
      },
      {
        "state": "NT",
        "price": "250",
        "price_per_unit": "156",
        "price_unit": "G"
      }
    ]
  },
  {
    "source_url": "https://www.woolworths.com.au/shop/productdetails/96607/san-remo-la-pasta-chicken-curry-single-snack",
    "name": "San Remo La Pasta Chicken Curry Single Snack 80g",
    "image_url": "https://cdn1.woolworths.media/content/wowproductimages/large/096607.jpg",
    "source_id": "Woolworths - 96607",
    "barcode": "9310155000857",
    "shop": "Woolworths",
    "weight": "100G",
    "prices": [
      {
        "state": "VIC",
        "price": "140",
        "price_per_unit": "175",
        "price_unit": "G"
      },
      {
        "state": "QLD",
        "price": "140",
        "price_per_unit": "175",
        "price_unit": "G"
      },
      {
        "state": "WA",
        "price": "140",
        "price_per_unit": "175",
        "price_unit": "G"
      },
      {
        "state": "SA",
        "price": "140",
        "price_per_unit": "175",
        "price_unit": "G"
      },
      {
        "state": "TAS",
        "price": "140",
        "price_per_unit": "175",
        "price_unit": "G"
      },
      {
        "state": "ACT",
        "price": "140",
        "price_per_unit": "175",
        "price_unit": "G"
      },
      {
        "state": "NT",
        "price": "140",
        "price_per_unit": "175",
        "price_unit": "G"
      }
    ]
  },
  {
    "source_url": "https://www.woolworths.com.au/shop/productdetails/700712/san-remo-la-pasta-creamy-bacon",
    "name": "San Remo La Pasta Creamy Bacon 160g",
    "image_url": "https://cdn1.woolworths.media/content/wowproductimages/large/700712.jpg",
    "source_id": "Woolworths - 700712",
    "barcode": "9310155001830",
    "shop": "Woolworths",
    "weight": "100G",
    "prices": [
      {
        "state": "VIC",
        "price": "250",
        "price_per_unit": "156",
        "price_unit": "G"
      },
      {
        "state": "QLD",
        "price": "250",
        "price_per_unit": "156",
        "price_unit": "G"
      },
      {
        "state": "WA",
        "price": "250",
        "price_per_unit": "156",
        "price_unit": "G"
      },
      {
        "state": "SA",
        "price": "250",
        "price_per_unit": "156",
        "price_unit": "G"
      },
      {
        "state": "TAS",
        "price": "250",
        "price_per_unit": "156",
        "price_unit": "G"
      },
      {
        "state": "ACT",
        "price": "250",
        "price_per_unit": "156",
        "price_unit": "G"
      },
      {
        "state": "NT",
        "price": "250",
        "price_per_unit": "156",
        "price_unit": "G"
      }
    ]
  },
  {
    "source_url": "https://www.woolworths.com.au/shop/productdetails/700721/san-remo-la-pasta-macaroni-cheese",
    "name": "San Remo La Pasta Macaroni Cheese 160g",
    "image_url": "https://cdn1.woolworths.media/content/wowproductimages/large/700721.jpg",
    "source_id": "Woolworths - 700721",
    "barcode": "9310155001748",
    "shop": "Woolworths",
    "weight": "100G",
    "prices": [
      {
        "state": "VIC",
        "price": "250",
        "price_per_unit": "156",
        "price_unit": "G"
      },
      {
        "state": "QLD",
        "price": "250",
        "price_per_unit": "156",
        "price_unit": "G"
      },
      {
        "state": "WA",
        "price": "250",
        "price_per_unit": "156",
        "price_unit": "G"
      },
      {
        "state": "SA",
        "price": "250",
        "price_per_unit": "156",
        "price_unit": "G"
      },
      {
        "state": "TAS",
        "price": "250",
        "price_per_unit": "156",
        "price_unit": "G"
      },
      {
        "state": "ACT",
        "price": "250",
        "price_per_unit": "156",
        "price_unit": "G"
      },
      {
        "state": "NT",
        "price": "250",
        "price_per_unit": "156",
        "price_unit": "G"
      }
    ]
  },
  {
    "source_url": "https://www.woolworths.com.au/shop/productdetails/212792/the-big-cheese-extra-large-mac-cheese",
    "name": "The Big Cheese Extra Large Mac & Cheese 105g",
    "image_url": "https://cdn1.woolworths.media/content/wowproductimages/large/212792.jpg",
    "source_id": "Woolworths - 212792",
    "barcode": "9310155612173",
    "shop": "Woolworths",
    "weight": "100G",
    "prices": [
      {
        "state": "VIC",
        "price": "350",
        "price_per_unit": "333",
        "price_unit": "G"
      },
      {
        "state": "QLD",
        "price": "350",
        "price_per_unit": "333",
        "price_unit": "G"
      },
      {
        "state": "WA",
        "price": "350",
        "price_per_unit": "333",
        "price_unit": "G"
      },
      {
        "state": "SA",
        "price": "350",
        "price_per_unit": "333",
        "price_unit": "G"
      },
      {
        "state": "TAS",
        "price": "350",
        "price_per_unit": "333",
        "price_unit": "G"
      },
      {
        "state": "NT",
        "price": "370",
        "price_per_unit": "352",
        "price_unit": "G"
      }
    ]
  },
  {
    "source_url": "https://www.woolworths.com.au/shop/productdetails/884028/the-big-cheese-extra-large-macaroni-cheesy-chook",
    "name": "The Big Cheese Extra Large Macaroni & Cheesy Chook 105g",
    "image_url": "https://cdn1.woolworths.media/content/wowproductimages/large/884028.jpg",
    "source_id": "Woolworths - 884028",
    "barcode": "9310155612067",
    "shop": "Woolworths",
    "weight": "100G",
    "prices": [
      {
        "state": "VIC",
        "price": "350",
        "price_per_unit": "333",
        "price_unit": "G"
      },
      {
        "state": "QLD",
        "price": "350",
        "price_per_unit": "333",
        "price_unit": "G"
      },
      {
        "state": "WA",
        "price": "350",
        "price_per_unit": "333",
        "price_unit": "G"
      },
      {
        "state": "SA",
        "price": "350",
        "price_per_unit": "333",
        "price_unit": "G"
      },
      {
        "state": "TAS",
        "price": "350",
        "price_per_unit": "333",
        "price_unit": "G"
      },
      {
        "state": "NT",
        "price": "370",
        "price_per_unit": "352",
        "price_unit": "G"
      }
    ]
  },
  {
    "source_url": "https://www.woolworths.com.au/shop/productdetails/322452/tipiak-mediterranean-grains-garlic-cous-cous",
    "name": "Tipiak Mediterranean Grains Garlic Cous Cous 145g",
    "image_url": "https://cdn1.woolworths.media/content/wowproductimages/large/322452.jpg",
    "source_id": "Woolworths - 322452",
    "barcode": "3600900022439",
    "shop": "Woolworths",
    "weight": "100G",
    "prices": [
      {
        "state": "VIC",
        "price": "260",
        "price_per_unit": "179",
        "price_unit": "G"
      },
      {
        "state": "QLD",
        "price": "260",
        "price_per_unit": "179",
        "price_unit": "G"
      },
      {
        "state": "WA",
        "price": "260",
        "price_per_unit": "179",
        "price_unit": "G"
      },
      {
        "state": "SA",
        "price": "260",
        "price_per_unit": "179",
        "price_unit": "G"
      },
      {
        "state": "TAS",
        "price": "260",
        "price_per_unit": "179",
        "price_unit": "G"
      },
      {
        "state": "ACT",
        "price": "395",
        "price_per_unit": "272",
        "price_unit": "G"
      },
      {
        "state": "NT",
        "price": "260",
        "price_per_unit": "179",
        "price_unit": "G"
      }
    ]
  },
  {
    "source_url": "https://www.woolworths.com.au/shop/productdetails/913592/well-good-vegan-bolognese-with-macaroni",
    "name": "Well & Good Vegan Bolognese With Macaroni 110g",
    "image_url": "https://cdn1.woolworths.media/content/wowproductimages/large/913592.jpg",
    "source_id": "Woolworths - 913592",
    "barcode": "9337096101610",
    "shop": "Woolworths",
    "weight": "100G",
    "prices": [
      {
        "state": "VIC",
        "price": "450",
        "price_per_unit": "409",
        "price_unit": "G"
      },
      {
        "state": "QLD",
        "price": "450",
        "price_per_unit": "409",
        "price_unit": "G"
      },
      {
        "state": "WA",
        "price": "450",
        "price_per_unit": "409",
        "price_unit": "G"
      },
      {
        "state": "TAS",
        "price": "450",
        "price_per_unit": "409",
        "price_unit": "G"
      },
      {
        "state": "ACT",
        "price": "450",
        "price_per_unit": "409",
        "price_unit": "G"
      },
      {
        "state": "NT",
        "price": "450",
        "price_per_unit": "409",
        "price_unit": "G"
      }
    ]
  },
  {
    "source_url": "https://www.woolworths.com.au/shop/productdetails/763881/continental-classics-pasta-sauce-alfredo-garlic-herb",
    "name": "Continental Classics Pasta & Sauce Alfredo Garlic & Herb 145 g",
    "image_url": "https://cdn1.woolworths.media/content/wowproductimages/large/763881.jpg",
    "source_id": "Woolworths - 763881",
    "barcode": "9300830018413",
    "shop": "Woolworths",
    "weight": "100G",
    "prices": [
      {
        "state": "SA",
        "price": "380",
        "price_per_unit": "262",
        "price_unit": "G"
      },
      null
    ]
  },
  {
    "source_url": "https://www.woolworths.com.au/shop/productdetails/763882/continental-classics-pasta-sauce-alfredo-garlic-herb-serves-2",
    "name": "Continental Classics Pasta & Sauce Alfredo Garlic & Herb Serves 2 85g",
    "image_url": "https://cdn1.woolworths.media/content/wowproductimages/large/763882.jpg",
    "source_id": "Woolworths - 763882",
    "barcode": "9300830018468",
    "shop": "Woolworths",
    "weight": "100G",
    "prices": [
      {
        "state": "SA",
        "price": "300",
        "price_per_unit": "353",
        "price_unit": "G"
      },
      {
        "state": "NT",
        "price": "315",
        "price_per_unit": "371",
        "price_unit": "G"
      }
    ]
  },
  {
    "source_url": "https://www.woolworths.com.au/shop/productdetails/761642/continental-classics-pasta-sauce-four-cheese",
    "name": "Continental Classics Pasta & Sauce Four Cheese 170g",
    "image_url": "https://cdn1.woolworths.media/content/wowproductimages/large/761642.jpg",
    "source_id": "Woolworths - 761642",
    "barcode": "9300830018369",
    "shop": "Woolworths",
    "weight": "100G",
    "prices": [
      {
        "state": "SA",
        "price": "380",
        "price_per_unit": "224",
        "price_unit": "G"
      },
      {
        "state": "NT",
        "price": "400",
        "price_per_unit": "235",
        "price_unit": "G"
      }
    ]
  },
  {
    "source_url": "https://www.woolworths.com.au/shop/productdetails/761556/continental-classics-pasta-sauce-sour-cream-chives",
    "name": "Continental Classics Pasta & Sauce Sour Cream & Chives 145 g",
    "image_url": "https://cdn1.woolworths.media/content/wowproductimages/large/761556.jpg",
    "source_id": "Woolworths - 761556",
    "barcode": "9300830018437",
    "shop": "Woolworths",
    "weight": "100G",
    "prices": [
      {
        "state": "SA",
        "price": "380",
        "price_per_unit": "262",
        "price_unit": "G"
      },
      {
        "state": "NT",
        "price": "400",
        "price_per_unit": "276",
        "price_unit": "G"
      }
    ]
  },
  {
    "source_url": "https://www.woolworths.com.au/shop/productdetails/230924/continental-classics-pasta-sauce-sour-cream-chives",
    "name": "Continental Classics Pasta & Sauce Sour Cream & Chives 85 g",
    "image_url": "https://cdn1.woolworths.media/content/wowproductimages/large/230924.jpg",
    "source_id": "Woolworths - 230924",
    "barcode": "9300667035072",
    "shop": "Woolworths",
    "weight": "100G",
    "prices": [
      {
        "state": "SA",
        "price": "300",
        "price_per_unit": "353",
        "price_unit": "G"
      },
      {
        "state": "NT",
        "price": "315",
        "price_per_unit": "371",
        "price_unit": "G"
      }
    ]
  },
  {
    "source_url": "https://www.woolworths.com.au/shop/productdetails/230938/continental-four-cheeses-pasta-sauce",
    "name": "Continental Four Cheeses Pasta & Sauce 100g",
    "image_url": "https://cdn1.woolworths.media/content/wowproductimages/large/230938.jpg",
    "source_id": "Woolworths - 230938",
    "barcode": "9300667035126",
    "shop": "Woolworths",
    "weight": "100G",
    "prices": [
      {
        "state": "SA",
        "price": "300",
        "price_per_unit": "300",
        "price_unit": "G"
      },
      {
        "state": "NT",
        "price": "315",
        "price_per_unit": "315",
        "price_unit": "G"
      }
    ]
  },
  {
    "source_url": "https://www.woolworths.com.au/shop/productdetails/840899/continental-pasta-sensations-spinach-parmesan-bacon-serves-2",
    "name": "Continental Pasta Sensations Spinach Parmesan & Bacon Serves 2 91g",
    "image_url": "https://cdn1.woolworths.media/content/wowproductimages/large/840899.jpg",
    "source_id": "Woolworths - 840899",
    "barcode": "9300830023943",
    "shop": "Woolworths",
    "weight": "100G",
    "prices": [
      {
        "state": "SA",
        "price": "280",
        "price_per_unit": "308",
        "price_unit": "G"
      },
      {
        "state": "NT",
        "price": "350",
        "price_per_unit": "385",
        "price_unit": "G"
      }
    ]
  },
  {
    "source_url": "https://www.woolworths.com.au/shop/productdetails/451725/continental-pasta-sensations-with-bacon-parmesan-boscaiola-serves-2",
    "name": "Continental Pasta Sensations With Bacon & Parmesan Boscaiola Serves 2 96g",
    "image_url": "https://cdn1.woolworths.media/content/wowproductimages/large/451725.jpg",
    "source_id": "Woolworths - 451725",
    "barcode": "9300830037704",
    "shop": "Woolworths",
    "weight": "100G",
    "prices": [
      {
        "state": "SA",
        "price": "280",
        "price_per_unit": "292",
        "price_unit": "G"
      },
      {
        "state": "NT",
        "price": "350",
        "price_per_unit": "365",
        "price_unit": "G"
      }
    ]
  },
  {
    "source_url": "https://www.woolworths.com.au/shop/productdetails/693538/kraft-mac-cheese-macaroni-pasta-original-instant-noodles",
    "name": "Kraft Mac & Cheese Macaroni Pasta Original Instant Noodles 410g",
    "image_url": "https://cdn1.woolworths.media/content/wowproductimages/large/693538.jpg",
    "source_id": "Woolworths - 693538",
    "barcode": "9300657660383",
    "shop": "Woolworths",
    "weight": "100G",
    "prices": [
      {
        "state": "SA",
        "price": "580",
        "price_per_unit": "141",
        "price_unit": "G"
      },
      null
    ]
  },
  {
    "source_url": "https://www.woolworths.com.au/shop/productdetails/320999/tipiak-mediterranean-grains-turmeric-herbs",
    "name": "Tipiak Mediterranean Grains Turmeric & Herbs 145g",
    "image_url": "https://cdn1.woolworths.media/content/wowproductimages/large/320999.jpg",
    "source_id": "Woolworths - 320999",
    "barcode": "3600900022422",
    "shop": "Woolworths",
    "weight": "100G",
    "prices": [
      {
        "state": "SA",
        "price": "197",
        "price_per_unit": "136",
        "price_unit": "G"
      },
      {
        "state": "NT",
        "price": "197",
        "price_per_unit": "136",
        "price_unit": "G"
      }
    ]
  }
]