[
  {
    "source_url": "https://www.woolworths.com.au/shop/productdetails/184974/arnold-s-farm-clusters-berry-crumble",
    "name": "Arnold's Farm Clusters Berry Crumble 700g",
    "image_url": "https://cdn1.woolworths.media/content/wowproductimages/large/184974.jpg",
    "source_id": "Woolworths - 184974",
    "barcode": "9326666200020",
    "shop": "Woolworths",
    "weight": "100G",
    "prices": [
      {
        "state": "NSW",
        "price": "680",
        "price_per_unit": "97",
        "price_unit": "G"
      },
      {
        "state": "VIC",
        "price": "680",
        "price_per_unit": "97",
        "price_unit": "G"
      },
      {
        "state": "QLD",
        "price": "680",
        "price_per_unit": "97",
        "price_unit": "G"
      },
      {
        "state": "WA",
        "price": "680",
        "price_per_unit": "97",
        "price_unit": "G"
      },
      {
        "state": "SA",
        "price": "680",
        "price_per_unit": "97",
        "price_unit": "G"
      },
      {
        "state": "TAS",
        "price": "680",
        "price_per_unit": "97",
        "price_unit": "G"
      },
      {
        "state": "ACT",
        "price": "680",
        "price_per_unit": "97",
        "price_unit": "G"
      },
      {
        "state": "NT",
        "price": "680",
        "price_per_unit": "97",
        "price_unit": "G"
      }
    ]
  },
  {
    "source_url": "https://www.woolworths.com.au/shop/productdetails/184975/arnold-s-farm-clusters-vanilla-almond",
    "name": "Arnold's Farm Clusters Vanilla Almond 700g",
    "image_url": "https://cdn1.woolworths.media/content/wowproductimages/large/184975.jpg",
    "source_id": "Woolworths - 184975",
    "barcode": "9326666200068",
    "shop": "Woolworths",
    "weight": "100G",
    "prices": [
      {
        "state": "NSW",
        "price": "680",
        "price_per_unit": "97",
        "price_unit": "G"
      },
      {
        "state": "VIC",
        "price": "680",
        "price_per_unit": "97",
        "price_unit": "G"
      },
      {
        "state": "QLD",
        "price": "680",
        "price_per_unit": "97",
        "price_unit": "G"
      },
      {
        "state": "WA",
        "price": "680",
        "price_per_unit": "97",
        "price_unit": "G"
      },
      {
        "state": "SA",
        "price": "680",
        "price_per_unit": "97",
        "price_unit": "G"
      },
      null,
      null,
      {
        "state": "NT",
        "price": "680",
        "price_per_unit": "97",
        "price_unit": "G"
      }
    ]
  },
  {
    "source_url": "https://www.woolworths.com.au/shop/productdetails/184937/arnold-s-farm-granola-pink-lady-apple-cinnamon",
    "name": "Arnold's Farm Granola Pink Lady Apple & Cinnamon 700g",
    "image_url": "https://cdn1.woolworths.media/content/wowproductimages/large/184937.jpg",
    "source_id": "Woolworths - 184937",
    "barcode": "9326666200044",
    "shop": "Woolworths",
    "weight": "100G",
    "prices": [
      {
        "state": "NSW",
        "price": "680",
        "price_per_unit": "97",
        "price_unit": "G"
      },
      {
        "state": "VIC",
        "price": "680",
        "price_per_unit": "97",
        "price_unit": "G"
      },
      {
        "state": "QLD",
        "price": "680",
        "price_per_unit": "97",
        "price_unit": "G"
      },
      {
        "state": "WA",
        "price": "680",
        "price_per_unit": "97",
        "price_unit": "G"
      },
      {
        "state": "SA",
        "price": "680",
        "price_per_unit": "97",
        "price_unit": "G"
      },
      {
        "state": "TAS",
        "price": "680",
        "price_per_unit": "97",
        "price_unit": "G"
      },
      {
        "state": "ACT",
        "price": "680",
        "price_per_unit": "97",
        "price_unit": "G"
      },
      {
        "state": "NT",
        "price": "680",
        "price_per_unit": "97",
        "price_unit": "G"
      }
    ]
  },
  {
    "source_url": "https://www.woolworths.com.au/shop/productdetails/184938/arnold-s-farm-toasted-muesli-fruit-nut",
    "name": "Arnold's Farm Toasted Muesli Fruit & Nut 700g",
    "image_url": "https://cdn1.woolworths.media/content/wowproductimages/large/184938.jpg",
    "source_id": "Woolworths - 184938",
    "barcode": "9326666200013",
    "shop": "Woolworths",
    "weight": "100G",
    "prices": [
      {
        "state": "NSW",
        "price": "680",
        "price_per_unit": "97",
        "price_unit": "G"
      },
      {
        "state": "VIC",
        "price": "680",
        "price_per_unit": "97",
        "price_unit": "G"
      },
      {
        "state": "QLD",
        "price": "680",
        "price_per_unit": "97",
        "price_unit": "G"
      },
      {
        "state": "WA",
        "price": "680",
        "price_per_unit": "97",
        "price_unit": "G"
      },
      {
        "state": "SA",
        "price": "680",
        "price_per_unit": "97",
        "price_unit": "G"
      },
      {
        "state": "TAS",
        "price": "680",
        "price_per_unit": "97",
        "price_unit": "G"
      },
      {
        "state": "ACT",
        "price": "680",
        "price_per_unit": "97",
        "price_unit": "G"
      },
      {
        "state": "NT",
        "price": "680",
        "price_per_unit": "97",
        "price_unit": "G"
      }
    ]
  },
  {
    "source_url": "https://www.woolworths.com.au/shop/productdetails/208100/blue-frog-keto-almond-peanut-raspberry-cereal",
    "name": "Blue Frog Keto Almond, Peanut & Raspberry Cereal 300g",
    "image_url": "https://cdn1.woolworths.media/content/wowproductimages/large/208100.jpg",
    "source_id": "Woolworths - 208100",
    "barcode": "9421906822106",
    "shop": "Woolworths",
    "weight": "100G",
    "prices": [
      {
        "state": "NSW",
        "price": "1475",
        "price_per_unit": "492",
        "price_unit": "G"
      },
      {
        "state": "VIC",
        "price": "1475",
        "price_per_unit": "492",
        "price_unit": "G"
      },
      {
        "state": "QLD",
        "price": "1475",
        "price_per_unit": "492",
        "price_unit": "G"
      },
      {
        "state": "WA",
        "price": "1475",
        "price_per_unit": "492",
        "price_unit": "G"
      },
      {
        "state": "SA",
        "price": "1475",
        "price_per_unit": "492",
        "price_unit": "G"
      },
      {
        "state": "TAS",
        "price": "1475",
        "price_per_unit": "492",
        "price_unit": "G"
      },
      {
        "state": "ACT",
        "price": "1475",
        "price_per_unit": "492",
        "price_unit": "G"
      },
      {
        "state": "NT",
        "price": "1475",
        "price_per_unit": "492",
        "price_unit": "G"
      }
    ]
  },
  {
    "source_url": "https://www.woolworths.com.au/shop/productdetails/1074032805/brookfarm-supergrains-granola-macadamia-cranberry-coconut-1-3kg",
    "name": "Brookfarm Supergrains Granola Macadamia, Cranberry & Coconut 1.3kg",
    "image_url": "https://cdn1.woolworths.media/content/wowproductimages/large/1074032805.jpg",
    "source_id": "Woolworths - 1074032805",
    "barcode": null,
    "shop": "Woolworths",
    "weight": "100G",
    "prices": [
      {
        "state": "NSW",
        "price": "4479",
        "price_per_unit": "345",
        "price_unit": "G"
      },
      {
        "state": "VIC",
        "price": "4479",
        "price_per_unit": "345",
        "price_unit": "G"
      },
      {
        "state": "QLD",
        "price": "4479",
        "price_per_unit": "345",
        "price_unit": "G"
      },
      {
        "state": "WA",
        "price": "4479",
        "price_per_unit": "345",
        "price_unit": "G"
      },
      {
        "state": "SA",
        "price": "4479",
        "price_per_unit": "345",
        "price_unit": "G"
      },
      {
        "state": "TAS",
        "price": "4479",
        "price_per_unit": "345",
        "price_unit": "G"
      },
      {
        "state": "ACT",
        "price": "4479",
        "price_per_unit": "345",
        "price_unit": "G"
      },
      {
        "state": "NT",
        "price": "4479",
        "price_per_unit": "345",
        "price_unit": "G"
      }
    ]
  },
  {
    "source_url": "https://www.woolworths.com.au/shop/productdetails/867025/carman-s-granola-5-grain-seed-almond-vanilla-cinnamon",
    "name": "Carman's Granola 5 Grain & Seed Almond Vanilla & Cinnamon 450g",
    "image_url": "https://cdn1.woolworths.media/content/wowproductimages/large/867025.jpg",
    "source_id": "Woolworths - 867025",
    "barcode": "9319133334809",
    "shop": "Woolworths",
    "weight": "100G",
    "prices": [
      {
        "state": "NSW",
        "price": "680",
        "price_per_unit": "151",
        "price_unit": "G"
      },
      {
        "state": "VIC",
        "price": "680",
        "price_per_unit": "151",
        "price_unit": "G"
      },
      {
        "state": "QLD",
        "price": "680",
        "price_per_unit": "151",
        "price_unit": "G"
      },
      {
        "state": "WA",
        "price": "680",
        "price_per_unit": "151",
        "price_unit": "G"
      },
      {
        "state": "SA",
        "price": "680",
        "price_per_unit": "151",
        "price_unit": "G"
      },
      {
        "state": "TAS",
        "price": "850",
        "price_per_unit": "189",
        "price_unit": "G"
      },
      {
        "state": "ACT",
        "price": "850",
        "price_per_unit": "189",
        "price_unit": "G"
      },
      {
        "state": "NT",
        "price": "850",
        "price_per_unit": "189",
        "price_unit": "G"
      }
    ]
  },
  {
    "source_url": "https://www.woolworths.com.au/shop/productdetails/867026/carman-s-granola-5-grain-seed-pink-lady-apple-blueberry",
    "name": "Carman's Granola 5 Grain & Seed Pink Lady Apple & Blueberry 450g",
    "image_url": "https://cdn1.woolworths.media/content/wowproductimages/large/867026.jpg",
    "source_id": "Woolworths - 867026",
    "barcode": "9319133334816",
    "shop": "Woolworths",
    "weight": "100G",
    "prices": [
      {
        "state": "NSW",
        "price": "680",
        "price_per_unit": "151",
        "price_unit": "G"
      },
      {
        "state": "VIC",
        "price": "680",
        "price_per_unit": "151",
        "price_unit": "G"
      },
      {
        "state": "QLD",
        "price": "680",
        "price_per_unit": "151",
        "price_unit": "G"
      },
      {
        "state": "WA",
        "price": "680",
        "price_per_unit": "151",
        "price_unit": "G"
      },
      {
        "state": "SA",
        "price": "680",
        "price_per_unit": "151",
        "price_unit": "G"
      },
      {
        "state": "TAS",
        "price": "850",
        "price_per_unit": "189",
        "price_unit": "G"
      },
      {
        "state": "ACT",
        "price": "850",
        "price_per_unit": "189",
        "price_unit": "G"
      },
      {
        "state": "NT",
        "price": "850",
        "price_per_unit": "189",
        "price_unit": "G"
      }
    ]
  },
  {
    "source_url": "https://www.woolworths.com.au/shop/productdetails/208900/carman-s-granola-protein-rich-almond-hazelnut",
    "name": "Carman's Granola Protein Rich Almond & Hazelnut 450g",
    "image_url": "https://cdn1.woolworths.media/content/wowproductimages/large/208900.jpg",
    "source_id": "Woolworths - 208900",
    "barcode": "9319133337039",
    "shop": "Woolworths",
    "weight": "100G",
    "prices": [
      {
        "state": "NSW",
        "price": "680",
        "price_per_unit": "151",
        "price_unit": "G"
      },
      {
        "state": "VIC",
        "price": "680",
        "price_per_unit": "151",
        "price_unit": "G"
      },
      {
        "state": "QLD",
        "price": "680",
        "price_per_unit": "151",
        "price_unit": "G"
      },
      {
        "state": "WA",
        "price": "680",
        "price_per_unit": "151",
        "price_unit": "G"
      },
      {
        "state": "SA",
        "price": "680",
        "price_per_unit": "151",
        "price_unit": "G"
      },
      {
        "state": "TAS",
        "price": "850",
        "price_per_unit": "189",
        "price_unit": "G"
      },
      {
        "state": "ACT",
        "price": "850",
        "price_per_unit": "189",
        "price_unit": "G"
      },
      {
        "state": "NT",
        "price": "850",
        "price_per_unit": "189",
        "price_unit": "G"
      }
    ]
  },
  {
    "source_url": "https://www.woolworths.com.au/shop/productdetails/170793/farmers-co-bush-foods-breakfast-cereal",
    "name": "Farmers Co. Bush Foods Breakfast Cereal 500g",
    "image_url": "https://cdn1.woolworths.media/content/wowproductimages/large/170793.jpg",
    "source_id": "Woolworths - 170793",
    "barcode": "9300652009408",
    "shop": "Woolworths",
    "weight": "100G",
    "prices": [
      {
        "state": "NSW",
        "price": "550",
        "price_per_unit": "110",
        "price_unit": "G"
      },
      {
        "state": "VIC",
        "price": "550",
        "price_per_unit": "110",
        "price_unit": "G"
      },
      {
        "state": "QLD",
        "price": "550",
        "price_per_unit": "110",
        "price_unit": "G"
      },
      {
        "state": "WA",
        "price": "550",
        "price_per_unit": "110",
        "price_unit": "G"
      },
      {
        "state": "SA",
        "price": "550",
        "price_per_unit": "110",
        "price_unit": "G"
      },
      {
        "state": "TAS",
        "price": "550",
        "price_per_unit": "110",
        "price_unit": "G"
      },
      {
        "state": "ACT",
        "price": "550",
        "price_per_unit": "110",
        "price_unit": "G"
      },
      {
        "state": "NT",
        "price": "560",
        "price_per_unit": "112",
        "price_unit": "G"
      }
    ]
  },
  {
    "source_url": "https://www.woolworths.com.au/shop/productdetails/224366/freedom-classic-corn-flakes-cereal",
    "name": "Freedom Classic Corn Flakes Cereal 270g",
    "image_url": "https://cdn1.woolworths.media/content/wowproductimages/large/224366.jpg",
    "source_id": "Woolworths - 224366",
    "barcode": "9326666610089",
    "shop": "Woolworths",
    "weight": "100G",
    "prices": [
      {
        "state": "NSW",
        "price": "400",
        "price_per_unit": "148",
        "price_unit": "G"
      },
      {
        "state": "VIC",
        "price": "400",
        "price_per_unit": "148",
        "price_unit": "G"
      },
      {
        "state": "QLD",
        "price": "400",
        "price_per_unit": "148",
        "price_unit": "G"
      },
      {
        "state": "WA",
        "price": "400",
        "price_per_unit": "148",
        "price_unit": "G"
      },
      {
        "state": "SA",
        "price": "400",
        "price_per_unit": "148",
        "price_unit": "G"
      },
      {
        "state": "TAS",
        "price": "560",
        "price_per_unit": "207",
        "price_unit": "G"
      },
      {
        "state": "ACT",
        "price": "560",
        "price_per_unit": "207",
        "price_unit": "G"
      },
      {
        "state": "NT",
        "price": "560",
        "price_per_unit": "207",
        "price_unit": "G"
      },
      {
        "state": "TAS",
        "price": "560",
        "price_per_unit": "207",
        "price_unit": "G"
      },
      {
        "state": "ACT",
        "price": "560",
        "price_per_unit": "207",
        "price_unit": "G"
      },
      {
        "state": "NT",
        "price": "560",
        "price_per_unit": "207",
        "price_unit": "G"
      }
    ]
  },
  {
    "source_url": "https://www.woolworths.com.au/shop/productdetails/224782/freedom-classic-honey-o-crunch-cereal",
    "name": "Freedom Classic Honey-o Crunch Cereal 360g",
    "image_url": "https://cdn1.woolworths.media/content/wowproductimages/large/224782.jpg",
    "source_id": "Woolworths - 224782",
    "barcode": "9326666610126",
    "shop": "Woolworths",
    "weight": "100G",
    "prices": [
      {
        "state": "NSW",
        "price": "750",
        "price_per_unit": "208",
        "price_unit": "G"
      },
      {
        "state": "VIC",
        "price": "750",
        "price_per_unit": "208",
        "price_unit": "G"
      },
      {
        "state": "ACT",
        "price": "750",
        "price_per_unit": "208",
        "price_unit": "G"
      },
      {
        "state": "NT",
        "price": "750",
        "price_per_unit": "208",
        "price_unit": "G"
      },
      {
        "state": "ACT",
        "price": "750",
        "price_per_unit": "208",
        "price_unit": "G"
      },
      {
        "state": "NT",
        "price": "750",
        "price_per_unit": "208",
        "price_unit": "G"
      }
    ]
  },
  {
    "source_url": "https://www.woolworths.com.au/shop/productdetails/224469/freedom-classic-maple-crunch-cereal",
    "name": "Freedom Classic Maple Crunch Cereal 360g",
    "image_url": "https://cdn1.woolworths.media/content/wowproductimages/large/224469.jpg",
    "source_id": "Woolworths - 224469",
    "barcode": "9326666610102",
    "shop": "Woolworths",
    "weight": "100G",
    "prices": [
      {
        "state": "NSW",
        "price": "750",
        "price_per_unit": "208",
        "price_unit": "G"
      },
      {
        "state": "VIC",
        "price": "750",
        "price_per_unit": "208",
        "price_unit": "G"
      },
      {
        "state": "QLD",
        "price": "750",
        "price_per_unit": "208",
        "price_unit": "G"
      },
      {
        "state": "WA",
        "price": "750",
        "price_per_unit": "208",
        "price_unit": "G"
      },
      {
        "state": "SA",
        "price": "750",
        "price_per_unit": "208",
        "price_unit": "G"
      },
      {
        "state": "TAS",
        "price": "750",
        "price_per_unit": "208",
        "price_unit": "G"
      },
      {
        "state": "ACT",
        "price": "750",
        "price_per_unit": "208",
        "price_unit": "G"
      },
      {
        "state": "NT",
        "price": "750",
        "price_per_unit": "208",
        "price_unit": "G"
      },
      {
        "state": "TAS",
        "price": "750",
        "price_per_unit": "208",
        "price_unit": "G"
      },
      {
        "state": "ACT",
        "price": "750",
        "price_per_unit": "208",
        "price_unit": "G"
      },
      {
        "state": "NT",
        "price": "750",
        "price_per_unit": "208",
        "price_unit": "G"
      }
    ]
  },
  {
    "source_url": "https://www.woolworths.com.au/shop/productdetails/224381/freedom-classic-rice-puffs-cereal",
    "name": "Freedom Classic Rice Puffs Cereal 250g",
    "image_url": "https://cdn1.woolworths.media/content/wowproductimages/large/224381.jpg",
    "source_id": "Woolworths - 224381",
    "barcode": "9326666610072",
    "shop": "Woolworths",
    "weight": "100G",
    "prices": [
      {
        "state": "NSW",
        "price": "400",
        "price_per_unit": "160",
        "price_unit": "G"
      },
      {
        "state": "VIC",
        "price": "400",
        "price_per_unit": "160",
        "price_unit": "G"
      },
      {
        "state": "QLD",
        "price": "400",
        "price_per_unit": "160",
        "price_unit": "G"
      },
      {
        "state": "WA",
        "price": "400",
        "price_per_unit": "160",
        "price_unit": "G"
      },
      {
        "state": "SA",
        "price": "400",
        "price_per_unit": "160",
        "price_unit": "G"
      },
      {
        "state": "TAS",
        "price": "560",
        "price_per_unit": "224",
        "price_unit": "G"
      },
      {
        "state": "ACT",
        "price": "560",
        "price_per_unit": "224",
        "price_unit": "G"
      },
      {
        "state": "NT",
        "price": "560",
        "price_per_unit": "224",
        "price_unit": "G"
      },
      {
        "state": "TAS",
        "price": "560",
        "price_per_unit": "224",
        "price_unit": "G"
      },
      {
        "state": "ACT",
        "price": "560",
        "price_per_unit": "224",
        "price_unit": "G"
      },
      {
        "state": "NT",
        "price": "560",
        "price_per_unit": "224",
        "price_unit": "G"
      }
    ]
  },
  {
    "source_url": "https://www.woolworths.com.au/shop/productdetails/1075344916/goodmix-blend-11-wholefood-breakfast-booster-400g",
    "name": "Goodmix Blend 11 - Wholefood Breakfast Booster 400g",
    "image_url": "https://cdn1.woolworths.media/content/wowproductimages/large/1075344916.jpg",
    "source_id": "Woolworths - 1075344916",
    "barcode": null,
    "shop": "Woolworths",
    "weight": "100G",
    "prices": [
      {
        "state": "NSW",
        "price": "2435",
        "price_per_unit": "609",
        "price_unit": "G"
      },
      {
        "state": "VIC",
        "price": "2435",
        "price_per_unit": "609",
        "price_unit": "G"
      },
      {
        "state": "QLD",
        "price": "2435",
        "price_per_unit": "609",
        "price_unit": "G"
      },
      {
        "state": "WA",
        "price": "2435",
        "price_per_unit": "609",
        "price_unit": "G"
      },
      {
        "state": "SA",
        "price": "2435",
        "price_per_unit": "609",
        "price_unit": "G"
      },
      {
        "state": "TAS",
        "price": "2435",
        "price_per_unit": "609",
        "price_unit": "G"
      },
      {
        "state": "ACT",
        "price": "2435",
        "price_per_unit": "609",
        "price_unit": "G"
      },
      {
        "state": "NT",
        "price": "2435",
        "price_per_unit": "609",
        "price_unit": "G"
      }
    ]
  },
  {
    "source_url": "https://www.woolworths.com.au/shop/productdetails/1075347075/goodmix-blend-13-paleo-breakfast-booster-400g",
    "name": "Goodmix Blend 13 - Paleo Breakfast Booster 400g",
    "image_url": "https://cdn1.woolworths.media/content/wowproductimages/large/1075347075.jpg",
    "source_id": "Woolworths - 1075347075",
    "barcode": null,
    "shop": "Woolworths",
    "weight": "100G",
    "prices": [
      {
        "state": "NSW",
        "price": "3015",
        "price_per_unit": "754",
        "price_unit": "G"
      },
      {
        "state": "VIC",
        "price": "3015",
        "price_per_unit": "754",
        "price_unit": "G"
      },
      {
        "state": "QLD",
        "price": "3015",
        "price_per_unit": "754",
        "price_unit": "G"
      },
      {
        "state": "WA",
        "price": "3015",
        "price_per_unit": "754",
        "price_unit": "G"
      },
      {
        "state": "SA",
        "price": "3015",
        "price_per_unit": "754",
        "price_unit": "G"
      },
      {
        "state": "TAS",
        "price": "3015",
        "price_per_unit": "754",
        "price_unit": "G"
      },
      {
        "state": "ACT",
        "price": "3015",
        "price_per_unit": "754",
        "price_unit": "G"
      },
      {
        "state": "NT",
        "price": "3015",
        "price_per_unit": "754",
        "price_unit": "G"
      }
    ]
  },
  {
    "source_url": "https://www.woolworths.com.au/shop/productdetails/1074001257/jomeis-fine-foods-cacao-coconut-duo-pack-480g",
    "name": "Jomeis Fine Foods Cacao & Coconut Duo Pack - 480g",
    "image_url": "https://cdn1.woolworths.media/content/wowproductimages/large/1074001257.jpg",
    "source_id": "Woolworths - 1074001257",
    "barcode": null,
    "shop": "Woolworths",
    "weight": "100G",
    "prices": [
      {
        "state": "NSW",
        "price": "1500",
        "price_per_unit": "313",
        "price_unit": "G"
      },
      {
        "state": "VIC",
        "price": "1500",
        "price_per_unit": "313",
        "price_unit": "G"
      },
      {
        "state": "QLD",
        "price": "1500",
        "price_per_unit": "313",
        "price_unit": "G"
      },
      {
        "state": "WA",
        "price": "1500",
        "price_per_unit": "313",
        "price_unit": "G"
      },
      {
        "state": "SA",
        "price": "1500",
        "price_per_unit": "313",
        "price_unit": "G"
      },
      {
        "state": "TAS",
        "price": "1500",
        "price_per_unit": "313",
        "price_unit": "G"
      },
      {
        "state": "NT",
        "price": "1500",
        "price_per_unit": "313",
        "price_unit": "G"
      }
    ]
  },
  {
    "source_url": "https://www.woolworths.com.au/shop/productdetails/780739/jordans-chunky-nut-crispy-oat-clusters",
    "name": "Jordans Chunky Nut Crispy Oat Clusters 500g",
    "image_url": "https://cdn1.woolworths.media/content/wowproductimages/large/780739.jpg",
    "source_id": "Woolworths - 780739",
    "barcode": "5010477341273",
    "shop": "Woolworths",
    "weight": "100G",
    "prices": [
      {
        "state": "NSW",
        "price": "540",
        "price_per_unit": "108",
        "price_unit": "G"
      },
      {
        "state": "VIC",
        "price": "540",
        "price_per_unit": "108",
        "price_unit": "G"
      },
      {
        "state": "QLD",
        "price": "540",
        "price_per_unit": "108",
        "price_unit": "G"
      },
      {
        "state": "WA",
        "price": "540",
        "price_per_unit": "108",
        "price_unit": "G"
      },
      {
        "state": "SA",
        "price": "540",
        "price_per_unit": "108",
        "price_unit": "G"
      },
      {
        "state": "TAS",
        "price": "900",
        "price_per_unit": "180",
        "price_unit": "G"
      },
      {
        "state": "NT",
        "price": "900",
        "price_per_unit": "180",
        "price_unit": "G"
      }
    ]
  },
  {
    "source_url": "https://www.woolworths.com.au/shop/productdetails/686551/jordans-granola-low-sugar-almond-hazelnut",
    "name": "Jordans Granola Low Sugar Almond Hazelnut 500g",
    "image_url": "https://cdn1.woolworths.media/content/wowproductimages/large/686551.jpg",
    "source_id": "Woolworths - 686551",
    "barcode": "5010477353818",
    "shop": "Woolworths",
    "weight": "100G",
    "prices": [
      {
        "state": "NSW",
        "price": "900",
        "price_per_unit": "180",
        "price_unit": "G"
      },
      {
        "state": "VIC",
        "price": "900",
        "price_per_unit": "180",
        "price_unit": "G"
      },
      {
        "state": "QLD",
        "price": "900",
        "price_per_unit": "180",
        "price_unit": "G"
      },
      {
        "state": "WA",
        "price": "900",
        "price_per_unit": "180",
        "price_unit": "G"
      },
      {
        "state": "SA",
        "price": "900",
        "price_per_unit": "180",
        "price_unit": "G"
      },
      {
        "state": "TAS",
        "price": "900",
        "price_per_unit": "180",
        "price_unit": "G"
      },
      {
        "state": "NT",
        "price": "900",
        "price_per_unit": "180",
        "price_unit": "G"
      }
    ]
  },
  {
    "source_url": "https://www.woolworths.com.au/shop/productdetails/780751/jordans-strawberry-crispy-oat-clusters",
    "name": "Jordans Strawberry Crispy Oat Clusters 500g",
    "image_url": "https://cdn1.woolworths.media/content/wowproductimages/large/780751.jpg",
    "source_id": "Woolworths - 780751",
    "barcode": "5010477341259",
    "shop": "Woolworths",
    "weight": "100G",
    "prices": [
      {
        "state": "NSW",
        "price": "900",
        "price_per_unit": "180",
        "price_unit": "G"
      },
      {
        "state": "VIC",
        "price": "900",
        "price_per_unit": "180",
        "price_unit": "G"
      },
      {
        "state": "QLD",
        "price": "900",
        "price_per_unit": "180",
        "price_unit": "G"
      },
      {
        "state": "WA",
        "price": "900",
        "price_per_unit": "180",
        "price_unit": "G"
      },
      {
        "state": "SA",
        "price": "900",
        "price_per_unit": "180",
        "price_unit": "G"
      },
      {
        "state": "TAS",
        "price": "900",
        "price_per_unit": "180",
        "price_unit": "G"
      },
      {
        "state": "NT",
        "price": "900",
        "price_per_unit": "180",
        "price_unit": "G"
      }
    ]
  },
  {
    "source_url": "https://www.woolworths.com.au/shop/productdetails/701726/kellogg-s-coco-pops-chex-breakfast-cereal",
    "name": "Kellogg's Coco Pops Chex Breakfast Cereal 500g",
    "image_url": "https://cdn1.woolworths.media/content/wowproductimages/large/701726.jpg",
    "source_id": "Woolworths - 701726",
    "barcode": "9310055537217",
    "shop": "Woolworths",
    "weight": "100G",
    "prices": [
      {
        "state": "NSW",
        "price": "900",
        "price_per_unit": "180",
        "price_unit": "G"
      },
      {
        "state": "VIC",
        "price": "900",
        "price_per_unit": "180",
        "price_unit": "G"
      },
      {
        "state": "QLD",
        "price": "900",
        "price_per_unit": "180",
        "price_unit": "G"
      },
      {
        "state": "WA",
        "price": "900",
        "price_per_unit": "180",
        "price_unit": "G"
      },
      {
        "state": "SA",
        "price": "900",
        "price_per_unit": "180",
        "price_unit": "G"
      },
      {
        "state": "TAS",
        "price": "700",
        "price_per_unit": "140",
        "price_unit": "G"
      },
      {
        "state": "NT",
        "price": "700",
        "price_per_unit": "140",
        "price_unit": "G"
      }
    ]
  },
  {
    "source_url": "https://www.woolworths.com.au/shop/productdetails/701707/kellogg-s-coco-pops-chocolatey-breakfast-cereal",
    "name": "Kellogg's Coco Pops Chocolatey Breakfast Cereal 650g",
    "image_url": "https://cdn1.woolworths.media/content/wowproductimages/large/701707.jpg",
    "source_id": "Woolworths - 701707",
    "barcode": "9310055537194",
    "shop": "Woolworths",
    "weight": "100G",
    "prices": [
      {
        "state": "NSW",
        "price": "500",
        "price_per_unit": "77",
        "price_unit": "G"
      },
      {
        "state": "VIC",
        "price": "500",
        "price_per_unit": "77",
        "price_unit": "G"
      },
      {
        "state": "QLD",
        "price": "500",
        "price_per_unit": "77",
        "price_unit": "G"
      },
      {
        "state": "WA",
        "price": "500",
        "price_per_unit": "77",
        "price_unit": "G"
      },
      {
        "state": "SA",
        "price": "500",
        "price_per_unit": "77",
        "price_unit": "G"
      },
      null,
      {
        "state": "NT",
        "price": "1000",
        "price_per_unit": "154",
        "price_unit": "G"
      }
    ]
  },
  {
    "source_url": "https://www.woolworths.com.au/shop/productdetails/481560/kellogg-s-coco-pops-chocos-multigrain-breakfast-cereal",
    "name": "Kellogg's Coco Pops Chocos Multigrain Breakfast Cereal 260g",
    "image_url": "https://cdn1.woolworths.media/content/wowproductimages/large/481560.jpg",
    "source_id": "Woolworths - 481560",
    "barcode": "8852756323108",
    "shop": "Woolworths",
    "weight": "100G",
    "prices": [
      {
        "state": "NSW",
        "price": "700",
        "price_per_unit": "269",
        "price_unit": "G"
      },
      {
        "state": "VIC",
        "price": "700",
        "price_per_unit": "269",
        "price_unit": "G"
      },
      {
        "state": "QLD",
        "price": "700",
        "price_per_unit": "269",
        "price_unit": "G"
      },
      {
        "state": "WA",
        "price": "700",
        "price_per_unit": "269",
        "price_unit": "G"
      },
      {
        "state": "SA",
        "price": "700",
        "price_per_unit": "269",
        "price_unit": "G"
      },
      {
        "state": "TAS",
        "price": "700",
        "price_per_unit": "269",
        "price_unit": "G"
      },
      {
        "state": "NT",
        "price": "700",
        "price_per_unit": "269",
        "price_unit": "G"
      }
    ]
  },
  {
    "source_url": "https://www.woolworths.com.au/shop/productdetails/909248/kellogg-s-coco-pops-pillows-choc-brownie-flavour-cereal",
    "name": "Kellogg's Coco Pops Pillows Choc Brownie Flavour Cereal 310g",
    "image_url": "https://cdn1.woolworths.media/content/wowproductimages/large/909248.jpg",
    "source_id": "Woolworths - 909248",
    "barcode": "9310055106796",
    "shop": "Woolworths",
    "weight": "100G",
    "prices": [
      {
        "state": "NSW",
        "price": "700",
        "price_per_unit": "226",
        "price_unit": "G"
      },
      {
        "state": "VIC",
        "price": "700",
        "price_per_unit": "226",
        "price_unit": "G"
      },
      {
        "state": "QLD",
        "price": "700",
        "price_per_unit": "226",
        "price_unit": "G"
      },
      {
        "state": "WA",
        "price": "700",
        "price_per_unit": "226",
        "price_unit": "G"
      },
      {
        "state": "SA",
        "price": "700",
        "price_per_unit": "226",
        "price_unit": "G"
      },
      {
        "state": "TAS",
        "price": "700",
        "price_per_unit": "226",
        "price_unit": "G"
      },
      {
        "state": "NT",
        "price": "700",
        "price_per_unit": "226",
        "price_unit": "G"
      }
    ]
  },
  {
    "source_url": "https://www.woolworths.com.au/shop/productdetails/701674/kellogg-s-corn-flakes-breakfast-cereal",
    "name": "Kellogg's Corn Flakes Breakfast Cereal 220g",
    "image_url": "https://cdn1.woolworths.media/content/wowproductimages/large/701674.jpg",
    "source_id": "Woolworths - 701674",
    "barcode": "9310055536340",
    "shop": "Woolworths",
    "weight": "100G",
    "prices": [
      {
        "state": "NSW",
        "price": "380",
        "price_per_unit": "173",
        "price_unit": "G"
      },
      {
        "state": "VIC",
        "price": "380",
        "price_per_unit": "173",
        "price_unit": "G"
      },
      {
        "state": "QLD",
        "price": "380",
        "price_per_unit": "173",
        "price_unit": "G"
      },
      {
        "state": "WA",
        "price": "380",
        "price_per_unit": "173",
        "price_unit": "G"
      },
      {
        "state": "SA",
        "price": "380",
        "price_per_unit": "173",
        "price_unit": "G"
      },
      {
        "state": "TAS",
        "price": "380",
        "price_per_unit": "173",
        "price_unit": "G"
      },
      {
        "state": "NT",
        "price": "380",
        "price_per_unit": "173",
        "price_unit": "G"
      }
    ]
  },
  {
    "source_url": "https://www.woolworths.com.au/shop/productdetails/532770/kellogg-s-corn-flakes-breakfast-cereal",
    "name": "Kellogg's Corn Flakes Breakfast Cereal 450g",
    "image_url": "https://cdn1.woolworths.media/content/wowproductimages/large/532770.jpg",
    "source_id": "Woolworths - 532770",
    "barcode": "9310055102699",
    "shop": "Woolworths",
    "weight": "100G",
    "prices": [
      {
        "state": "NSW",
        "price": "295",
        "price_per_unit": "66",
        "price_unit": "G"
      },
      {
        "state": "VIC",
        "price": "295",
        "price_per_unit": "66",
        "price_unit": "G"
      },
      {
        "state": "QLD",
        "price": "295",
        "price_per_unit": "66",
        "price_unit": "G"
      },
      {
        "state": "WA",
        "price": "295",
        "price_per_unit": "66",
        "price_unit": "G"
      },
      {
        "state": "SA",
        "price": "295",
        "price_per_unit": "66",
        "price_unit": "G"
      },
      {
        "state": "TAS",
        "price": "295",
        "price_per_unit": "66",
        "price_unit": "G"
      },
      {
        "state": "NT",
        "price": "295",
        "price_per_unit": "66",
        "price_unit": "G"
      }
    ]
  },
  {
    "source_url": "https://www.woolworths.com.au/shop/productdetails/201949/kellogg-s-corn-flakes-breakfast-cereal",
    "name": "Kellogg's Corn Flakes Breakfast Cereal 890g",
    "image_url": "https://cdn1.woolworths.media/content/wowproductimages/large/201949.jpg",
    "source_id": "Woolworths - 201949",
    "barcode": "9310055105799",
    "shop": "Woolworths",
    "weight": "100G",
    "prices": [
      {
        "state": "NSW",
        "price": "690",
        "price_per_unit": "78",
        "price_unit": "G"
      },
      {
        "state": "VIC",
        "price": "690",
        "price_per_unit": "78",
        "price_unit": "G"
      },
      {
        "state": "QLD",
        "price": "690",
        "price_per_unit": "78",
        "price_unit": "G"
      },
      {
        "state": "WA",
        "price": "690",
        "price_per_unit": "78",
        "price_unit": "G"
      },
      {
        "state": "SA",
        "price": "690",
        "price_per_unit": "78",
        "price_unit": "G"
      },
      {
        "state": "TAS",
        "price": "690",
        "price_per_unit": "78",
        "price_unit": "G"
      },
      {
        "state": "NT",
        "price": "690",
        "price_per_unit": "78",
        "price_unit": "G"
      }
    ]
  },
  {
    "source_url": "https://www.woolworths.com.au/shop/productdetails/428308/kellogg-s-corn-flakes-gluten-free-breakfast-cereal",
    "name": "Kellogg's Corn Flakes Gluten Free Breakfast Cereal 270g",
    "image_url": "https://cdn1.woolworths.media/content/wowproductimages/large/428308.jpg",
    "source_id": "Woolworths - 428308",
    "barcode": "8801083672700",
    "shop": "Woolworths",
    "weight": "100G",
    "prices": [
      {
        "state": "NSW",
        "price": "500",
        "price_per_unit": "185",
        "price_unit": "G"
      },
      {
        "state": "VIC",
        "price": "500",
        "price_per_unit": "185",
        "price_unit": "G"
      },
      {
        "state": "QLD",
        "price": "500",
        "price_per_unit": "185",
        "price_unit": "G"
      },
      {
        "state": "WA",
        "price": "500",
        "price_per_unit": "185",
        "price_unit": "G"
      },
      {
        "state": "SA",
        "price": "500",
        "price_per_unit": "185",
        "price_unit": "G"
      },
      {
        "state": "TAS",
        "price": "500",
        "price_per_unit": "185",
        "price_unit": "G"
      },
      {
        "state": "ACT",
        "price": "500",
        "price_per_unit": "185",
        "price_unit": "G"
      },
      {
        "state": "NT",
        "price": "500",
        "price_per_unit": "185",
        "price_unit": "G"
      },
      {
        "state": "TAS",
        "price": "500",
        "price_per_unit": "185",
        "price_unit": "G"
      },
      {
        "state": "NT",
        "price": "500",
        "price_per_unit": "185",
        "price_unit": "G"
      }
    ]
  },
  {
    "source_url": "https://www.woolworths.com.au/shop/productdetails/202915/kellogg-s-crunchy-nut-corn-flakes-breakfast-cereal",
    "name": "Kellogg's Crunchy Nut Corn Flakes Breakfast Cereal 640g",
    "image_url": "https://cdn1.woolworths.media/content/wowproductimages/large/202915.jpg",
    "source_id": "Woolworths - 202915",
    "barcode": "9310055105805",
    "shop": "Woolworths",
    "weight": "100G",
    "prices": [
      {
        "state": "NSW",
        "price": "500",
        "price_per_unit": "78",
        "price_unit": "G"
      },
      {
        "state": "VIC",
        "price": "500",
        "price_per_unit": "78",
        "price_unit": "G"
      },
      {
        "state": "QLD",
        "price": "500",
        "price_per_unit": "78",
        "price_unit": "G"
      },
      {
        "state": "WA",
        "price": "500",
        "price_per_unit": "78",
        "price_unit": "G"
      },
      {
        "state": "SA",
        "price": "500",
        "price_per_unit": "78",
        "price_unit": "G"
      },
      {
        "state": "TAS",
        "price": "500",
        "price_per_unit": "78",
        "price_unit": "G"
      },
      {
        "state": "NT",
        "price": "1000",
        "price_per_unit": "156",
        "price_unit": "G"
      }
    ]
  },
  {
    "source_url": "https://www.woolworths.com.au/shop/productdetails/202952/kellogg-s-froot-loops-breakfast-cereal",
    "name": "Kellogg's Froot Loops Breakfast Cereal 460g",
    "image_url": "https://cdn1.woolworths.media/content/wowproductimages/large/202952.jpg",
    "source_id": "Woolworths - 202952",
    "barcode": "9310055105812",
    "shop": "Woolworths",
    "weight": "100G",
    "prices": [
      {
        "state": "NSW",
        "price": "500",
        "price_per_unit": "109",
        "price_unit": "G"
      },
      {
        "state": "VIC",
        "price": "500",
        "price_per_unit": "109",
        "price_unit": "G"
      },
      {
        "state": "QLD",
        "price": "500",
        "price_per_unit": "109",
        "price_unit": "G"
      },
      {
        "state": "WA",
        "price": "500",
        "price_per_unit": "109",
        "price_unit": "G"
      },
      {
        "state": "SA",
        "price": "500",
        "price_per_unit": "109",
        "price_unit": "G"
      },
      {
        "state": "TAS",
        "price": "500",
        "price_per_unit": "109",
        "price_unit": "G"
      },
      {
        "state": "NT",
        "price": "1000",
        "price_per_unit": "217",
        "price_unit": "G"
      }
    ]
  },
  {
    "source_url": "https://www.woolworths.com.au/shop/productdetails/962665/kellogg-s-multigrain-corn-flakes",
    "name": "Kellogg's Multigrain Corn Flakes 545g",
    "image_url": "https://cdn1.woolworths.media/content/wowproductimages/large/962665.jpg",
    "source_id": "Woolworths - 962665",
    "barcode": "9310055106932",
    "shop": "Woolworths",
    "weight": "100G",
    "prices": [
      {
        "state": "NSW",
        "price": "600",
        "price_per_unit": "110",
        "price_unit": "G"
      },
      {
        "state": "VIC",
        "price": "600",
        "price_per_unit": "110",
        "price_unit": "G"
      },
      {
        "state": "QLD",
        "price": "600",
        "price_per_unit": "110",
        "price_unit": "G"
      },
      {
        "state": "WA",
        "price": "600",
        "price_per_unit": "110",
        "price_unit": "G"
      },
      {
        "state": "SA",
        "price": "600",
        "price_per_unit": "110",
        "price_unit": "G"
      },
      {
        "state": "TAS",
        "price": "600",
        "price_per_unit": "110",
        "price_unit": "G"
      },
      {
        "state": "NT",
        "price": "600",
        "price_per_unit": "110",
        "price_unit": "G"
      }
    ]
  },
  {
    "source_url": "https://www.woolworths.com.au/shop/productdetails/910382/kellogg-s-nutri-grain-high-protein-crunch-choc-malt-cereal",
    "name": "Kellogg's Nutri Grain High Protein Crunch Choc Malt Cereal 500g",
    "image_url": "https://cdn1.woolworths.media/content/wowproductimages/large/910382.jpg",
    "source_id": "Woolworths - 910382",
    "barcode": "9310055106833",
    "shop": "Woolworths",
    "weight": "100G",
    "prices": [
      {
        "state": "NSW",
        "price": "500",
        "price_per_unit": "100",
        "price_unit": "G"
      },
      {
        "state": "VIC",
        "price": "500",
        "price_per_unit": "100",
        "price_unit": "G"
      },
      {
        "state": "QLD",
        "price": "500",
        "price_per_unit": "100",
        "price_unit": "G"
      },
      {
        "state": "WA",
        "price": "500",
        "price_per_unit": "100",
        "price_unit": "G"
      },
      {
        "state": "SA",
        "price": "500",
        "price_per_unit": "100",
        "price_unit": "G"
      },
      {
        "state": "TAS",
        "price": "1000",
        "price_per_unit": "200",
        "price_unit": "G"
      },
      {
        "state": "NT",
        "price": "1000",
        "price_per_unit": "200",
        "price_unit": "G"
      }
    ]
  },
  {
    "source_url": "https://www.woolworths.com.au/shop/productdetails/202140/kellogg-s-nutri-grain-protein-breakfast-cereal",
    "name": "Kellogg's Nutri Grain Protein Breakfast Cereal 470g",
    "image_url": "https://cdn1.woolworths.media/content/wowproductimages/large/202140.jpg",
    "source_id": "Woolworths - 202140",
    "barcode": "9310055105850",
    "shop": "Woolworths",
    "weight": "100G",
    "prices": [
      {
        "state": "NSW",
        "price": "900",
        "price_per_unit": "191",
        "price_unit": "G"
      },
      {
        "state": "VIC",
        "price": "900",
        "price_per_unit": "191",
        "price_unit": "G"
      },
      {
        "state": "QLD",
        "price": "900",
        "price_per_unit": "191",
        "price_unit": "G"
      },
      {
        "state": "WA",
        "price": "900",
        "price_per_unit": "191",
        "price_unit": "G"
      },
      {
        "state": "SA",
        "price": "900",
        "price_per_unit": "191",
        "price_unit": "G"
      },
      {
        "state": "TAS",
        "price": "700",
        "price_per_unit": "149",
        "price_unit": "G"
      },
      {
        "state": "NT",
        "price": "700",
        "price_per_unit": "149",
        "price_unit": "G"
      }
    ]
  },
  {
    "source_url": "https://www.woolworths.com.au/shop/productdetails/199725/kellogg-s-nutri-grain-protein-breakfast-cereal-large-pack",
    "name": "Kellogg's Nutri-Grain Protein Breakfast Cereal Large Pack 765g",
    "image_url": "https://cdn1.woolworths.media/content/wowproductimages/large/199725.jpg",
    "source_id": "Woolworths - 199725",
    "barcode": "9310055105843",
    "shop": "Woolworths",
    "weight": "100G",
    "prices": [
      {
        "state": "NSW",
        "price": "540",
        "price_per_unit": "71",
        "price_unit": "G"
      },
      {
        "state": "VIC",
        "price": "540",
        "price_per_unit": "71",
        "price_unit": "G"
      },
      {
        "state": "QLD",
        "price": "540",
        "price_per_unit": "71",
        "price_unit": "G"
      },
      {
        "state": "WA",
        "price": "540",
        "price_per_unit": "71",
        "price_unit": "G"
      },
      {
        "state": "SA",
        "price": "540",
        "price_per_unit": "71",
        "price_unit": "G"
      },
      {
        "state": "TAS",
        "price": "1080",
        "price_per_unit": "141",
        "price_unit": "G"
      },
      {
        "state": "NT",
        "price": "1080",
        "price_per_unit": "141",
        "price_unit": "G"
      }
    ]
  },
  {
    "source_url": "https://www.woolworths.com.au/shop/productdetails/701719/kellogg-s-rice-bubbles-puffed-rice-breakfast-cereal",
    "name": "Kellogg's Rice Bubbles Puffed Rice Breakfast Cereal 250g",
    "image_url": "https://cdn1.woolworths.media/content/wowproductimages/large/701719.jpg",
    "source_id": "Woolworths - 701719",
    "barcode": "9310055536623",
    "shop": "Woolworths",
    "weight": "100G",
    "prices": [
      {
        "state": "NSW",
        "price": "540",
        "price_per_unit": "216",
        "price_unit": "G"
      },
      {
        "state": "VIC",
        "price": "540",
        "price_per_unit": "216",
        "price_unit": "G"
      },
      {
        "state": "QLD",
        "price": "540",
        "price_per_unit": "216",
        "price_unit": "G"
      },
      {
        "state": "WA",
        "price": "540",
        "price_per_unit": "216",
        "price_unit": "G"
      },
      {
        "state": "SA",
        "price": "540",
        "price_per_unit": "216",
        "price_unit": "G"
      },
      {
        "state": "TAS",
        "price": "540",
        "price_per_unit": "216",
        "price_unit": "G"
      },
      {
        "state": "NT",
        "price": "540",
        "price_per_unit": "216",
        "price_unit": "G"
      }
    ]
  },
  {
    "source_url": "https://www.woolworths.com.au/shop/productdetails/203930/kellogg-s-rice-bubbles-puffed-rice-breakfast-cereal",
    "name": "Kellogg's Rice Bubbles Puffed Rice Breakfast Cereal 860g",
    "image_url": "https://cdn1.woolworths.media/content/wowproductimages/large/203930.jpg",
    "source_id": "Woolworths - 203930",
    "barcode": "9310055105867",
    "shop": "Woolworths",
    "weight": "100G",
    "prices": [
      {
        "state": "NSW",
        "price": "1000",
        "price_per_unit": "116",
        "price_unit": "G"
      },
      {
        "state": "VIC",
        "price": "1000",
        "price_per_unit": "116",
        "price_unit": "G"
      },
      {
        "state": "QLD",
        "price": "1000",
        "price_per_unit": "116",
        "price_unit": "G"
      },
      {
        "state": "WA",
        "price": "1000",
        "price_per_unit": "116",
        "price_unit": "G"
      },
      {
        "state": "SA",
        "price": "1000",
        "price_per_unit": "116",
        "price_unit": "G"
      },
      {
        "state": "TAS",
        "price": "1000",
        "price_per_unit": "116",
        "price_unit": "G"
      },
      {
        "state": "NT",
        "price": "1000",
        "price_per_unit": "116",
        "price_unit": "G"
      }
    ]
  },
  {
    "source_url": "https://www.woolworths.com.au/shop/productdetails/200413/kellogg-s-sultana-bran-breakfast-cereal",
    "name": "Kellogg's Sultana Bran Breakfast Cereal 700g",
    "image_url": "https://cdn1.woolworths.media/content/wowproductimages/large/200413.jpg",
    "source_id": "Woolworths - 200413",
    "barcode": "9310055105904",
    "shop": "Woolworths",
    "weight": "100G",
    "prices": [
      {
        "state": "NSW",
        "price": "900",
        "price_per_unit": "129",
        "price_unit": "G"
      },
      {
        "state": "VIC",
        "price": "900",
        "price_per_unit": "129",
        "price_unit": "G"
      },
      {
        "state": "QLD",
        "price": "900",
        "price_per_unit": "129",
        "price_unit": "G"
      },
      {
        "state": "WA",
        "price": "900",
        "price_per_unit": "129",
        "price_unit": "G"
      },
      {
        "state": "SA",
        "price": "900",
        "price_per_unit": "129",
        "price_unit": "G"
      },
      {
        "state": "TAS",
        "price": "700",
        "price_per_unit": "100",
        "price_unit": "G"
      },
      {
        "state": "ACT",
        "price": "700",
        "price_per_unit": "100",
        "price_unit": "G"
      },
      {
        "state": "ACT",
        "price": "700",
        "price_per_unit": "100",
        "price_unit": "G"
      },
      {
        "state": "NT",
        "price": "700",
        "price_per_unit": "100",
        "price_unit": "G"
      }
    ]
  },
  {
    "source_url": "https://www.woolworths.com.au/shop/productdetails/766541/kellogg-s-sultana-bran-buds-fibre-breakfast-cereal",
    "name": "Kellogg's Sultana Bran Buds Fibre Breakfast Cereal 450g",
    "image_url": "https://cdn1.woolworths.media/content/wowproductimages/large/766541.jpg",
    "source_id": "Woolworths - 766541",
    "barcode": "5414624321000",
    "shop": "Woolworths",
    "weight": "100G",
    "prices": [
      {
        "state": "NSW",
        "price": "750",
        "price_per_unit": "167",
        "price_unit": "G"
      },
      {
        "state": "VIC",
        "price": "750",
        "price_per_unit": "167",
        "price_unit": "G"
      },
      {
        "state": "QLD",
        "price": "750",
        "price_per_unit": "167",
        "price_unit": "G"
      },
      {
        "state": "WA",
        "price": "750",
        "price_per_unit": "167",
        "price_unit": "G"
      },
      {
        "state": "SA",
        "price": "750",
        "price_per_unit": "167",
        "price_unit": "G"
      },
      {
        "state": "TAS",
        "price": "750",
        "price_per_unit": "167",
        "price_unit": "G"
      },
      {
        "state": "ACT",
        "price": "750",
        "price_per_unit": "167",
        "price_unit": "G"
      },
      {
        "state": "ACT",
        "price": "750",
        "price_per_unit": "167",
        "price_unit": "G"
      },
      {
        "state": "NT",
        "price": "750",
        "price_per_unit": "167",
        "price_unit": "G"
      }
    ]
  },
  {
    "source_url": "https://www.woolworths.com.au/shop/productdetails/968333/kellogg-s-wheat-flakes",
    "name": "Kellogg's Wheat Flakes 575g",
    "image_url": "https://cdn1.woolworths.media/content/wowproductimages/large/968333.jpg",
    "source_id": "Woolworths - 968333",
    "barcode": "9310055106840",
    "shop": "Woolworths",
    "weight": "100G",
    "prices": [
      {
        "state": "NSW",
        "price": "550",
        "price_per_unit": "96",
        "price_unit": "G"
      },
      {
        "state": "VIC",
        "price": "550",
        "price_per_unit": "96",
        "price_unit": "G"
      },
      {
        "state": "QLD",
        "price": "550",
        "price_per_unit": "96",
        "price_unit": "G"
      },
      {
        "state": "WA",
        "price": "550",
        "price_per_unit": "96",
        "price_unit": "G"
      },
      {
        "state": "SA",
        "price": "550",
        "price_per_unit": "96",
        "price_unit": "G"
      },
      {
        "state": "TAS",
        "price": "550",
        "price_per_unit": "96",
        "price_unit": "G"
      },
      {
        "state": "ACT",
        "price": "550",
        "price_per_unit": "96",
        "price_unit": "G"
      },
      {
        "state": "ACT",
        "price": "550",
        "price_per_unit": "96",
        "price_unit": "G"
      },
      {
        "state": "NT",
        "price": "550",
        "price_per_unit": "96",
        "price_unit": "G"
      }
    ]
  },
  {
    "source_url": "https://www.woolworths.com.au/shop/productdetails/1074032868/mother-earth-baked-oaty-slices-36-bars-1-44kg",
    "name": "Mother Earth Baked Oaty Slices 36 Bars 1.44kg",
    "image_url": "https://cdn1.woolworths.media/content/wowproductimages/large/1074032868.jpg",
    "source_id": "Woolworths - 1074032868",
    "barcode": null,
    "shop": "Woolworths",
    "weight": "100G",
    "prices": [
      {
        "state": "NSW",
        "price": "4125",
        "price_per_unit": "286",
        "price_unit": "G"
      },
      {
        "state": "VIC",
        "price": "4125",
        "price_per_unit": "286",
        "price_unit": "G"
      },
      {
        "state": "QLD",
        "price": "4125",
        "price_per_unit": "286",
        "price_unit": "G"
      },
      {
        "state": "WA",
        "price": "4125",
        "price_per_unit": "286",
        "price_unit": "G"
      },
      {
        "state": "SA",
        "price": "4125",
        "price_per_unit": "286",
        "price_unit": "G"
      },
      {
        "state": "TAS",
        "price": "4125",
        "price_per_unit": "286",
        "price_unit": "G"
      },
      {
        "state": "ACT",
        "price": "4125",
        "price_per_unit": "286",
        "price_unit": "G"
      },
      {
        "state": "NT",
        "price": "4125",
        "price_per_unit": "286",
        "price_unit": "G"
      }
    ]
  },
  {
    "source_url": "https://www.woolworths.com.au/shop/productdetails/387352/nestle-milo-breakfast-cereal",
    "name": "Nestle Milo Breakfast Cereal 620g",
    "image_url": "https://cdn1.woolworths.media/content/wowproductimages/large/387352.jpg",
    "source_id": "Woolworths - 387352",
    "barcode": "9300605153578",
    "shop": "Woolworths",
    "weight": "100G",
    "prices": [
      {
        "state": "NSW",
        "price": "950",
        "price_per_unit": "153",
        "price_unit": "G"
      },
      {
        "state": "VIC",
        "price": "950",
        "price_per_unit": "153",
        "price_unit": "G"
      },
      {
        "state": "QLD",
        "price": "950",
        "price_per_unit": "153",
        "price_unit": "G"
      },
      {
        "state": "WA",
        "price": "950",
        "price_per_unit": "153",
        "price_unit": "G"
      },
      {
        "state": "SA",
        "price": "950",
        "price_per_unit": "153",
        "price_unit": "G"
      },
      {
        "state": "TAS",
        "price": "750",
        "price_per_unit": "121",
        "price_unit": "G"
      },
      {
        "state": "ACT",
        "price": "750",
        "price_per_unit": "121",
        "price_unit": "G"
      },
      {
        "state": "NT",
        "price": "750",
        "price_per_unit": "121",
        "price_unit": "G"
      }
    ]
  },
  {
    "source_url": "https://www.woolworths.com.au/shop/productdetails/1074114498/telma-kariot-cereal-nougat-686g",
    "name": "Telma Kariot Cereal Nougat 686g",
    "image_url": "https://cdn1.woolworths.media/content/wowproductimages/large/1074114498.jpg",
    "source_id": "Woolworths - 1074114498",
    "barcode": null,
    "shop": "Woolworths",
    "weight": "100G",
    "prices": [
      {
        "state": "NSW",
        "price": "2549",
        "price_per_unit": "372",
        "price_unit": "G"
      },
      {
        "state": "VIC",
        "price": "2549",
        "price_per_unit": "372",
        "price_unit": "G"
      },
      {
        "state": "QLD",
        "price": "2549",
        "price_per_unit": "372",
        "price_unit": "G"
      },
      {
        "state": "WA",
        "price": "2549",
        "price_per_unit": "372",
        "price_unit": "G"
      },
      {
        "state": "SA",
        "price": "2549",
        "price_per_unit": "372",
        "price_unit": "G"
      },
      {
        "state": "TAS",
        "price": "2549",
        "price_per_unit": "372",
        "price_unit": "G"
      },
      {
        "state": "NT",
        "price": "2549",
        "price_per_unit": "372",
        "price_unit": "G"
      }
    ]
  },
  {
    "source_url": "https://www.woolworths.com.au/shop/productdetails/387064/uncle-tobys-cheerios-original-cereal",
    "name": "Uncle Tobys Cheerios Original Cereal 560g",
    "image_url": "https://cdn1.woolworths.media/content/wowproductimages/large/387064.jpg",
    "source_id": "Woolworths - 387064",
    "barcode": "9300605153721",
    "shop": "Woolworths",
    "weight": "100G",
    "prices": [
      {
        "state": "NSW",
        "price": "750",
        "price_per_unit": "134",
        "price_unit": "G"
      },
      {
        "state": "VIC",
        "price": "750",
        "price_per_unit": "134",
        "price_unit": "G"
      },
      {
        "state": "QLD",
        "price": "750",
        "price_per_unit": "134",
        "price_unit": "G"
      },
      {
        "state": "WA",
        "price": "750",
        "price_per_unit": "134",
        "price_unit": "G"
      },
      {
        "state": "SA",
        "price": "750",
        "price_per_unit": "134",
        "price_unit": "G"
      },
      {
        "state": "TAS",
        "price": "750",
        "price_per_unit": "134",
        "price_unit": "G"
      },
      {
        "state": "ACT",
        "price": "750",
        "price_per_unit": "134",
        "price_unit": "G"
      },
      {
        "state": "NT",
        "price": "750",
        "price_per_unit": "134",
        "price_unit": "G"
      }
    ]
  },
  {
    "source_url": "https://www.woolworths.com.au/shop/productdetails/329104/uncle-tobys-fruity-bites-wildberry-flavour-breakfast-cereal",
    "name": "Uncle Tobys Fruity Bites Wildberry Flavour Breakfast Cereal 500g",
    "image_url": "https://cdn1.woolworths.media/content/wowproductimages/large/329104.jpg",
    "source_id": "Woolworths - 329104",
    "barcode": "9300605050747",
    "shop": "Woolworths",
    "weight": "100G",
    "prices": [
      {
        "state": "NSW",
        "price": "650",
        "price_per_unit": "130",
        "price_unit": "G"
      },
      {
        "state": "VIC",
        "price": "650",
        "price_per_unit": "130",
        "price_unit": "G"
      },
      {
        "state": "QLD",
        "price": "650",
        "price_per_unit": "130",
        "price_unit": "G"
      },
      {
        "state": "WA",
        "price": "650",
        "price_per_unit": "130",
        "price_unit": "G"
      },
      {
        "state": "SA",
        "price": "650",
        "price_per_unit": "130",
        "price_unit": "G"
      },
      {
        "state": "TAS",
        "price": "650",
        "price_per_unit": "130",
        "price_unit": "G"
      },
      {
        "state": "ACT",
        "price": "650",
        "price_per_unit": "130",
        "price_unit": "G"
      },
      {
        "state": "NT",
        "price": "665",
        "price_per_unit": "133",
        "price_unit": "G"
      }
    ]
  },
  {
    "source_url": "https://www.woolworths.com.au/shop/productdetails/827576/uncle-tobys-oat-crisp-honey-macadamia-breakfast-cereal",
    "name": "Uncle Tobys Oat Crisp Honey & Macadamia Breakfast Cereal 475g",
    "image_url": "https://cdn1.woolworths.media/content/wowproductimages/large/827576.jpg",
    "source_id": "Woolworths - 827576",
    "barcode": "9300605100121",
    "shop": "Woolworths",
    "weight": "100G",
    "prices": [
      {
        "state": "NSW",
        "price": "600",
        "price_per_unit": "126",
        "price_unit": "G"
      },
      {
        "state": "VIC",
        "price": "600",
        "price_per_unit": "126",
        "price_unit": "G"
      },
      {
        "state": "QLD",
        "price": "600",
        "price_per_unit": "126",
        "price_unit": "G"
      },
      {
        "state": "WA",
        "price": "600",
        "price_per_unit": "126",
        "price_unit": "G"
      },
      {
        "state": "SA",
        "price": "600",
        "price_per_unit": "126",
        "price_unit": "G"
      },
      {
        "state": "TAS",
        "price": "600",
        "price_per_unit": "126",
        "price_unit": "G"
      },
      {
        "state": "ACT",
        "price": "600",
        "price_per_unit": "126",
        "price_unit": "G"
      },
      {
        "state": "NT",
        "price": "600",
        "price_per_unit": "126",
        "price_unit": "G"
      }
    ]
  },
  {
    "source_url": "https://www.woolworths.com.au/shop/productdetails/588901/uncle-tobys-original-shredded-wheat-biscuits",
    "name": "Uncle Tobys Original Shredded Wheat Biscuits 16 pack",
    "image_url": "https://cdn1.woolworths.media/content/wowproductimages/large/588901.jpg",
    "source_id": "Woolworths - 588901",
    "barcode": "8445290974518",
    "shop": "Woolworths",
    "weight": "100G",
    "prices": [
      {
        "state": "NSW",
        "price": "850",
        "price_per_unit": "236",
        "price_unit": "G"
      },
      {
        "state": "VIC",
        "price": "850",
        "price_per_unit": "236",
        "price_unit": "G"
      },
      {
        "state": "QLD",
        "price": "850",
        "price_per_unit": "236",
        "price_unit": "G"
      },
      {
        "state": "WA",
        "price": "850",
        "price_per_unit": "236",
        "price_unit": "G"
      },
      {
        "state": "SA",
        "price": "850",
        "price_per_unit": "236",
        "price_unit": "G"
      },
      {
        "state": "TAS",
        "price": "850",
        "price_per_unit": "236",
        "price_unit": "G"
      },
      {
        "state": "ACT",
        "price": "850",
        "price_per_unit": "236",
        "price_unit": "G"
      },
      {
        "state": "NT",
        "price": "850",
        "price_per_unit": "236",
        "price_unit": "G"
      }
    ]
  },
  {
    "source_url": "https://www.woolworths.com.au/shop/productdetails/387462/uncle-tobys-plus-antioxidant",
    "name": "Uncle Tobys Plus Antioxidant 675g",
    "image_url": "https://cdn1.woolworths.media/content/wowproductimages/large/387462.jpg",
    "source_id": "Woolworths - 387462",
    "barcode": "9300605153776",
    "shop": "Woolworths",
    "weight": "100G",
    "prices": [
      {
        "state": "NSW",
        "price": "880",
        "price_per_unit": "130",
        "price_unit": "G"
      },
      {
        "state": "VIC",
        "price": "880",
        "price_per_unit": "130",
        "price_unit": "G"
      },
      {
        "state": "QLD",
        "price": "880",
        "price_per_unit": "130",
        "price_unit": "G"
      },
      {
        "state": "WA",
        "price": "880",
        "price_per_unit": "130",
        "price_unit": "G"
      },
      {
        "state": "SA",
        "price": "880",
        "price_per_unit": "130",
        "price_unit": "G"
      },
      {
        "state": "TAS",
        "price": "880",
        "price_per_unit": "130",
        "price_unit": "G"
      },
      {
        "state": "ACT",
        "price": "700",
        "price_per_unit": "104",
        "price_unit": "G"
      },
      {
        "state": "NT",
        "price": "700",
        "price_per_unit": "104",
        "price_unit": "G"
      }
    ]
  },
  {
    "source_url": "https://www.woolworths.com.au/shop/productdetails/387015/uncle-tobys-plus-iron-cereal",
    "name": "Uncle Tobys Plus Iron Cereal 630g",
    "image_url": "https://cdn1.woolworths.media/content/wowproductimages/large/387015.jpg",
    "source_id": "Woolworths - 387015",
    "barcode": "9300605153783",
    "shop": "Woolworths",
    "weight": "100G",
    "prices": [
      {
        "state": "NSW",
        "price": "880",
        "price_per_unit": "140",
        "price_unit": "G"
      },
      {
        "state": "VIC",
        "price": "880",
        "price_per_unit": "140",
        "price_unit": "G"
      },
      {
        "state": "QLD",
        "price": "880",
        "price_per_unit": "140",
        "price_unit": "G"
      },
      {
        "state": "WA",
        "price": "880",
        "price_per_unit": "140",
        "price_unit": "G"
      },
      {
        "state": "SA",
        "price": "880",
        "price_per_unit": "140",
        "price_unit": "G"
      },
      {
        "state": "TAS",
        "price": "880",
        "price_per_unit": "140",
        "price_unit": "G"
      },
      {
        "state": "ACT",
        "price": "700",
        "price_per_unit": "111",
        "price_unit": "G"
      },
      {
        "state": "NT",
        "price": "700",
        "price_per_unit": "111",
        "price_unit": "G"
      }
    ]
  },
  {
    "source_url": "https://www.woolworths.com.au/shop/productdetails/36369/uncle-tobys-vita-brits-breakfast-cereal",
    "name": "Uncle Tobys Vita Brits Breakfast Cereal 1kg",
    "image_url": "https://cdn1.woolworths.media/content/wowproductimages/large/036369.jpg",
    "source_id": "Woolworths - 36369",
    "barcode": "9310060100130",
    "shop": "Woolworths",
    "weight": "100G",
    "prices": [
      {
        "state": "NSW",
        "price": "600",
        "price_per_unit": "60",
        "price_unit": "G"
      },
      {
        "state": "VIC",
        "price": "600",
        "price_per_unit": "60",
        "price_unit": "G"
      },
      {
        "state": "QLD",
        "price": "600",
        "price_per_unit": "60",
        "price_unit": "G"
      },
      {
        "state": "WA",
        "price": "600",
        "price_per_unit": "60",
        "price_unit": "G"
      },
      {
        "state": "SA",
        "price": "600",
        "price_per_unit": "60",
        "price_unit": "G"
      },
      {
        "state": "TAS",
        "price": "600",
        "price_per_unit": "60",
        "price_unit": "G"
      },
      {
        "state": "ACT",
        "price": "600",
        "price_per_unit": "60",
        "price_unit": "G"
      },
      {
        "state": "NT",
        "price": "630",
        "price_per_unit": "63",
        "price_unit": "G"
      }
    ]
  },
  {
    "source_url": "https://www.woolworths.com.au/shop/productdetails/757757/weet-bix-bites-coco-crunch",
    "name": "Weet - Bix Bites Coco Crunch 500g",
    "image_url": "https://cdn1.woolworths.media/content/wowproductimages/large/757757.jpg",
    "source_id": "Woolworths - 757757",
    "barcode": "9300652813432",
    "shop": "Woolworths",
    "weight": "100G",
    "prices": [
      {
        "state": "NSW",
        "price": "600",
        "price_per_unit": "120",
        "price_unit": "G"
      },
      {
        "state": "VIC",
        "price": "600",
        "price_per_unit": "120",
        "price_unit": "G"
      },
      {
        "state": "QLD",
        "price": "600",
        "price_per_unit": "120",
        "price_unit": "G"
      },
      {
        "state": "WA",
        "price": "600",
        "price_per_unit": "120",
        "price_unit": "G"
      },
      {
        "state": "TAS",
        "price": "600",
        "price_per_unit": "120",
        "price_unit": "G"
      },
      {
        "state": "ACT",
        "price": "600",
        "price_per_unit": "120",
        "price_unit": "G"
      },
      {
        "state": "NT",
        "price": "600",
        "price_per_unit": "120",
        "price_unit": "G"
      }
    ]
  },
  {
    "source_url": "https://www.woolworths.com.au/shop/productdetails/319333/weet-bix-bites-crunchy-honey-breakfast-cereal",
    "name": "Weet - Bix Bites Crunchy Honey Breakfast Cereal 510g",
    "image_url": "https://cdn1.woolworths.media/content/wowproductimages/large/319333.jpg",
    "source_id": "Woolworths - 319333",
    "barcode": "9300652801309",
    "shop": "Woolworths",
    "weight": "100G",
    "prices": [
      {
        "state": "NSW",
        "price": "600",
        "price_per_unit": "118",
        "price_unit": "G"
      },
      {
        "state": "VIC",
        "price": "600",
        "price_per_unit": "118",
        "price_unit": "G"
      },
      {
        "state": "QLD",
        "price": "600",
        "price_per_unit": "118",
        "price_unit": "G"
      },
      {
        "state": "WA",
        "price": "600",
        "price_per_unit": "118",
        "price_unit": "G"
      },
      {
        "state": "TAS",
        "price": "600",
        "price_per_unit": "118",
        "price_unit": "G"
      },
      {
        "state": "ACT",
        "price": "600",
        "price_per_unit": "118",
        "price_unit": "G"
      },
      {
        "state": "NT",
        "price": "600",
        "price_per_unit": "118",
        "price_unit": "G"
      }
    ]
  },
  {
    "source_url": "https://www.woolworths.com.au/shop/productdetails/319428/weet-bix-bites-wild-berry-breakfast-cereal",
    "name": "Weet - Bix Bites Wild Berry Breakfast Cereal 500g",
    "image_url": "https://cdn1.woolworths.media/content/wowproductimages/large/319428.jpg",
    "source_id": "Woolworths - 319428",
    "barcode": "9300652801286",
    "shop": "Woolworths",
    "weight": "100G",
    "prices": [
      {
        "state": "NSW",
        "price": "600",
        "price_per_unit": "120",
        "price_unit": "G"
      },
      {
        "state": "VIC",
        "price": "600",
        "price_per_unit": "120",
        "price_unit": "G"
      },
      {
        "state": "QLD",
        "price": "600",
        "price_per_unit": "120",
        "price_unit": "G"
      },
      {
        "state": "WA",
        "price": "600",
        "price_per_unit": "120",
        "price_unit": "G"
      },
      {
        "state": "TAS",
        "price": "600",
        "price_per_unit": "120",
        "price_unit": "G"
      },
      {
        "state": "ACT",
        "price": "600",
        "price_per_unit": "120",
        "price_unit": "G"
      },
      {
        "state": "NT",
        "price": "600",
        "price_per_unit": "120",
        "price_unit": "G"
      }
    ]
  },
  {
    "source_url": "https://www.woolworths.com.au/shop/productdetails/200695/weet-bix-breakfast-cereal",
    "name": "Weet - Bix Breakfast Cereal 1.2kg",
    "image_url": "https://cdn1.woolworths.media/content/wowproductimages/large/200695.jpg",
    "source_id": "Woolworths - 200695",
    "barcode": "9300652010794",
    "shop": "Woolworths",
    "weight": "100G",
    "prices": [
      {
        "state": "NSW",
        "price": "600",
        "price_per_unit": "50",
        "price_unit": "G"
      },
      {
        "state": "VIC",
        "price": "600",
        "price_per_unit": "50",
        "price_unit": "G"
      },
      {
        "state": "QLD",
        "price": "600",
        "price_per_unit": "50",
        "price_unit": "G"
      },
      {
        "state": "WA",
        "price": "600",
        "price_per_unit": "50",
        "price_unit": "G"
      },
      {
        "state": "TAS",
        "price": "600",
        "price_per_unit": "50",
        "price_unit": "G"
      },
      {
        "state": "ACT",
        "price": "600",
        "price_per_unit": "50",
        "price_unit": "G"
      },
      {
        "state": "NT",
        "price": "600",
        "price_per_unit": "50",
        "price_unit": "G"
      }
    ]
  },
  {
    "source_url": "https://www.woolworths.com.au/shop/productdetails/33021/weet-bix-breakfast-cereal",
    "name": "Weet - Bix Breakfast Cereal 375g",
    "image_url": "https://cdn1.woolworths.media/content/wowproductimages/large/033021.jpg",
    "source_id": "Woolworths - 33021",
    "barcode": "9300652010374",
    "shop": "Woolworths",
    "weight": "100G",
    "prices": [
      {
        "state": "NSW",
        "price": "350",
        "price_per_unit": "93",
        "price_unit": "G"
      },
      {
        "state": "VIC",
        "price": "350",
        "price_per_unit": "93",
        "price_unit": "G"
      },
      {
        "state": "QLD",
        "price": "350",
        "price_per_unit": "93",
        "price_unit": "G"
      },
      {
        "state": "WA",
        "price": "350",
        "price_per_unit": "93",
        "price_unit": "G"
      },
      {
        "state": "TAS",
        "price": "350",
        "price_per_unit": "93",
        "price_unit": "G"
      },
      {
        "state": "ACT",
        "price": "350",
        "price_per_unit": "93",
        "price_unit": "G"
      },
      {
        "state": "NT",
        "price": "350",
        "price_per_unit": "93",
        "price_unit": "G"
      }
    ]
  },
  {
    "source_url": "https://www.woolworths.com.au/shop/productdetails/793114/weet-bix-breakfast-cereal",
    "name": "Weet - Bix Breakfast Cereal 575g",
    "image_url": "https://cdn1.woolworths.media/content/wowproductimages/large/793114.jpg",
    "source_id": "Woolworths - 793114",
    "barcode": "9300652805048",
    "shop": "Woolworths",
    "weight": "100G",
    "prices": [
      {
        "state": "NSW",
        "price": "440",
        "price_per_unit": "77",
        "price_unit": "G"
      },
      {
        "state": "VIC",
        "price": "440",
        "price_per_unit": "77",
        "price_unit": "G"
      },
      {
        "state": "QLD",
        "price": "440",
        "price_per_unit": "77",
        "price_unit": "G"
      },
      {
        "state": "WA",
        "price": "440",
        "price_per_unit": "77",
        "price_unit": "G"
      },
      {
        "state": "TAS",
        "price": "440",
        "price_per_unit": "77",
        "price_unit": "G"
      },
      {
        "state": "ACT",
        "price": "440",
        "price_per_unit": "77",
        "price_unit": "G"
      },
      {
        "state": "NT",
        "price": "440",
        "price_per_unit": "77",
        "price_unit": "G"
      }
    ]
  },
  {
    "source_url": "https://www.woolworths.com.au/shop/productdetails/794875/weet-bix-gluten-free-breakfast-cereal",
    "name": "Weet - Bix Gluten Free Breakfast Cereal 375g",
    "image_url": "https://cdn1.woolworths.media/content/wowproductimages/large/794875.jpg",
    "source_id": "Woolworths - 794875",
    "barcode": "9300652804874",
    "shop": "Woolworths",
    "weight": "100G",
    "prices": [
      {
        "state": "NSW",
        "price": "460",
        "price_per_unit": "123",
        "price_unit": "G"
      },
      {
        "state": "VIC",
        "price": "460",
        "price_per_unit": "123",
        "price_unit": "G"
      },
      {
        "state": "QLD",
        "price": "460",
        "price_per_unit": "123",
        "price_unit": "G"
      },
      {
        "state": "WA",
        "price": "460",
        "price_per_unit": "123",
        "price_unit": "G"
      },
      {
        "state": "SA",
        "price": "460",
        "price_per_unit": "123",
        "price_unit": "G"
      },
      {
        "state": "TAS",
        "price": "460",
        "price_per_unit": "123",
        "price_unit": "G"
      },
      {
        "state": "ACT",
        "price": "460",
        "price_per_unit": "123",
        "price_unit": "G"
      },
      {
        "state": "TAS",
        "price": "460",
        "price_per_unit": "123",
        "price_unit": "G"
      },
      {
        "state": "ACT",
        "price": "460",
        "price_per_unit": "123",
        "price_unit": "G"
      },
      {
        "state": "NT",
        "price": "460",
        "price_per_unit": "123",
        "price_unit": "G"
      }
    ]
  },
  {
    "source_url": "https://www.woolworths.com.au/shop/productdetails/245169/weet-bix-weet-bix-blends-multi-grain-breakfast-cereal",
    "name": "Weet - Bix Weet-Bix Blends Multi-Grain+ Breakfast Cereal 575G",
    "image_url": "https://cdn1.woolworths.media/content/wowproductimages/large/245169.jpg",
    "source_id": "Woolworths - 245169",
    "barcode": "9300652014396",
    "shop": "Woolworths",
    "weight": "100G",
    "prices": [
      {
        "state": "NSW",
        "price": "600",
        "price_per_unit": "104",
        "price_unit": "G"
      },
      {
        "state": "VIC",
        "price": "600",
        "price_per_unit": "104",
        "price_unit": "G"
      },
      {
        "state": "QLD",
        "price": "600",
        "price_per_unit": "104",
        "price_unit": "G"
      },
      {
        "state": "WA",
        "price": "600",
        "price_per_unit": "104",
        "price_unit": "G"
      },
      {
        "state": "TAS",
        "price": "600",
        "price_per_unit": "104",
        "price_unit": "G"
      },
      {
        "state": "ACT",
        "price": "600",
        "price_per_unit": "104",
        "price_unit": "G"
      },
      {
        "state": "NT",
        "price": "600",
        "price_per_unit": "104",
        "price_unit": "G"
      }
    ]
  },
  {
    "source_url": "https://www.woolworths.com.au/shop/productdetails/658537/weet-bix-weet-bix-cholesterol-lowering-breakfast-cereal",
    "name": "Weet - Bix Weet-Bix Cholesterol Lowering Breakfast Cereal 440G",
    "image_url": "https://cdn1.woolworths.media/content/wowproductimages/large/658537.jpg",
    "source_id": "Woolworths - 658537",
    "barcode": "9300652808339",
    "shop": "Woolworths",
    "weight": "100G",
    "prices": [
      {
        "state": "NSW",
        "price": "700",
        "price_per_unit": "159",
        "price_unit": "G"
      },
      {
        "state": "VIC",
        "price": "700",
        "price_per_unit": "159",
        "price_unit": "G"
      },
      {
        "state": "QLD",
        "price": "700",
        "price_per_unit": "159",
        "price_unit": "G"
      },
      {
        "state": "WA",
        "price": "700",
        "price_per_unit": "159",
        "price_unit": "G"
      },
      {
        "state": "TAS",
        "price": "700",
        "price_per_unit": "159",
        "price_unit": "G"
      },
      {
        "state": "ACT",
        "price": "700",
        "price_per_unit": "159",
        "price_unit": "G"
      },
      {
        "state": "NT",
        "price": "700",
        "price_per_unit": "159",
        "price_unit": "G"
      }
    ]
  },
  {
    "source_url": "https://www.woolworths.com.au/shop/productdetails/142976/weet-bix-weet-bix-little-kids-essentials-breakfast-cereal",
    "name": "Weet - Bix Weet-Bix Little Kids Essentials Breakfast Cereal 400G",
    "image_url": "https://cdn1.woolworths.media/content/wowproductimages/large/142976.jpg",
    "source_id": "Woolworths - 142976",
    "barcode": "9300652810257",
    "shop": "Woolworths",
    "weight": "100G",
    "prices": [
      {
        "state": "NSW",
        "price": "450",
        "price_per_unit": "113",
        "price_unit": "G"
      },
      {
        "state": "VIC",
        "price": "450",
        "price_per_unit": "113",
        "price_unit": "G"
      },
      {
        "state": "QLD",
        "price": "450",
        "price_per_unit": "113",
        "price_unit": "G"
      },
      {
        "state": "WA",
        "price": "450",
        "price_per_unit": "113",
        "price_unit": "G"
      },
      {
        "state": "TAS",
        "price": "450",
        "price_per_unit": "113",
        "price_unit": "G"
      },
      {
        "state": "ACT",
        "price": "450",
        "price_per_unit": "113",
        "price_unit": "G"
      },
      {
        "state": "NT",
        "price": "473",
        "price_per_unit": "118",
        "price_unit": "G"
      }
    ]
  },
  {
    "source_url": "https://www.woolworths.com.au/shop/productdetails/246967/weet-bix-weet-bix-organic-breakfast-cereal",
    "name": "Weet - Bix Weet-Bix Organic Breakfast Cereal 750G",
    "image_url": "https://cdn1.woolworths.media/content/wowproductimages/large/246967.jpg",
    "source_id": "Woolworths - 246967",
    "barcode": "9300652014457",
    "shop": "Woolworths",
    "weight": "100G",
    "prices": [
      {
        "state": "NSW",
        "price": "650",
        "price_per_unit": "87",
        "price_unit": "G"
      },
      {
        "state": "VIC",
        "price": "650",
        "price_per_unit": "87",
        "price_unit": "G"
      },
      {
        "state": "QLD",
        "price": "650",
        "price_per_unit": "87",
        "price_unit": "G"
      },
      {
        "state": "WA",
        "price": "650",
        "price_per_unit": "87",
        "price_unit": "G"
      },
      {
        "state": "TAS",
        "price": "650",
        "price_per_unit": "87",
        "price_unit": "G"
      },
      {
        "state": "ACT",
        "price": "650",
        "price_per_unit": "87",
        "price_unit": "G"
      },
      {
        "state": "NT",
        "price": "650",
        "price_per_unit": "87",
        "price_unit": "G"
      }
    ]
  },
  {
    "source_url": "https://www.woolworths.com.au/shop/productdetails/770052/woolworths-free-from-gluten-cereal-cornflakes",
    "name": "Woolworths Free From Gluten Cereal Cornflakes 375g",
    "image_url": "https://cdn1.woolworths.media/content/wowproductimages/large/770052.jpg",
    "source_id": "Woolworths - 770052",
    "barcode": "9300633453046",
    "shop": "Woolworths",
    "weight": "100G",
    "prices": [
      {
        "state": "NSW",
        "price": "450",
        "price_per_unit": "120",
        "price_unit": "G"
      },
      {
        "state": "VIC",
        "price": "450",
        "price_per_unit": "120",
        "price_unit": "G"
      },
      {
        "state": "QLD",
        "price": "450",
        "price_per_unit": "120",
        "price_unit": "G"
      },
      {
        "state": "SA",
        "price": "450",
        "price_per_unit": "120",
        "price_unit": "G"
      },
      {
        "state": "TAS",
        "price": "450",
        "price_per_unit": "120",
        "price_unit": "G"
      },
      {
        "state": "ACT",
        "price": "450",
        "price_per_unit": "120",
        "price_unit": "G"
      },
      {
        "state": "TAS",
        "price": "450",
        "price_per_unit": "120",
        "price_unit": "G"
      },
      {
        "state": "ACT",
        "price": "450",
        "price_per_unit": "120",
        "price_unit": "G"
      },
      {
        "state": "NT",
        "price": "450",
        "price_per_unit": "120",
        "price_unit": "G"
      }
    ]
  },
  {
    "source_url": "https://www.woolworths.com.au/shop/productdetails/205729/arnold-s-farm-porridge-sachets-berry-blend",
    "name": "Arnold's Farm Porridge Sachets Berry Blend 8 Pack",
    "image_url": "https://cdn1.woolworths.media/content/wowproductimages/large/205729.jpg",
    "source_id": "Woolworths - 205729",
    "barcode": "9326666210098",
    "shop": "Woolworths",
    "weight": "100G",
    "prices": [
      {
        "state": "VIC",
        "price": "450",
        "price_per_unit": "122",
        "price_unit": "G"
      },
      {
        "state": "QLD",
        "price": "450",
        "price_per_unit": "122",
        "price_unit": "G"
      },
      {
        "state": "WA",
        "price": "450",
        "price_per_unit": "122",
        "price_unit": "G"
      },
      {
        "state": "SA",
        "price": "450",
        "price_per_unit": "122",
        "price_unit": "G"
      },
      {
        "state": "TAS",
        "price": "450",
        "price_per_unit": "122",
        "price_unit": "G"
      },
      {
        "state": "ACT",
        "price": "450",
        "price_per_unit": "122",
        "price_unit": "G"
      },
      {
        "state": "NT",
        "price": "450",
        "price_per_unit": "122",
        "price_unit": "G"
      }
    ]
  },
  {
    "source_url": "https://www.woolworths.com.au/shop/productdetails/207996/arnold-s-farm-porridge-sachets-creamy-honey",
    "name": "Arnold's Farm Porridge Sachets Creamy Honey 8 Pack",
    "image_url": "https://cdn1.woolworths.media/content/wowproductimages/large/207996.jpg",
    "source_id": "Woolworths - 207996",
    "barcode": "9326666210081",
    "shop": "Woolworths",
    "weight": "100G",
    "prices": [
      {
        "state": "VIC",
        "price": "450",
        "price_per_unit": "122",
        "price_unit": "G"
      },
      {
        "state": "QLD",
        "price": "450",
        "price_per_unit": "122",
        "price_unit": "G"
      },
      {
        "state": "WA",
        "price": "450",
        "price_per_unit": "122",
        "price_unit": "G"
      },
      {
        "state": "SA",
        "price": "450",
        "price_per_unit": "122",
        "price_unit": "G"
      },
      {
        "state": "TAS",
        "price": "450",
        "price_per_unit": "122",
        "price_unit": "G"
      },
      {
        "state": "ACT",
        "price": "450",
        "price_per_unit": "122",
        "price_unit": "G"
      },
      {
        "state": "NT",
        "price": "450",
        "price_per_unit": "122",
        "price_unit": "G"
      }
    ]
  },
  {
    "source_url": "https://www.woolworths.com.au/shop/productdetails/566777/arnott-s-teeny-tiny-teddy-choc-cereal",
    "name": "Arnott's Teeny Tiny Teddy Choc Cereal 350g",
    "image_url": "https://cdn1.woolworths.media/content/wowproductimages/large/566777.jpg",
    "source_id": "Woolworths - 566777",
    "barcode": "9326666710192",
    "shop": "Woolworths",
    "weight": "100G",
    "prices": [
      {
        "state": "VIC",
        "price": "640",
        "price_per_unit": "183",
        "price_unit": "G"
      },
      {
        "state": "QLD",
        "price": "640",
        "price_per_unit": "183",
        "price_unit": "G"
      },
      {
        "state": "WA",
        "price": "640",
        "price_per_unit": "183",
        "price_unit": "G"
      },
      {
        "state": "SA",
        "price": "640",
        "price_per_unit": "183",
        "price_unit": "G"
      },
      {
        "state": "TAS",
        "price": "640",
        "price_per_unit": "183",
        "price_unit": "G"
      },
      {
        "state": "ACT",
        "price": "640",
        "price_per_unit": "183",
        "price_unit": "G"
      },
      {
        "state": "NT",
        "price": "640",
        "price_per_unit": "183",
        "price_unit": "G"
      }
    ]
  },
  {
    "source_url": "https://www.woolworths.com.au/shop/productdetails/566438/arnott-s-teeny-tiny-teddy-honey-cereal",
    "name": "Arnott's Teeny Tiny Teddy Honey Cereal 350g",
    "image_url": "https://cdn1.woolworths.media/content/wowproductimages/large/566438.jpg",
    "source_id": "Woolworths - 566438",
    "barcode": "9326666710208",
    "shop": "Woolworths",
    "weight": "100G",
    "prices": [
      {
        "state": "VIC",
        "price": "640",
        "price_per_unit": "183",
        "price_unit": "G"
      },
      {
        "state": "QLD",
        "price": "640",
        "price_per_unit": "183",
        "price_unit": "G"
      },
      {
        "state": "WA",
        "price": "640",
        "price_per_unit": "183",
        "price_unit": "G"
      },
      {
        "state": "SA",
        "price": "640",
        "price_per_unit": "183",
        "price_unit": "G"
      },
      {
        "state": "TAS",
        "price": "640",
        "price_per_unit": "183",
        "price_unit": "G"
      },
      {
        "state": "ACT",
        "price": "640",
        "price_per_unit": "183",
        "price_unit": "G"
      },
      {
        "state": "NT",
        "price": "640",
        "price_per_unit": "183",
        "price_unit": "G"
      }
    ]
  },
  {
    "source_url": "https://www.woolworths.com.au/shop/productdetails/701689/kellogg-s-all-bran-flakes-honey-almond-cereal",
    "name": "Kellogg's All-Bran Flakes Honey Almond Cereal 420g",
    "image_url": "https://cdn1.woolworths.media/content/wowproductimages/large/701689.jpg",
    "source_id": "Woolworths - 701689",
    "barcode": "9310055536463",
    "shop": "Woolworths",
    "weight": "100G",
    "prices": [
      {
        "state": "VIC",
        "price": "800",
        "price_per_unit": "190",
        "price_unit": "G"
      },
      {
        "state": "QLD",
        "price": "800",
        "price_per_unit": "190",
        "price_unit": "G"
      },
      {
        "state": "WA",
        "price": "800",
        "price_per_unit": "190",
        "price_unit": "G"
      },
      {
        "state": "SA",
        "price": "800",
        "price_per_unit": "190",
        "price_unit": "G"
      },
      {
        "state": "TAS",
        "price": "800",
        "price_per_unit": "190",
        "price_unit": "G"
      },
      {
        "state": "NT",
        "price": "800",
        "price_per_unit": "190",
        "price_unit": "G"
      }
    ]
  },
  {
    "source_url": "https://www.woolworths.com.au/shop/productdetails/171265/kellogg-s-all-bran-high-fibre-breakfast-cereal",
    "name": "Kellogg's All-Bran High Fibre Breakfast Cereal 350g",
    "image_url": "https://cdn1.woolworths.media/content/wowproductimages/large/171265.jpg",
    "source_id": "Woolworths - 171265",
    "barcode": "9310055122994",
    "shop": "Woolworths",
    "weight": "100G",
    "prices": [
      {
        "state": "VIC",
        "price": "650",
        "price_per_unit": "186",
        "price_unit": "G"
      },
      {
        "state": "QLD",
        "price": "650",
        "price_per_unit": "186",
        "price_unit": "G"
      },
      {
        "state": "WA",
        "price": "650",
        "price_per_unit": "186",
        "price_unit": "G"
      },
      {
        "state": "SA",
        "price": "650",
        "price_per_unit": "186",
        "price_unit": "G"
      },
      {
        "state": "TAS",
        "price": "650",
        "price_per_unit": "186",
        "price_unit": "G"
      },
      {
        "state": "NT",
        "price": "650",
        "price_per_unit": "186",
        "price_unit": "G"
      }
    ]
  },
  {
    "source_url": "https://www.woolworths.com.au/shop/productdetails/701676/kellogg-s-all-bran-high-fibre-breakfast-cereal",
    "name": "Kellogg's All-Bran High Fibre Breakfast Cereal 530g",
    "image_url": "https://cdn1.woolworths.media/content/wowproductimages/large/701676.jpg",
    "source_id": "Woolworths - 701676",
    "barcode": "9310055536494",
    "shop": "Woolworths",
    "weight": "100G",
    "prices": [
      {
        "state": "VIC",
        "price": "800",
        "price_per_unit": "151",
        "price_unit": "G"
      },
      {
        "state": "QLD",
        "price": "800",
        "price_per_unit": "151",
        "price_unit": "G"
      },
      {
        "state": "WA",
        "price": "800",
        "price_per_unit": "151",
        "price_unit": "G"
      },
      {
        "state": "SA",
        "price": "800",
        "price_per_unit": "151",
        "price_unit": "G"
      },
      {
        "state": "TAS",
        "price": "800",
        "price_per_unit": "151",
        "price_unit": "G"
      },
      {
        "state": "NT",
        "price": "800",
        "price_per_unit": "151",
        "price_unit": "G"
      }
    ]
  },
  {
    "source_url": "https://www.woolworths.com.au/shop/productdetails/701725/kellogg-s-all-bran-wheat-flakes-breakfast-cereal",
    "name": "Kellogg's All-Bran Wheat Flakes Breakfast Cereal 330g",
    "image_url": "https://cdn1.woolworths.media/content/wowproductimages/large/701725.jpg",
    "source_id": "Woolworths - 701725",
    "barcode": "9310055536517",
    "shop": "Woolworths",
    "weight": "100G",
    "prices": [
      {
        "state": "VIC",
        "price": "650",
        "price_per_unit": "197",
        "price_unit": "G"
      },
      {
        "state": "QLD",
        "price": "650",
        "price_per_unit": "197",
        "price_unit": "G"
      },
      {
        "state": "WA",
        "price": "650",
        "price_per_unit": "197",
        "price_unit": "G"
      },
      {
        "state": "SA",
        "price": "650",
        "price_per_unit": "197",
        "price_unit": "G"
      },
      {
        "state": "TAS",
        "price": "650",
        "price_per_unit": "197",
        "price_unit": "G"
      },
      {
        "state": "NT",
        "price": "650",
        "price_per_unit": "197",
        "price_unit": "G"
      }
    ]
  },
  {
    "source_url": "https://www.woolworths.com.au/shop/productdetails/701705/kellogg-s-coco-pops-chocolatey-breakfast-cereal",
    "name": "Kellogg's Coco Pops Chocolatey Breakfast Cereal 375g",
    "image_url": "https://cdn1.woolworths.media/content/wowproductimages/large/701705.jpg",
    "source_id": "Woolworths - 701705",
    "barcode": "9310055536333",
    "shop": "Woolworths",
    "weight": "100G",
    "prices": [
      {
        "state": "VIC",
        "price": "700",
        "price_per_unit": "187",
        "price_unit": "G"
      },
      {
        "state": "QLD",
        "price": "700",
        "price_per_unit": "187",
        "price_unit": "G"
      },
      {
        "state": "WA",
        "price": "700",
        "price_per_unit": "187",
        "price_unit": "G"
      },
      {
        "state": "SA",
        "price": "700",
        "price_per_unit": "187",
        "price_unit": "G"
      },
      {
        "state": "TAS",
        "price": "700",
        "price_per_unit": "187",
        "price_unit": "G"
      },
      {
        "state": "NT",
        "price": "700",
        "price_per_unit": "187",
        "price_unit": "G"
      }
    ]
  },
  {
    "source_url": "https://www.woolworths.com.au/shop/productdetails/244016/kellogg-s-coco-pops-chocolatey-breakfast-cereal-bulk-pack",
    "name": "Kellogg's Coco Pops Chocolatey Breakfast Cereal Bulk Pack 950g",
    "image_url": "https://cdn1.woolworths.media/content/wowproductimages/large/244016.jpg",
    "source_id": "Woolworths - 244016",
    "barcode": "9310055105003",
    "shop": "Woolworths",
    "weight": "100G",
    "prices": [
      {
        "state": "VIC",
        "price": "1180",
        "price_per_unit": "124",
        "price_unit": "G"
      },
      {
        "state": "QLD",
        "price": "1180",
        "price_per_unit": "124",
        "price_unit": "G"
      },
      {
        "state": "WA",
        "price": "1180",
        "price_per_unit": "124",
        "price_unit": "G"
      },
      {
        "state": "SA",
        "price": "1180",
        "price_per_unit": "124",
        "price_unit": "G"
      },
      {
        "state": "TAS",
        "price": "1180",
        "price_per_unit": "124",
        "price_unit": "G"
      },
      {
        "state": "NT",
        "price": "1180",
        "price_per_unit": "124",
        "price_unit": "G"
      }
    ]
  },
  {
    "source_url": "https://www.woolworths.com.au/shop/productdetails/164024/kellogg-s-coco-pops-gluten-free-breakfast-cereal",
    "name": "Kellogg's Coco Pops Gluten Free Breakfast Cereal 390g",
    "image_url": "https://cdn1.woolworths.media/content/wowproductimages/large/164024.jpg",
    "source_id": "Woolworths - 164024",
    "barcode": "8801083421100",
    "shop": "Woolworths",
    "weight": "100G",
    "prices": [
      {
        "state": "VIC",
        "price": "750",
        "price_per_unit": "192",
        "price_unit": "G"
      },
      {
        "state": "QLD",
        "price": "750",
        "price_per_unit": "192",
        "price_unit": "G"
      },
      {
        "state": "WA",
        "price": "750",
        "price_per_unit": "192",
        "price_unit": "G"
      },
      {
        "state": "SA",
        "price": "750",
        "price_per_unit": "192",
        "price_unit": "G"
      },
      {
        "state": "TAS",
        "price": "750",
        "price_per_unit": "192",
        "price_unit": "G"
      },
      {
        "state": "NT",
        "price": "750",
        "price_per_unit": "192",
        "price_unit": "G"
      }
    ]
  },
  {
    "source_url": "https://www.woolworths.com.au/shop/productdetails/701717/kellogg-s-crispix-honey-pillows-breakfast-cereal",
    "name": "Kellogg's Crispix Honey Pillows Breakfast Cereal 460g",
    "image_url": "https://cdn1.woolworths.media/content/wowproductimages/large/701717.jpg",
    "source_id": "Woolworths - 701717",
    "barcode": "9310055537248",
    "shop": "Woolworths",
    "weight": "100G",
    "prices": [
      {
        "state": "VIC",
        "price": "900",
        "price_per_unit": "196",
        "price_unit": "G"
      },
      {
        "state": "QLD",
        "price": "900",
        "price_per_unit": "196",
        "price_unit": "G"
      },
      {
        "state": "WA",
        "price": "900",
        "price_per_unit": "196",
        "price_unit": "G"
      },
      {
        "state": "SA",
        "price": "900",
        "price_per_unit": "196",
        "price_unit": "G"
      },
      {
        "state": "TAS",
        "price": "700",
        "price_per_unit": "152",
        "price_unit": "G"
      },
      {
        "state": "NT",
        "price": "700",
        "price_per_unit": "152",
        "price_unit": "G"
      }
    ]
  },
  {
    "source_url": "https://www.woolworths.com.au/shop/productdetails/701736/kellogg-s-crunchy-nut-clusters-breakfast-cereal",
    "name": "Kellogg's Crunchy Nut Clusters Breakfast Cereal 450g",
    "image_url": "https://cdn1.woolworths.media/content/wowproductimages/large/701736.jpg",
    "source_id": "Woolworths - 701736",
    "barcode": "9310055536531",
    "shop": "Woolworths",
    "weight": "100G",
    "prices": [
      {
        "state": "VIC",
        "price": "700",
        "price_per_unit": "156",
        "price_unit": "G"
      },
      {
        "state": "QLD",
        "price": "700",
        "price_per_unit": "156",
        "price_unit": "G"
      },
      {
        "state": "WA",
        "price": "700",
        "price_per_unit": "156",
        "price_unit": "G"
      },
      {
        "state": "SA",
        "price": "700",
        "price_per_unit": "156",
        "price_unit": "G"
      },
      {
        "state": "TAS",
        "price": "700",
        "price_per_unit": "156",
        "price_unit": "G"
      },
      {
        "state": "NT",
        "price": "700",
        "price_per_unit": "156",
        "price_unit": "G"
      }
    ]
  },
  {
    "source_url": "https://www.woolworths.com.au/shop/productdetails/701751/kellogg-s-crunchy-nut-corn-flakes-breakfast-cereal",
    "name": "Kellogg's Crunchy Nut Corn Flakes Breakfast Cereal 380g",
    "image_url": "https://cdn1.woolworths.media/content/wowproductimages/large/701751.jpg",
    "source_id": "Woolworths - 701751",
    "barcode": "9310055536579",
    "shop": "Woolworths",
    "weight": "100G",
    "prices": [
      {
        "state": "VIC",
        "price": "700",
        "price_per_unit": "184",
        "price_unit": "G"
      },
      {
        "state": "QLD",
        "price": "700",
        "price_per_unit": "184",
        "price_unit": "G"
      },
      {
        "state": "WA",
        "price": "700",
        "price_per_unit": "184",
        "price_unit": "G"
      },
      {
        "state": "SA",
        "price": "700",
        "price_per_unit": "184",
        "price_unit": "G"
      },
      {
        "state": "TAS",
        "price": "700",
        "price_per_unit": "184",
        "price_unit": "G"
      },
      {
        "state": "NT",
        "price": "700",
        "price_per_unit": "184",
        "price_unit": "G"
      }
    ]
  },
  {
    "source_url": "https://www.woolworths.com.au/shop/productdetails/341514/kellogg-s-froot-loops-25-less-sugar",
    "name": "Kellogg's Froot Loops 25% Less Sugar 265g",
    "image_url": "https://cdn1.woolworths.media/content/wowproductimages/large/341514.jpg",
    "source_id": "Woolworths - 341514",
    "barcode": "9310055106550",
    "shop": "Woolworths",
    "weight": "100G",
    "prices": [
      {
        "state": "VIC",
        "price": "700",
        "price_per_unit": "264",
        "price_unit": "G"
      },
      {
        "state": "QLD",
        "price": "700",
        "price_per_unit": "264",
        "price_unit": "G"
      },
      {
        "state": "WA",
        "price": "700",
        "price_per_unit": "264",
        "price_unit": "G"
      },
      {
        "state": "SA",
        "price": "700",
        "price_per_unit": "264",
        "price_unit": "G"
      },
      {
        "state": "TAS",
        "price": "700",
        "price_per_unit": "264",
        "price_unit": "G"
      },
      {
        "state": "NT",
        "price": "700",
        "price_per_unit": "264",
        "price_unit": "G"
      }
    ]
  },
  {
    "source_url": "https://www.woolworths.com.au/shop/productdetails/701718/kellogg-s-froot-loops-breakfast-cereal",
    "name": "Kellogg's Froot Loops Breakfast Cereal 285g",
    "image_url": "https://cdn1.woolworths.media/content/wowproductimages/large/701718.jpg",
    "source_id": "Woolworths - 701718",
    "barcode": "9310055536586",
    "shop": "Woolworths",
    "weight": "100G",
    "prices": [
      {
        "state": "VIC",
        "price": "700",
        "price_per_unit": "246",
        "price_unit": "G"
      },
      {
        "state": "QLD",
        "price": "700",
        "price_per_unit": "246",
        "price_unit": "G"
      },
      {
        "state": "WA",
        "price": "700",
        "price_per_unit": "246",
        "price_unit": "G"
      },
      {
        "state": "SA",
        "price": "700",
        "price_per_unit": "246",
        "price_unit": "G"
      },
      {
        "state": "TAS",
        "price": "700",
        "price_per_unit": "246",
        "price_unit": "G"
      },
      {
        "state": "NT",
        "price": "700",
        "price_per_unit": "246",
        "price_unit": "G"
      }
    ]
  },
  {
    "source_url": "https://www.woolworths.com.au/shop/productdetails/701733/kellogg-s-guardian-psyllium-breakfast-cereal",
    "name": "Kellogg's Guardian Psyllium Breakfast Cereal 360g",
    "image_url": "https://cdn1.woolworths.media/content/wowproductimages/large/701733.jpg",
    "source_id": "Woolworths - 701733",
    "barcode": "9310055536609",
    "shop": "Woolworths",
    "weight": "100G",
    "prices": [
      {
        "state": "VIC",
        "price": "640",
        "price_per_unit": "178",
        "price_unit": "G"
      },
      {
        "state": "QLD",
        "price": "640",
        "price_per_unit": "178",
        "price_unit": "G"
      },
      {
        "state": "WA",
        "price": "640",
        "price_per_unit": "178",
        "price_unit": "G"
      },
      {
        "state": "SA",
        "price": "650",
        "price_per_unit": "181",
        "price_unit": "G"
      },
      {
        "state": "TAS",
        "price": "650",
        "price_per_unit": "181",
        "price_unit": "G"
      },
      {
        "state": "NT",
        "price": "640",
        "price_per_unit": "178",
        "price_unit": "G"
      }
    ]
  },
  {
    "source_url": "https://www.woolworths.com.au/shop/productdetails/701638/kellogg-s-just-right-apricot-sultana-breakfast-cereal",
    "name": "Kellogg's Just Right Apricot & Sultana Breakfast Cereal 460g",
    "image_url": "https://cdn1.woolworths.media/content/wowproductimages/large/701638.jpg",
    "source_id": "Woolworths - 701638",
    "barcode": "9310055536616",
    "shop": "Woolworths",
    "weight": "100G",
    "prices": [
      {
        "state": "VIC",
        "price": "700",
        "price_per_unit": "152",
        "price_unit": "G"
      },
      {
        "state": "QLD",
        "price": "700",
        "price_per_unit": "152",
        "price_unit": "G"
      },
      {
        "state": "WA",
        "price": "700",
        "price_per_unit": "152",
        "price_unit": "G"
      },
      {
        "state": "SA",
        "price": "700",
        "price_per_unit": "152",
        "price_unit": "G"
      },
      {
        "state": "TAS",
        "price": "700",
        "price_per_unit": "152",
        "price_unit": "G"
      },
      {
        "state": "NT",
        "price": "700",
        "price_per_unit": "152",
        "price_unit": "G"
      }
    ]
  },
  {
    "source_url": "https://www.woolworths.com.au/shop/productdetails/200133/kellogg-s-just-right-apricot-sultana-breakfast-cereal",
    "name": "Kellogg's Just Right Apricot & Sultana Breakfast Cereal 740g",
    "image_url": "https://cdn1.woolworths.media/content/wowproductimages/large/200133.jpg",
    "source_id": "Woolworths - 200133",
    "barcode": "9310055105829",
    "shop": "Woolworths",
    "weight": "100G",
    "prices": [
      {
        "state": "VIC",
        "price": "500",
        "price_per_unit": "68",
        "price_unit": "G"
      },
      {
        "state": "QLD",
        "price": "500",
        "price_per_unit": "68",
        "price_unit": "G"
      },
      {
        "state": "WA",
        "price": "500",
        "price_per_unit": "68",
        "price_unit": "G"
      },
      {
        "state": "SA",
        "price": "500",
        "price_per_unit": "68",
        "price_unit": "G"
      },
      null,
      {
        "state": "NT",
        "price": "1000",
        "price_per_unit": "135",
        "price_unit": "G"
      }
    ]
  },
  {
    "source_url": "https://www.woolworths.com.au/shop/productdetails/203048/kellogg-s-just-right-apricot-sultana-breakfast-cereal-bulk-pack",
    "name": "Kellogg's Just Right Apricot & Sultana Breakfast Cereal Bulk Pack 1.1kg",
    "image_url": "https://cdn1.woolworths.media/content/wowproductimages/large/203048.jpg",
    "source_id": "Woolworths - 203048",
    "barcode": "9310055105836",
    "shop": "Woolworths",
    "weight": "100G",
    "prices": [
      {
        "state": "VIC",
        "price": "1180",
        "price_per_unit": "107",
        "price_unit": "G"
      },
      {
        "state": "QLD",
        "price": "1180",
        "price_per_unit": "107",
        "price_unit": "G"
      },
      {
        "state": "WA",
        "price": "1180",
        "price_per_unit": "107",
        "price_unit": "G"
      },
      {
        "state": "SA",
        "price": "1180",
        "price_per_unit": "107",
        "price_unit": "G"
      },
      {
        "state": "TAS",
        "price": "1180",
        "price_per_unit": "107",
        "price_unit": "G"
      },
      {
        "state": "NT",
        "price": "1180",
        "price_per_unit": "107",
        "price_unit": "G"
      }
    ]
  },
  {
    "source_url": "https://www.woolworths.com.au/shop/productdetails/336678/kellogg-s-nutri-grain-25-less-sugar-vanilla-malt-flavour",
    "name": "Kellogg's Nutri Grain 25% Less Sugar Vanilla Malt Flavour 450g",
    "image_url": "https://cdn1.woolworths.media/content/wowproductimages/large/336678.jpg",
    "source_id": "Woolworths - 336678",
    "barcode": "9310055106567",
    "shop": "Woolworths",
    "weight": "100G",
    "prices": [
      {
        "state": "VIC",
        "price": "900",
        "price_per_unit": "200",
        "price_unit": "G"
      },
      {
        "state": "QLD",
        "price": "900",
        "price_per_unit": "200",
        "price_unit": "G"
      },
      {
        "state": "WA",
        "price": "900",
        "price_per_unit": "200",
        "price_unit": "G"
      },
      {
        "state": "SA",
        "price": "900",
        "price_per_unit": "200",
        "price_unit": "G"
      },
      {
        "state": "TAS",
        "price": "700",
        "price_per_unit": "156",
        "price_unit": "G"
      },
      {
        "state": "NT",
        "price": "700",
        "price_per_unit": "156",
        "price_unit": "G"
      }
    ]
  },
  {
    "source_url": "https://www.woolworths.com.au/shop/productdetails/701706/kellogg-s-nutri-grain-protein-breakfast-cereal",
    "name": "Kellogg's Nutri Grain Protein Breakfast Cereal 290g",
    "image_url": "https://cdn1.woolworths.media/content/wowproductimages/large/701706.jpg",
    "source_id": "Woolworths - 701706",
    "barcode": "9310055536395",
    "shop": "Woolworths",
    "weight": "100G",
    "prices": [
      {
        "state": "VIC",
        "price": "700",
        "price_per_unit": "241",
        "price_unit": "G"
      },
      {
        "state": "QLD",
        "price": "700",
        "price_per_unit": "241",
        "price_unit": "G"
      },
      {
        "state": "WA",
        "price": "700",
        "price_per_unit": "241",
        "price_unit": "G"
      },
      {
        "state": "SA",
        "price": "700",
        "price_per_unit": "241",
        "price_unit": "G"
      },
      {
        "state": "TAS",
        "price": "700",
        "price_per_unit": "241",
        "price_unit": "G"
      },
      {
        "state": "NT",
        "price": "700",
        "price_per_unit": "241",
        "price_unit": "G"
      }
    ]
  },
  {
    "source_url": "https://www.woolworths.com.au/shop/productdetails/591725/kellogg-s-nutri-grain-protein-breakfast-cereal-bulk-pack",
    "name": "Kellogg's Nutri Grain Protein Breakfast Cereal Bulk Pack 1kg",
    "image_url": "https://cdn1.woolworths.media/content/wowproductimages/large/591725.jpg",
    "source_id": "Woolworths - 591725",
    "barcode": "9310055106772",
    "shop": "Woolworths",
    "weight": "100G",
    "prices": [
      {
        "state": "VIC",
        "price": "1240",
        "price_per_unit": "124",
        "price_unit": "G"
      },
      {
        "state": "QLD",
        "price": "1240",
        "price_per_unit": "124",
        "price_unit": "G"
      },
      {
        "state": "WA",
        "price": "1240",
        "price_per_unit": "124",
        "price_unit": "G"
      },
      {
        "state": "SA",
        "price": "1240",
        "price_per_unit": "124",
        "price_unit": "G"
      },
      {
        "state": "TAS",
        "price": "1240",
        "price_per_unit": "124",
        "price_unit": "G"
      },
      {
        "state": "NT",
        "price": "1240",
        "price_per_unit": "124",
        "price_unit": "G"
      }
    ]
  },
  {
    "source_url": "https://www.woolworths.com.au/shop/productdetails/701750/kellogg-s-special-k-forest-berries-cereal",
    "name": "Kellogg's Special k Forest Berries Cereal 380g",
    "image_url": "https://cdn1.woolworths.media/content/wowproductimages/large/701750.jpg",
    "source_id": "Woolworths - 701750",
    "barcode": "9310055536685",
    "shop": "Woolworths",
    "weight": "100G",
    "prices": [
      {
        "state": "VIC",
        "price": "780",
        "price_per_unit": "205",
        "price_unit": "G"
      },
      {
        "state": "QLD",
        "price": "780",
        "price_per_unit": "205",
        "price_unit": "G"
      },
      {
        "state": "WA",
        "price": "780",
        "price_per_unit": "205",
        "price_unit": "G"
      },
      {
        "state": "SA",
        "price": "780",
        "price_per_unit": "205",
        "price_unit": "G"
      },
      {
        "state": "TAS",
        "price": "780",
        "price_per_unit": "205",
        "price_unit": "G"
      },
      {
        "state": "NT",
        "price": "780",
        "price_per_unit": "205",
        "price_unit": "G"
      }
    ]
  },
  {
    "source_url": "https://www.woolworths.com.au/shop/productdetails/428309/kellogg-s-special-k-gluten-free-breakfast-cereal",
    "name": "Kellogg's Special k Gluten Free Breakfast Cereal 330g",
    "image_url": "https://cdn1.woolworths.media/content/wowproductimages/large/428309.jpg",
    "source_id": "Woolworths - 428309",
    "barcode": "8801083673301",
    "shop": "Woolworths",
    "weight": "100G",
    "prices": [
      {
        "state": "VIC",
        "price": "750",
        "price_per_unit": "227",
        "price_unit": "G"
      },
      {
        "state": "QLD",
        "price": "750",
        "price_per_unit": "227",
        "price_unit": "G"
      },
      {
        "state": "WA",
        "price": "750",
        "price_per_unit": "227",
        "price_unit": "G"
      },
      {
        "state": "SA",
        "price": "750",
        "price_per_unit": "227",
        "price_unit": "G"
      },
      {
        "state": "TAS",
        "price": "750",
        "price_per_unit": "227",
        "price_unit": "G"
      },
      {
        "state": "ACT",
        "price": "750",
        "price_per_unit": "227",
        "price_unit": "G"
      },
      {
        "state": "NT",
        "price": "750",
        "price_per_unit": "227",
        "price_unit": "G"
      },
      {
        "state": "TAS",
        "price": "750",
        "price_per_unit": "227",
        "price_unit": "G"
      },
      {
        "state": "NT",
        "price": "750",
        "price_per_unit": "227",
        "price_unit": "G"
      }
    ]
  },
  {
    "source_url": "https://www.woolworths.com.au/shop/productdetails/187222/kellogg-s-special-k-high-fibre-breakfast-cereal",
    "name": "Kellogg's Special k High Fibre Breakfast Cereal 385g",
    "image_url": "https://cdn1.woolworths.media/content/wowproductimages/large/187222.jpg",
    "source_id": "Woolworths - 187222",
    "barcode": "9310055105454",
    "shop": "Woolworths",
    "weight": "100G",
    "prices": [
      {
        "state": "VIC",
        "price": "780",
        "price_per_unit": "203",
        "price_unit": "G"
      },
      {
        "state": "QLD",
        "price": "780",
        "price_per_unit": "203",
        "price_unit": "G"
      },
      {
        "state": "WA",
        "price": "780",
        "price_per_unit": "203",
        "price_unit": "G"
      },
      {
        "state": "SA",
        "price": "780",
        "price_per_unit": "203",
        "price_unit": "G"
      },
      {
        "state": "TAS",
        "price": "780",
        "price_per_unit": "203",
        "price_unit": "G"
      },
      {
        "state": "NT",
        "price": "780",
        "price_per_unit": "203",
        "price_unit": "G"
      }
    ]
  },
  {
    "source_url": "https://www.woolworths.com.au/shop/productdetails/701639/kellogg-s-special-k-original-breakfast-cereal",
    "name": "Kellogg's Special k Original Breakfast Cereal 300g",
    "image_url": "https://cdn1.woolworths.media/content/wowproductimages/large/701639.jpg",
    "source_id": "Woolworths - 701639",
    "barcode": "9310055536449",
    "shop": "Woolworths",
    "weight": "100G",
    "prices": [
      {
        "state": "VIC",
        "price": "700",
        "price_per_unit": "233",
        "price_unit": "G"
      },
      {
        "state": "QLD",
        "price": "700",
        "price_per_unit": "233",
        "price_unit": "G"
      },
      {
        "state": "WA",
        "price": "700",
        "price_per_unit": "233",
        "price_unit": "G"
      },
      {
        "state": "SA",
        "price": "700",
        "price_per_unit": "233",
        "price_unit": "G"
      },
      {
        "state": "TAS",
        "price": "700",
        "price_per_unit": "233",
        "price_unit": "G"
      },
      {
        "state": "NT",
        "price": "700",
        "price_per_unit": "233",
        "price_unit": "G"
      }
    ]
  },
  {
    "source_url": "https://www.woolworths.com.au/shop/productdetails/198647/kellogg-s-special-k-original-breakfast-cereal",
    "name": "Kellogg's Special k Original Breakfast Cereal 500g",
    "image_url": "https://cdn1.woolworths.media/content/wowproductimages/large/198647.jpg",
    "source_id": "Woolworths - 198647",
    "barcode": "9310055105898",
    "shop": "Woolworths",
    "weight": "100G",
    "prices": [
      {
        "state": "VIC",
        "price": "900",
        "price_per_unit": "180",
        "price_unit": "G"
      },
      {
        "state": "QLD",
        "price": "900",
        "price_per_unit": "180",
        "price_unit": "G"
      },
      {
        "state": "WA",
        "price": "900",
        "price_per_unit": "180",
        "price_unit": "G"
      },
      {
        "state": "SA",
        "price": "900",
        "price_per_unit": "180",
        "price_unit": "G"
      },
      {
        "state": "TAS",
        "price": "700",
        "price_per_unit": "140",
        "price_unit": "G"
      },
      {
        "state": "ACT",
        "price": "700",
        "price_per_unit": "140",
        "price_unit": "G"
      },
      {
        "state": "NT",
        "price": "700",
        "price_per_unit": "140",
        "price_unit": "G"
      }
    ]
  },
  {
    "source_url": "https://www.woolworths.com.au/shop/productdetails/86398/kellogg-s-special-k-original-breakfast-cereal-bulk-pack",
    "name": "Kellogg's Special K Original Breakfast Cereal Bulk Pack 860g",
    "image_url": "https://cdn1.woolworths.media/content/wowproductimages/large/086398.jpg",
    "source_id": "Woolworths - 86398",
    "barcode": "9310055104310",
    "shop": "Woolworths",
    "weight": "100G",
    "prices": [
      {
        "state": "VIC",
        "price": "1100",
        "price_per_unit": "128",
        "price_unit": "G"
      },
      {
        "state": "QLD",
        "price": "1100",
        "price_per_unit": "128",
        "price_unit": "G"
      },
      {
        "state": "WA",
        "price": "1100",
        "price_per_unit": "128",
        "price_unit": "G"
      },
      {
        "state": "SA",
        "price": "1100",
        "price_per_unit": "128",
        "price_unit": "G"
      },
      {
        "state": "TAS",
        "price": "1100",
        "price_per_unit": "128",
        "price_unit": "G"
      },
      {
        "state": "ACT",
        "price": "1100",
        "price_per_unit": "128",
        "price_unit": "G"
      },
      {
        "state": "ACT",
        "price": "1100",
        "price_per_unit": "128",
        "price_unit": "G"
      },
      {
        "state": "NT",
        "price": "1100",
        "price_per_unit": "128",
        "price_unit": "G"
      }
    ]
  },
  {
    "source_url": "https://www.woolworths.com.au/shop/productdetails/151868/kellogg-s-sultana-bran-gluten-free-breakfast-cereal",
    "name": "Kellogg's Sultana Bran Gluten Free Breakfast Cereal 350g",
    "image_url": "https://cdn1.woolworths.media/content/wowproductimages/large/151868.jpg",
    "source_id": "Woolworths - 151868",
    "barcode": "8801083421070",
    "shop": "Woolworths",
    "weight": "100G",
    "prices": [
      {
        "state": "VIC",
        "price": "750",
        "price_per_unit": "214",
        "price_unit": "G"
      },
      {
        "state": "QLD",
        "price": "750",
        "price_per_unit": "214",
        "price_unit": "G"
      },
      {
        "state": "WA",
        "price": "750",
        "price_per_unit": "214",
        "price_unit": "G"
      },
      {
        "state": "SA",
        "price": "750",
        "price_per_unit": "214",
        "price_unit": "G"
      },
      {
        "state": "TAS",
        "price": "750",
        "price_per_unit": "214",
        "price_unit": "G"
      },
      {
        "state": "ACT",
        "price": "750",
        "price_per_unit": "214",
        "price_unit": "G"
      },
      {
        "state": "ACT",
        "price": "750",
        "price_per_unit": "214",
        "price_unit": "G"
      },
      {
        "state": "NT",
        "price": "750",
        "price_per_unit": "214",
        "price_unit": "G"
      }
    ]
  },
  {
    "source_url": "https://www.woolworths.com.au/shop/productdetails/701732/kellogg-s-sultana-bran-high-fibre-breakfast-cereal",
    "name": "Kellogg's Sultana Bran High Fibre Breakfast Cereal 420g",
    "image_url": "https://cdn1.woolworths.media/content/wowproductimages/large/701732.jpg",
    "source_id": "Woolworths - 701732",
    "barcode": "9310055536364",
    "shop": "Woolworths",
    "weight": "100G",
    "prices": [
      {
        "state": "VIC",
        "price": "700",
        "price_per_unit": "167",
        "price_unit": "G"
      },
      {
        "state": "QLD",
        "price": "700",
        "price_per_unit": "167",
        "price_unit": "G"
      },
      {
        "state": "WA",
        "price": "700",
        "price_per_unit": "167",
        "price_unit": "G"
      },
      {
        "state": "SA",
        "price": "700",
        "price_per_unit": "167",
        "price_unit": "G"
      },
      {
        "state": "TAS",
        "price": "700",
        "price_per_unit": "167",
        "price_unit": "G"
      },
      {
        "state": "ACT",
        "price": "700",
        "price_per_unit": "167",
        "price_unit": "G"
      },
      {
        "state": "ACT",
        "price": "700",
        "price_per_unit": "167",
        "price_unit": "G"
      },
      {
        "state": "NT",
        "price": "700",
        "price_per_unit": "167",
        "price_unit": "G"
      }
    ]
  },
  {
    "source_url": "https://www.woolworths.com.au/shop/productdetails/86462/kellogg-s-sultana-bran-high-fibre-breakfast-cereal-bulk-pack",
    "name": "Kellogg's Sultana Bran High Fibre Breakfast Cereal Bulk Pack 1.25kg",
    "image_url": "https://cdn1.woolworths.media/content/wowproductimages/large/086462.jpg",
    "source_id": "Woolworths - 86462",
    "barcode": "9310055104549",
    "shop": "Woolworths",
    "weight": "100G",
    "prices": [
      {
        "state": "VIC",
        "price": "1100",
        "price_per_unit": "88",
        "price_unit": "G"
      },
      {
        "state": "QLD",
        "price": "1100",
        "price_per_unit": "88",
        "price_unit": "G"
      },
      {
        "state": "WA",
        "price": "1100",
        "price_per_unit": "88",
        "price_unit": "G"
      },
      {
        "state": "SA",
        "price": "1100",
        "price_per_unit": "88",
        "price_unit": "G"
      },
      {
        "state": "TAS",
        "price": "1100",
        "price_per_unit": "88",
        "price_unit": "G"
      },
      {
        "state": "ACT",
        "price": "1100",
        "price_per_unit": "88",
        "price_unit": "G"
      },
      {
        "state": "ACT",
        "price": "1100",
        "price_per_unit": "88",
        "price_unit": "G"
      },
      {
        "state": "NT",
        "price": "1100",
        "price_per_unit": "88",
        "price_unit": "G"
      }
    ]
  },
  {
    "source_url": "https://www.woolworths.com.au/shop/productdetails/202490/kellogg-s-sultana-bran-oat-cluster-breakfast-cereal",
    "name": "Kellogg's Sultana Bran Oat Cluster Breakfast Cereal 480g",
    "image_url": "https://cdn1.woolworths.media/content/wowproductimages/large/202490.jpg",
    "source_id": "Woolworths - 202490",
    "barcode": "9310055105874",
    "shop": "Woolworths",
    "weight": "100G",
    "prices": [
      {
        "state": "VIC",
        "price": "750",
        "price_per_unit": "156",
        "price_unit": "G"
      },
      {
        "state": "QLD",
        "price": "750",
        "price_per_unit": "156",
        "price_unit": "G"
      },
      {
        "state": "WA",
        "price": "750",
        "price_per_unit": "156",
        "price_unit": "G"
      },
      {
        "state": "SA",
        "price": "750",
        "price_per_unit": "156",
        "price_unit": "G"
      },
      {
        "state": "TAS",
        "price": "750",
        "price_per_unit": "156",
        "price_unit": "G"
      },
      {
        "state": "ACT",
        "price": "750",
        "price_per_unit": "156",
        "price_unit": "G"
      },
      {
        "state": "ACT",
        "price": "750",
        "price_per_unit": "156",
        "price_unit": "G"
      },
      {
        "state": "NT",
        "price": "750",
        "price_per_unit": "156",
        "price_unit": "G"
      }
    ]
  },
  {
    "source_url": "https://www.woolworths.com.au/shop/productdetails/243805/kellogg-s-sustain-original-breakfast-cereal",
    "name": "Kellogg's Sustain Original Breakfast Cereal 460g",
    "image_url": "https://cdn1.woolworths.media/content/wowproductimages/large/243805.jpg",
    "source_id": "Woolworths - 243805",
    "barcode": "9310055105928",
    "shop": "Woolworths",
    "weight": "100G",
    "prices": [
      {
        "state": "VIC",
        "price": "650",
        "price_per_unit": "141",
        "price_unit": "G"
      },
      {
        "state": "QLD",
        "price": "650",
        "price_per_unit": "141",
        "price_unit": "G"
      },
      {
        "state": "WA",
        "price": "650",
        "price_per_unit": "141",
        "price_unit": "G"
      },
      {
        "state": "SA",
        "price": "650",
        "price_per_unit": "141",
        "price_unit": "G"
      },
      {
        "state": "TAS",
        "price": "650",
        "price_per_unit": "141",
        "price_unit": "G"
      },
      {
        "state": "ACT",
        "price": "650",
        "price_per_unit": "141",
        "price_unit": "G"
      },
      {
        "state": "ACT",
        "price": "650",
        "price_per_unit": "141",
        "price_unit": "G"
      },
      {
        "state": "NT",
        "price": "650",
        "price_per_unit": "141",
        "price_unit": "G"
      }
    ]
  },
  {
    "source_url": "https://www.woolworths.com.au/shop/productdetails/176665/messy-monkeys-choc-rice-puff-bars",
    "name": "Messy Monkeys Choc Rice Puff Bars 6 Pack",
    "image_url": "https://cdn1.woolworths.media/content/wowproductimages/large/176665.jpg",
    "source_id": "Woolworths - 176665",
    "barcode": "9315090400052",
    "shop": "Woolworths",
    "weight": "100G",
    "prices": [
      {
        "state": "VIC",
        "price": "600",
        "price_per_unit": "500",
        "price_unit": "G"
      },
      {
        "state": "QLD",
        "price": "600",
        "price_per_unit": "500",
        "price_unit": "G"
      },
      {
        "state": "WA",
        "price": "600",
        "price_per_unit": "500",
        "price_unit": "G"
      },
      {
        "state": "SA",
        "price": "600",
        "price_per_unit": "500",
        "price_unit": "G"
      },
      {
        "state": "TAS",
        "price": "600",
        "price_per_unit": "500",
        "price_unit": "G"
      },
      {
        "state": "ACT",
        "price": "600",
        "price_per_unit": "500",
        "price_unit": "G"
      },
      {
        "state": "NT",
        "price": "630",
        "price_per_unit": "525",
        "price_unit": "G"
      },
      {
        "state": "TAS",
        "price": "600",
        "price_per_unit": "500",
        "price_unit": "G"
      },
      {
        "state": "ACT",
        "price": "600",
        "price_per_unit": "500",
        "price_unit": "G"
      },
      {
        "state": "NT",
        "price": "600",
        "price_per_unit": "500",
        "price_unit": "G"
      }
    ]
  },
  {
    "source_url": "https://www.woolworths.com.au/shop/productdetails/147874/nestle-cini-minis-churros",
    "name": "Nestle Cini Minis Churros 360g",
    "image_url": "https://cdn1.woolworths.media/content/wowproductimages/large/147874.jpg",
    "source_id": "Woolworths - 147874",
    "barcode": "7613287331373",
    "shop": "Woolworths",
    "weight": "100G",
    "prices": [
      {
        "state": "VIC",
        "price": "650",
        "price_per_unit": "181",
        "price_unit": "G"
      },
      {
        "state": "QLD",
        "price": "650",
        "price_per_unit": "181",
        "price_unit": "G"
      },
      {
        "state": "WA",
        "price": "650",
        "price_per_unit": "181",
        "price_unit": "G"
      },
      {
        "state": "SA",
        "price": "650",
        "price_per_unit": "181",
        "price_unit": "G"
      },
      {
        "state": "TAS",
        "price": "650",
        "price_per_unit": "181",
        "price_unit": "G"
      },
      {
        "state": "ACT",
        "price": "650",
        "price_per_unit": "181",
        "price_unit": "G"
      },
      {
        "state": "NT",
        "price": "650",
        "price_per_unit": "181",
        "price_unit": "G"
      }
    ]
  },
  {
    "source_url": "https://www.woolworths.com.au/shop/productdetails/951317/nestle-kitkat-cereal",
    "name": "Nestle KitKat Cereal 330g",
    "image_url": "https://cdn1.woolworths.media/content/wowproductimages/large/951317.jpg",
    "source_id": "Woolworths - 951317",
    "barcode": "5900020045386",
    "shop": "Woolworths",
    "weight": "100G",
    "prices": [
      {
        "state": "VIC",
        "price": "950",
        "price_per_unit": "288",
        "price_unit": "G"
      },
      {
        "state": "QLD",
        "price": "950",
        "price_per_unit": "288",
        "price_unit": "G"
      },
      {
        "state": "WA",
        "price": "950",
        "price_per_unit": "288",
        "price_unit": "G"
      },
      {
        "state": "SA",
        "price": "950",
        "price_per_unit": "288",
        "price_unit": "G"
      },
      {
        "state": "TAS",
        "price": "750",
        "price_per_unit": "227",
        "price_unit": "G"
      },
      {
        "state": "ACT",
        "price": "750",
        "price_per_unit": "227",
        "price_unit": "G"
      },
      {
        "state": "NT",
        "price": "750",
        "price_per_unit": "227",
        "price_unit": "G"
      }
    ]
  },
  {
    "source_url": "https://www.woolworths.com.au/shop/productdetails/197921/nestle-milo-breakfast-cereal",
    "name": "Nestle Milo Breakfast Cereal 350g",
    "image_url": "https://cdn1.woolworths.media/content/wowproductimages/large/197921.jpg",
    "source_id": "Woolworths - 197921",
    "barcode": "9300605002593",
    "shop": "Woolworths",
    "weight": "100G",
    "prices": [
      {
        "state": "VIC",
        "price": "700",
        "price_per_unit": "200",
        "price_unit": "G"
      },
      {
        "state": "QLD",
        "price": "700",
        "price_per_unit": "200",
        "price_unit": "G"
      },
      {
        "state": "WA",
        "price": "700",
        "price_per_unit": "200",
        "price_unit": "G"
      },
      {
        "state": "SA",
        "price": "700",
        "price_per_unit": "200",
        "price_unit": "G"
      },
      {
        "state": "TAS",
        "price": "700",
        "price_per_unit": "200",
        "price_unit": "G"
      },
      {
        "state": "ACT",
        "price": "700",
        "price_per_unit": "200",
        "price_unit": "G"
      },
      {
        "state": "NT",
        "price": "700",
        "price_per_unit": "200",
        "price_unit": "G"
      }
    ]
  },
  {
    "source_url": "https://www.woolworths.com.au/shop/productdetails/387110/nestle-milo-breakfast-cereal",
    "name": "Nestle Milo Breakfast Cereal 990g",
    "image_url": "https://cdn1.woolworths.media/content/wowproductimages/large/387110.jpg",
    "source_id": "Woolworths - 387110",
    "barcode": "9300605153592",
    "shop": "Woolworths",
    "weight": "100G",
    "prices": [
      {
        "state": "VIC",
        "price": "1100",
        "price_per_unit": "111",
        "price_unit": "G"
      },
      {
        "state": "QLD",
        "price": "1100",
        "price_per_unit": "111",
        "price_unit": "G"
      },
      {
        "state": "WA",
        "price": "1100",
        "price_per_unit": "111",
        "price_unit": "G"
      },
      {
        "state": "SA",
        "price": "1100",
        "price_per_unit": "111",
        "price_unit": "G"
      },
      {
        "state": "TAS",
        "price": "1100",
        "price_per_unit": "111",
        "price_unit": "G"
      },
      {
        "state": "ACT",
        "price": "1100",
        "price_per_unit": "111",
        "price_unit": "G"
      },
      {
        "state": "NT",
        "price": "1100",
        "price_per_unit": "111",
        "price_unit": "G"
      }
    ]
  },
  {
    "source_url": "https://www.woolworths.com.au/shop/productdetails/319318/nestle-milo-duo-breakfast-cereal",
    "name": "Nestle Milo Duo Breakfast Cereal 340g",
    "image_url": "https://cdn1.woolworths.media/content/wowproductimages/large/319318.jpg",
    "source_id": "Woolworths - 319318",
    "barcode": "9300605040700",
    "shop": "Woolworths",
    "weight": "100G",
    "prices": [
      {
        "state": "VIC",
        "price": "700",
        "price_per_unit": "206",
        "price_unit": "G"
      },
      {
        "state": "QLD",
        "price": "700",
        "price_per_unit": "206",
        "price_unit": "G"
      },
      {
        "state": "WA",
        "price": "700",
        "price_per_unit": "206",
        "price_unit": "G"
      },
      {
        "state": "SA",
        "price": "700",
        "price_per_unit": "206",
        "price_unit": "G"
      },
      {
        "state": "TAS",
        "price": "700",
        "price_per_unit": "206",
        "price_unit": "G"
      },
      {
        "state": "ACT",
        "price": "700",
        "price_per_unit": "206",
        "price_unit": "G"
      },
      {
        "state": "NT",
        "price": "700",
        "price_per_unit": "206",
        "price_unit": "G"
      }
    ]
  },
  {
    "source_url": "https://www.woolworths.com.au/shop/productdetails/387274/nestle-milo-duo-cereal",
    "name": "Nestle Milo Duo Cereal 580g",
    "image_url": "https://cdn1.woolworths.media/content/wowproductimages/large/387274.jpg",
    "source_id": "Woolworths - 387274",
    "barcode": "9300605153585",
    "shop": "Woolworths",
    "weight": "100G",
    "prices": [
      {
        "state": "VIC",
        "price": "950",
        "price_per_unit": "164",
        "price_unit": "G"
      },
      {
        "state": "QLD",
        "price": "950",
        "price_per_unit": "164",
        "price_unit": "G"
      },
      {
        "state": "WA",
        "price": "950",
        "price_per_unit": "164",
        "price_unit": "G"
      },
      {
        "state": "SA",
        "price": "950",
        "price_per_unit": "164",
        "price_unit": "G"
      },
      {
        "state": "ACT",
        "price": "750",
        "price_per_unit": "129",
        "price_unit": "G"
      },
      {
        "state": "NT",
        "price": "750",
        "price_per_unit": "129",
        "price_unit": "G"
      }
    ]
  },
  {
    "source_url": "https://www.woolworths.com.au/shop/productdetails/591726/nestle-milo-minis-cereal",
    "name": "Nestle Milo Minis Cereal 330g",
    "image_url": "https://cdn1.woolworths.media/content/wowproductimages/large/591726.jpg",
    "source_id": "Woolworths - 591726",
    "barcode": "9300605155152",
    "shop": "Woolworths",
    "weight": "100G",
    "prices": [
      {
        "state": "VIC",
        "price": "700",
        "price_per_unit": "212",
        "price_unit": "G"
      },
      {
        "state": "QLD",
        "price": "700",
        "price_per_unit": "212",
        "price_unit": "G"
      },
      {
        "state": "WA",
        "price": "700",
        "price_per_unit": "212",
        "price_unit": "G"
      },
      {
        "state": "SA",
        "price": "700",
        "price_per_unit": "212",
        "price_unit": "G"
      },
      {
        "state": "TAS",
        "price": "700",
        "price_per_unit": "212",
        "price_unit": "G"
      },
      {
        "state": "ACT",
        "price": "700",
        "price_per_unit": "212",
        "price_unit": "G"
      },
      {
        "state": "NT",
        "price": "700",
        "price_per_unit": "212",
        "price_unit": "G"
      }
    ]
  },
  {
    "source_url": "https://www.woolworths.com.au/shop/productdetails/387014/nestle-milo-protein-cereal",
    "name": "Nestle Milo Protein Cereal 535g",
    "image_url": "https://cdn1.woolworths.media/content/wowproductimages/large/387014.jpg",
    "source_id": "Woolworths - 387014",
    "barcode": "9300605153615",
    "shop": "Woolworths",
    "weight": "100G",
    "prices": [
      {
        "state": "VIC",
        "price": "950",
        "price_per_unit": "178",
        "price_unit": "G"
      },
      {
        "state": "QLD",
        "price": "950",
        "price_per_unit": "178",
        "price_unit": "G"
      },
      {
        "state": "WA",
        "price": "950",
        "price_per_unit": "178",
        "price_unit": "G"
      },
      {
        "state": "SA",
        "price": "950",
        "price_per_unit": "178",
        "price_unit": "G"
      },
      {
        "state": "TAS",
        "price": "750",
        "price_per_unit": "140",
        "price_unit": "G"
      },
      {
        "state": "ACT",
        "price": "750",
        "price_per_unit": "140",
        "price_unit": "G"
      },
      {
        "state": "NT",
        "price": "750",
        "price_per_unit": "140",
        "price_unit": "G"
      }
    ]
  },
  {
    "source_url": "https://www.woolworths.com.au/shop/productdetails/613917/nestle-nesquik-cereal",
    "name": "Nestle Nesquik Cereal 600g",
    "image_url": "https://cdn1.woolworths.media/content/wowproductimages/large/613917.jpg",
    "source_id": "Woolworths - 613917",
    "barcode": "4800361424820",
    "shop": "Woolworths",
    "weight": "100G",
    "prices": [
      {
        "state": "VIC",
        "price": "880",
        "price_per_unit": "147",
        "price_unit": "G"
      },
      {
        "state": "QLD",
        "price": "880",
        "price_per_unit": "147",
        "price_unit": "G"
      },
      {
        "state": "WA",
        "price": "880",
        "price_per_unit": "147",
        "price_unit": "G"
      },
      {
        "state": "SA",
        "price": "880",
        "price_per_unit": "147",
        "price_unit": "G"
      },
      {
        "state": "ACT",
        "price": "880",
        "price_per_unit": "147",
        "price_unit": "G"
      },
      {
        "state": "NT",
        "price": "880",
        "price_per_unit": "147",
        "price_unit": "G"
      }
    ]
  },
  {
    "source_url": "https://www.woolworths.com.au/shop/productdetails/917126/nestle-trix-cereal",
    "name": "Nestle Trix Cereal 310g",
    "image_url": "https://cdn1.woolworths.media/content/wowproductimages/large/917126.jpg",
    "source_id": "Woolworths - 917126",
    "barcode": "9300605157200",
    "shop": "Woolworths",
    "weight": "100G",
    "prices": [
      {
        "state": "VIC",
        "price": "700",
        "price_per_unit": "226",
        "price_unit": "G"
      },
      {
        "state": "QLD",
        "price": "700",
        "price_per_unit": "226",
        "price_unit": "G"
      },
      {
        "state": "WA",
        "price": "700",
        "price_per_unit": "226",
        "price_unit": "G"
      },
      {
        "state": "SA",
        "price": "700",
        "price_per_unit": "226",
        "price_unit": "G"
      },
      {
        "state": "TAS",
        "price": "700",
        "price_per_unit": "226",
        "price_unit": "G"
      },
      {
        "state": "ACT",
        "price": "700",
        "price_per_unit": "226",
        "price_unit": "G"
      },
      {
        "state": "NT",
        "price": "700",
        "price_per_unit": "226",
        "price_unit": "G"
      }
    ]
  },
  {
    "source_url": "https://www.woolworths.com.au/shop/productdetails/717162/uncle-tobys-cereal-plus-antioxidant",
    "name": "Uncle Tobys Cereal Plus Antioxidant 435g",
    "image_url": "https://cdn1.woolworths.media/content/wowproductimages/large/717162.jpg",
    "source_id": "Woolworths - 717162",
    "barcode": "9300605132900",
    "shop": "Woolworths",
    "weight": "100G",
    "prices": [
      {
        "state": "VIC",
        "price": "650",
        "price_per_unit": "149",
        "price_unit": "G"
      },
      {
        "state": "QLD",
        "price": "650",
        "price_per_unit": "149",
        "price_unit": "G"
      },
      {
        "state": "WA",
        "price": "650",
        "price_per_unit": "149",
        "price_unit": "G"
      },
      {
        "state": "SA",
        "price": "650",
        "price_per_unit": "149",
        "price_unit": "G"
      },
      {
        "state": "TAS",
        "price": "650",
        "price_per_unit": "149",
        "price_unit": "G"
      },
      {
        "state": "ACT",
        "price": "650",
        "price_per_unit": "149",
        "price_unit": "G"
      },
      {
        "state": "NT",
        "price": "685",
        "price_per_unit": "157",
        "price_unit": "G"
      }
    ]
  },
  {
    "source_url": "https://www.woolworths.com.au/shop/productdetails/368725/uncle-tobys-cereal-plus-fibre",
    "name": "Uncle Tobys Cereal Plus Fibre 430g",
    "image_url": "https://cdn1.woolworths.media/content/wowproductimages/large/368725.jpg",
    "source_id": "Woolworths - 368725",
    "barcode": "9300605132856",
    "shop": "Woolworths",
    "weight": "100G",
    "prices": [
      {
        "state": "VIC",
        "price": "650",
        "price_per_unit": "151",
        "price_unit": "G"
      },
      {
        "state": "QLD",
        "price": "650",
        "price_per_unit": "151",
        "price_unit": "G"
      },
      {
        "state": "WA",
        "price": "650",
        "price_per_unit": "151",
        "price_unit": "G"
      },
      {
        "state": "SA",
        "price": "650",
        "price_per_unit": "151",
        "price_unit": "G"
      },
      {
        "state": "ACT",
        "price": "650",
        "price_per_unit": "151",
        "price_unit": "G"
      },
      {
        "state": "NT",
        "price": "685",
        "price_per_unit": "159",
        "price_unit": "G"
      }
    ]
  },
  {
    "source_url": "https://www.woolworths.com.au/shop/productdetails/827577/uncle-tobys-cereal-plus-iron",
    "name": "Uncle Tobys Cereal Plus Iron 410g",
    "image_url": "https://cdn1.woolworths.media/content/wowproductimages/large/827577.jpg",
    "source_id": "Woolworths - 827577",
    "barcode": "9300605132863",
    "shop": "Woolworths",
    "weight": "100G",
    "prices": [
      {
        "state": "VIC",
        "price": "650",
        "price_per_unit": "159",
        "price_unit": "G"
      },
      {
        "state": "QLD",
        "price": "650",
        "price_per_unit": "159",
        "price_unit": "G"
      },
      {
        "state": "WA",
        "price": "650",
        "price_per_unit": "159",
        "price_unit": "G"
      },
      {
        "state": "SA",
        "price": "650",
        "price_per_unit": "159",
        "price_unit": "G"
      },
      {
        "state": "ACT",
        "price": "650",
        "price_per_unit": "159",
        "price_unit": "G"
      },
      {
        "state": "NT",
        "price": "685",
        "price_per_unit": "167",
        "price_unit": "G"
      }
    ]
  },
  {
    "source_url": "https://www.woolworths.com.au/shop/productdetails/701901/uncle-tobys-cereal-plus-protein",
    "name": "Uncle Tobys Cereal Plus Protein 410g",
    "image_url": "https://cdn1.woolworths.media/content/wowproductimages/large/701901.jpg",
    "source_id": "Woolworths - 701901",
    "barcode": "9300605132887",
    "shop": "Woolworths",
    "weight": "100G",
    "prices": [
      {
        "state": "VIC",
        "price": "650",
        "price_per_unit": "159",
        "price_unit": "G"
      },
      {
        "state": "QLD",
        "price": "650",
        "price_per_unit": "159",
        "price_unit": "G"
      },
      {
        "state": "WA",
        "price": "650",
        "price_per_unit": "159",
        "price_unit": "G"
      },
      {
        "state": "SA",
        "price": "650",
        "price_per_unit": "159",
        "price_unit": "G"
      },
      {
        "state": "ACT",
        "price": "650",
        "price_per_unit": "159",
        "price_unit": "G"
      },
      {
        "state": "NT",
        "price": "685",
        "price_per_unit": "167",
        "price_unit": "G"
      }
    ]
  },
  {
    "source_url": "https://www.woolworths.com.au/shop/productdetails/387091/uncle-tobys-cheerios-honey",
    "name": "Uncle Tobys Cheerios Honey 520g",
    "image_url": "https://cdn1.woolworths.media/content/wowproductimages/large/387091.jpg",
    "source_id": "Woolworths - 387091",
    "barcode": "9300605153738",
    "shop": "Woolworths",
    "weight": "100G",
    "prices": [
      {
        "state": "VIC",
        "price": "750",
        "price_per_unit": "144",
        "price_unit": "G"
      },
      {
        "state": "QLD",
        "price": "750",
        "price_per_unit": "144",
        "price_unit": "G"
      },
      {
        "state": "WA",
        "price": "750",
        "price_per_unit": "144",
        "price_unit": "G"
      },
      {
        "state": "SA",
        "price": "750",
        "price_per_unit": "144",
        "price_unit": "G"
      },
      {
        "state": "TAS",
        "price": "750",
        "price_per_unit": "144",
        "price_unit": "G"
      },
      {
        "state": "ACT",
        "price": "750",
        "price_per_unit": "144",
        "price_unit": "G"
      },
      {
        "state": "NT",
        "price": "750",
        "price_per_unit": "144",
        "price_unit": "G"
      }
    ]
  },
  {
    "source_url": "https://www.woolworths.com.au/shop/productdetails/387324/uncle-tobys-cheerios-low-sugar-vanilla-cereal",
    "name": "Uncle Tobys Cheerios Low Sugar Vanilla Cereal 450g",
    "image_url": "https://cdn1.woolworths.media/content/wowproductimages/large/387324.jpg",
    "source_id": "Woolworths - 387324",
    "barcode": "9300605153714",
    "shop": "Woolworths",
    "weight": "100G",
    "prices": [
      {
        "state": "VIC",
        "price": "750",
        "price_per_unit": "167",
        "price_unit": "G"
      },
      {
        "state": "QLD",
        "price": "750",
        "price_per_unit": "167",
        "price_unit": "G"
      },
      {
        "state": "WA",
        "price": "750",
        "price_per_unit": "167",
        "price_unit": "G"
      },
      {
        "state": "SA",
        "price": "750",
        "price_per_unit": "167",
        "price_unit": "G"
      },
      {
        "state": "TAS",
        "price": "750",
        "price_per_unit": "167",
        "price_unit": "G"
      },
      {
        "state": "ACT",
        "price": "750",
        "price_per_unit": "167",
        "price_unit": "G"
      },
      {
        "state": "NT",
        "price": "750",
        "price_per_unit": "167",
        "price_unit": "G"
      }
    ]
  },
  {
    "source_url": "https://www.woolworths.com.au/shop/productdetails/387230/uncle-tobys-cheerios-original-breakfast-cereal",
    "name": "Uncle Tobys Cheerios Original Breakfast Cereal 895g",
    "image_url": "https://cdn1.woolworths.media/content/wowproductimages/large/387230.jpg",
    "source_id": "Woolworths - 387230",
    "barcode": "9300605153769",
    "shop": "Woolworths",
    "weight": "100G",
    "prices": [
      {
        "state": "VIC",
        "price": "950",
        "price_per_unit": "106",
        "price_unit": "G"
      },
      {
        "state": "QLD",
        "price": "950",
        "price_per_unit": "106",
        "price_unit": "G"
      },
      {
        "state": "WA",
        "price": "950",
        "price_per_unit": "106",
        "price_unit": "G"
      },
      {
        "state": "SA",
        "price": "950",
        "price_per_unit": "106",
        "price_unit": "G"
      },
      {
        "state": "TAS",
        "price": "950",
        "price_per_unit": "106",
        "price_unit": "G"
      },
      {
        "state": "ACT",
        "price": "950",
        "price_per_unit": "106",
        "price_unit": "G"
      },
      {
        "state": "NT",
        "price": "950",
        "price_per_unit": "106",
        "price_unit": "G"
      }
    ]
  },
  {
    "source_url": "https://www.woolworths.com.au/shop/productdetails/319321/uncle-tobys-oat-crisp-almond-breakfast-cereal",
    "name": "Uncle Tobys Oat Crisp Almond Breakfast Cereal 415g",
    "image_url": "https://cdn1.woolworths.media/content/wowproductimages/large/319321.jpg",
    "source_id": "Woolworths - 319321",
    "barcode": "9300605040144",
    "shop": "Woolworths",
    "weight": "100G",
    "prices": [
      {
        "state": "VIC",
        "price": "600",
        "price_per_unit": "145",
        "price_unit": "G"
      },
      {
        "state": "QLD",
        "price": "600",
        "price_per_unit": "145",
        "price_unit": "G"
      },
      {
        "state": "WA",
        "price": "600",
        "price_per_unit": "145",
        "price_unit": "G"
      },
      {
        "state": "SA",
        "price": "600",
        "price_per_unit": "145",
        "price_unit": "G"
      },
      {
        "state": "TAS",
        "price": "600",
        "price_per_unit": "145",
        "price_unit": "G"
      },
      {
        "state": "ACT",
        "price": "600",
        "price_per_unit": "145",
        "price_unit": "G"
      },
      {
        "state": "NT",
        "price": "600",
        "price_per_unit": "145",
        "price_unit": "G"
      }
    ]
  },
  {
    "source_url": "https://www.woolworths.com.au/shop/productdetails/387024/uncle-tobys-oat-flakes-cereal",
    "name": "Uncle Tobys Oat Flakes Cereal 650g",
    "image_url": "https://cdn1.woolworths.media/content/wowproductimages/large/387024.jpg",
    "source_id": "Woolworths - 387024",
    "barcode": "9300605153745",
    "shop": "Woolworths",
    "weight": "100G",
    "prices": [
      {
        "state": "VIC",
        "price": "700",
        "price_per_unit": "108",
        "price_unit": "G"
      },
      {
        "state": "QLD",
        "price": "700",
        "price_per_unit": "108",
        "price_unit": "G"
      },
      {
        "state": "WA",
        "price": "700",
        "price_per_unit": "108",
        "price_unit": "G"
      },
      {
        "state": "SA",
        "price": "700",
        "price_per_unit": "108",
        "price_unit": "G"
      },
      {
        "state": "TAS",
        "price": "700",
        "price_per_unit": "108",
        "price_unit": "G"
      },
      {
        "state": "ACT",
        "price": "700",
        "price_per_unit": "108",
        "price_unit": "G"
      },
      {
        "state": "NT",
        "price": "700",
        "price_per_unit": "108",
        "price_unit": "G"
      }
    ]
  },
  {
    "source_url": "https://www.woolworths.com.au/shop/productdetails/387127/uncle-tobys-plus-cereal-cranberries-blueberries",
    "name": "Uncle Tobys Plus Cereal Cranberries & Blueberries 1.15kg",
    "image_url": "https://cdn1.woolworths.media/content/wowproductimages/large/387127.jpg",
    "source_id": "Woolworths - 387127",
    "barcode": "9300605153837",
    "shop": "Woolworths",
    "weight": "100G",
    "prices": [
      {
        "state": "VIC",
        "price": "1100",
        "price_per_unit": "96",
        "price_unit": "G"
      },
      {
        "state": "QLD",
        "price": "1100",
        "price_per_unit": "96",
        "price_unit": "G"
      },
      {
        "state": "WA",
        "price": "1100",
        "price_per_unit": "96",
        "price_unit": "G"
      },
      {
        "state": "SA",
        "price": "1100",
        "price_per_unit": "96",
        "price_unit": "G"
      },
      {
        "state": "TAS",
        "price": "1100",
        "price_per_unit": "96",
        "price_unit": "G"
      },
      {
        "state": "ACT",
        "price": "1100",
        "price_per_unit": "96",
        "price_unit": "G"
      },
      {
        "state": "NT",
        "price": "1100",
        "price_per_unit": "96",
        "price_unit": "G"
      }
    ]
  },
  {
    "source_url": "https://www.woolworths.com.au/shop/productdetails/387492/uncle-tobys-plus-fibre-cereal",
    "name": "Uncle Tobys Plus Fibre Cereal 700g",
    "image_url": "https://cdn1.woolworths.media/content/wowproductimages/large/387492.jpg",
    "source_id": "Woolworths - 387492",
    "barcode": "9300605153790",
    "shop": "Woolworths",
    "weight": "100G",
    "prices": [
      {
        "state": "VIC",
        "price": "880",
        "price_per_unit": "126",
        "price_unit": "G"
      },
      {
        "state": "QLD",
        "price": "880",
        "price_per_unit": "126",
        "price_unit": "G"
      },
      {
        "state": "WA",
        "price": "880",
        "price_per_unit": "126",
        "price_unit": "G"
      },
      {
        "state": "SA",
        "price": "880",
        "price_per_unit": "126",
        "price_unit": "G"
      },
      {
        "state": "TAS",
        "price": "880",
        "price_per_unit": "126",
        "price_unit": "G"
      },
      {
        "state": "ACT",
        "price": "700",
        "price_per_unit": "100",
        "price_unit": "G"
      },
      {
        "state": "NT",
        "price": "700",
        "price_per_unit": "100",
        "price_unit": "G"
      }
    ]
  },
  {
    "source_url": "https://www.woolworths.com.au/shop/productdetails/387305/uncle-tobys-plus-muesli-flakes-cereal",
    "name": "Uncle Tobys Plus Muesli Flakes Cereal 705g",
    "image_url": "https://cdn1.woolworths.media/content/wowproductimages/large/387305.jpg",
    "source_id": "Woolworths - 387305",
    "barcode": "9300605153813",
    "shop": "Woolworths",
    "weight": "100G",
    "prices": [
      {
        "state": "VIC",
        "price": "880",
        "price_per_unit": "125",
        "price_unit": "G"
      },
      {
        "state": "QLD",
        "price": "880",
        "price_per_unit": "125",
        "price_unit": "G"
      },
      {
        "state": "WA",
        "price": "880",
        "price_per_unit": "125",
        "price_unit": "G"
      },
      {
        "state": "SA",
        "price": "880",
        "price_per_unit": "125",
        "price_unit": "G"
      },
      {
        "state": "ACT",
        "price": "700",
        "price_per_unit": "99",
        "price_unit": "G"
      },
      {
        "state": "NT",
        "price": "700",
        "price_per_unit": "99",
        "price_unit": "G"
      }
    ]
  },
  {
    "source_url": "https://www.woolworths.com.au/shop/productdetails/387025/uncle-tobys-plus-protein-cereal",
    "name": "Uncle Tobys Plus Protein Cereal 620g",
    "image_url": "https://cdn1.woolworths.media/content/wowproductimages/large/387025.jpg",
    "source_id": "Woolworths - 387025",
    "barcode": "9300605153806",
    "shop": "Woolworths",
    "weight": "100G",
    "prices": [
      {
        "state": "VIC",
        "price": "880",
        "price_per_unit": "142",
        "price_unit": "G"
      },
      {
        "state": "QLD",
        "price": "880",
        "price_per_unit": "142",
        "price_unit": "G"
      },
      {
        "state": "WA",
        "price": "880",
        "price_per_unit": "142",
        "price_unit": "G"
      },
      {
        "state": "SA",
        "price": "880",
        "price_per_unit": "142",
        "price_unit": "G"
      },
      {
        "state": "TAS",
        "price": "880",
        "price_per_unit": "142",
        "price_unit": "G"
      },
      {
        "state": "ACT",
        "price": "700",
        "price_per_unit": "113",
        "price_unit": "G"
      },
      {
        "state": "NT",
        "price": "700",
        "price_per_unit": "113",
        "price_unit": "G"
      }
    ]
  },
  {
    "source_url": "https://www.woolworths.com.au/shop/productdetails/33015/uncle-tobys-vita-brits-breakfast-cereal-brits",
    "name": "Uncle Tobys Vita Brits Breakfast Cereal Brits 375g",
    "image_url": "https://cdn1.woolworths.media/content/wowproductimages/large/033015.jpg",
    "source_id": "Woolworths - 33015",
    "barcode": "9310034100142",
    "shop": "Woolworths",
    "weight": "100G",
    "prices": [
      {
        "state": "VIC",
        "price": "340",
        "price_per_unit": "91",
        "price_unit": "G"
      },
      {
        "state": "QLD",
        "price": "340",
        "price_per_unit": "91",
        "price_unit": "G"
      },
      {
        "state": "WA",
        "price": "340",
        "price_per_unit": "91",
        "price_unit": "G"
      },
      {
        "state": "SA",
        "price": "340",
        "price_per_unit": "91",
        "price_unit": "G"
      },
      {
        "state": "TAS",
        "price": "340",
        "price_per_unit": "91",
        "price_unit": "G"
      },
      {
        "state": "ACT",
        "price": "340",
        "price_per_unit": "91",
        "price_unit": "G"
      },
      {
        "state": "NT",
        "price": "355",
        "price_per_unit": "95",
        "price_unit": "G"
      }
    ]
  },
  {
    "source_url": "https://www.woolworths.com.au/shop/productdetails/387243/uncle-tobys-weeties-cereal",
    "name": "Uncle Tobys Weeties Cereal 510g",
    "image_url": "https://cdn1.woolworths.media/content/wowproductimages/large/387243.jpg",
    "source_id": "Woolworths - 387243",
    "barcode": "9300605153752",
    "shop": "Woolworths",
    "weight": "100G",
    "prices": [
      {
        "state": "VIC",
        "price": "300",
        "price_per_unit": "59",
        "price_unit": "G"
      },
      {
        "state": "QLD",
        "price": "300",
        "price_per_unit": "59",
        "price_unit": "G"
      },
      {
        "state": "WA",
        "price": "300",
        "price_per_unit": "59",
        "price_unit": "G"
      },
      {
        "state": "SA",
        "price": "300",
        "price_per_unit": "59",
        "price_unit": "G"
      },
      {
        "state": "TAS",
        "price": "600",
        "price_per_unit": "118",
        "price_unit": "G"
      },
      {
        "state": "ACT",
        "price": "600",
        "price_per_unit": "118",
        "price_unit": "G"
      },
      {
        "state": "NT",
        "price": "600",
        "price_per_unit": "118",
        "price_unit": "G"
      }
    ]
  },
  {
    "source_url": "https://www.woolworths.com.au/shop/productdetails/557827/weet-bix-gluten-free-berry-flavour-crunch",
    "name": "Weet - Bix Gluten Free Berry Flavour Crunch 400g",
    "image_url": "https://cdn1.woolworths.media/content/wowproductimages/large/557827.jpg",
    "source_id": "Woolworths - 557827",
    "barcode": "9300652813081",
    "shop": "Woolworths",
    "weight": "100G",
    "prices": [
      {
        "state": "VIC",
        "price": "530",
        "price_per_unit": "133",
        "price_unit": "G"
      },
      {
        "state": "QLD",
        "price": "530",
        "price_per_unit": "133",
        "price_unit": "G"
      },
      {
        "state": "WA",
        "price": "530",
        "price_per_unit": "133",
        "price_unit": "G"
      },
      {
        "state": "TAS",
        "price": "500",
        "price_per_unit": "125",
        "price_unit": "G"
      },
      {
        "state": "ACT",
        "price": "530",
        "price_per_unit": "133",
        "price_unit": "G"
      },
      {
        "state": "NT",
        "price": "500",
        "price_per_unit": "125",
        "price_unit": "G"
      }
    ]
  },
  {
    "source_url": "https://www.woolworths.com.au/shop/productdetails/319430/weet-bix-weet-bix-bites-apricot-breakfast-cereal",
    "name": "Weet - Bix Weet-Bix Bites Apricot Breakfast Cereal 500G",
    "image_url": "https://cdn1.woolworths.media/content/wowproductimages/large/319430.jpg",
    "source_id": "Woolworths - 319430",
    "barcode": "9300652801293",
    "shop": "Woolworths",
    "weight": "100G",
    "prices": [
      {
        "state": "VIC",
        "price": "600",
        "price_per_unit": "120",
        "price_unit": "G"
      },
      {
        "state": "QLD",
        "price": "600",
        "price_per_unit": "120",
        "price_unit": "G"
      },
      {
        "state": "WA",
        "price": "600",
        "price_per_unit": "120",
        "price_unit": "G"
      },
      {
        "state": "TAS",
        "price": "600",
        "price_per_unit": "120",
        "price_unit": "G"
      },
      {
        "state": "ACT",
        "price": "600",
        "price_per_unit": "120",
        "price_unit": "G"
      },
      {
        "state": "NT",
        "price": "600",
        "price_per_unit": "120",
        "price_unit": "G"
      }
    ]
  },
  {
    "source_url": "https://www.woolworths.com.au/shop/productdetails/430466/weet-bix-weet-bix-blends-cranberry-coconut-breakfast-cereal",
    "name": "Weet - Bix Weet-Bix Blends Cranberry & Coconut Breakfast Cereal 450G",
    "image_url": "https://cdn1.woolworths.media/content/wowproductimages/large/430466.jpg",
    "source_id": "Woolworths - 430466",
    "barcode": "9300652806663",
    "shop": "Woolworths",
    "weight": "100G",
    "prices": [
      {
        "state": "VIC",
        "price": "600",
        "price_per_unit": "133",
        "price_unit": "G"
      },
      {
        "state": "QLD",
        "price": "600",
        "price_per_unit": "133",
        "price_unit": "G"
      },
      {
        "state": "WA",
        "price": "600",
        "price_per_unit": "133",
        "price_unit": "G"
      },
      {
        "state": "TAS",
        "price": "600",
        "price_per_unit": "133",
        "price_unit": "G"
      },
      {
        "state": "ACT",
        "price": "600",
        "price_per_unit": "133",
        "price_unit": "G"
      },
      {
        "state": "NT",
        "price": "600",
        "price_per_unit": "133",
        "price_unit": "G"
      }
    ]
  },
  {
    "source_url": "https://www.woolworths.com.au/shop/productdetails/199796/weet-bix-weet-bix-honey-golden-oats",
    "name": "Weet - Bix Weet-Bix Honey & Golden Oats 450g",
    "image_url": "https://cdn1.woolworths.media/content/wowproductimages/large/199796.jpg",
    "source_id": "Woolworths - 199796",
    "barcode": "9300652811575",
    "shop": "Woolworths",
    "weight": "100G",
    "prices": [
      {
        "state": "VIC",
        "price": "600",
        "price_per_unit": "133",
        "price_unit": "G"
      },
      {
        "state": "QLD",
        "price": "600",
        "price_per_unit": "133",
        "price_unit": "G"
      },
      {
        "state": "WA",
        "price": "600",
        "price_per_unit": "133",
        "price_unit": "G"
      },
      {
        "state": "TAS",
        "price": "600",
        "price_per_unit": "133",
        "price_unit": "G"
      },
      {
        "state": "ACT",
        "price": "600",
        "price_per_unit": "133",
        "price_unit": "G"
      },
      {
        "state": "NT",
        "price": "600",
        "price_per_unit": "133",
        "price_unit": "G"
      }
    ]
  },
  {
    "source_url": "https://www.woolworths.com.au/shop/productdetails/87918/woolworths-bran-flakes-sultanas",
    "name": "Woolworths Bran Flakes & Sultanas 700g",
    "image_url": "https://cdn1.woolworths.media/content/wowproductimages/large/087918.jpg",
    "source_id": "Woolworths - 87918",
    "barcode": "9339687166022",
    "shop": "Woolworths",
    "weight": "100G",
    "prices": [
      {
        "state": "VIC",
        "price": "500",
        "price_per_unit": "71",
        "price_unit": "G"
      },
      {
        "state": "QLD",
        "price": "500",
        "price_per_unit": "71",
        "price_unit": "G"
      },
      {
        "state": "WA",
        "price": "500",
        "price_per_unit": "71",
        "price_unit": "G"
      },
      {
        "state": "ACT",
        "price": "500",
        "price_per_unit": "71",
        "price_unit": "G"
      },
      {
        "state": "NT",
        "price": "500",
        "price_per_unit": "71",
        "price_unit": "G"
      }
    ]
  },
  {
    "source_url": "https://www.woolworths.com.au/shop/productdetails/87919/woolworths-cocoa-puffs",
    "name": "Woolworths Cocoa Puffs 500g",
    "image_url": "https://cdn1.woolworths.media/content/wowproductimages/large/087919.jpg",
    "source_id": "Woolworths - 87919",
    "barcode": "9339687166039",
    "shop": "Woolworths",
    "weight": "100G",
    "prices": [
      {
        "state": "VIC",
        "price": "475",
        "price_per_unit": "95",
        "price_unit": "G"
      },
      {
        "state": "QLD",
        "price": "475",
        "price_per_unit": "95",
        "price_unit": "G"
      },
      {
        "state": "WA",
        "price": "475",
        "price_per_unit": "95",
        "price_unit": "G"
      },
      {
        "state": "ACT",
        "price": "475",
        "price_per_unit": "95",
        "price_unit": "G"
      },
      {
        "state": "NT",
        "price": "475",
        "price_per_unit": "95",
        "price_unit": "G"
      }
    ]
  },
  {
    "source_url": "https://www.woolworths.com.au/shop/productdetails/202801/woolworths-crispy-rice-pops",
    "name": "Woolworths Crispy Rice Pops 370g",
    "image_url": "https://cdn1.woolworths.media/content/wowproductimages/large/202801.jpg",
    "source_id": "Woolworths - 202801",
    "barcode": "9339687295500",
    "shop": "Woolworths",
    "weight": "100G",
    "prices": [
      {
        "state": "VIC",
        "price": "310",
        "price_per_unit": "84",
        "price_unit": "G"
      },
      {
        "state": "TAS",
        "price": "310",
        "price_per_unit": "84",
        "price_unit": "G"
      },
      {
        "state": "ACT",
        "price": "310",
        "price_per_unit": "84",
        "price_unit": "G"
      },
      {
        "state": "NT",
        "price": "310",
        "price_per_unit": "84",
        "price_unit": "G"
      }
    ]
  },
  {
    "source_url": "https://www.woolworths.com.au/shop/productdetails/84893/woolworths-crunchy-honey-poppas",
    "name": "Woolworths Crunchy Honey Poppas 650g",
    "image_url": "https://cdn1.woolworths.media/content/wowproductimages/large/084893.jpg",
    "source_id": "Woolworths - 84893",
    "barcode": "9339687162710",
    "shop": "Woolworths",
    "weight": "100G",
    "prices": [
      {
        "state": "VIC",
        "price": "430",
        "price_per_unit": "66",
        "price_unit": "G"
      },
      {
        "state": "TAS",
        "price": "430",
        "price_per_unit": "66",
        "price_unit": "G"
      },
      {
        "state": "ACT",
        "price": "430",
        "price_per_unit": "66",
        "price_unit": "G"
      },
      {
        "state": "NT",
        "price": "450",
        "price_per_unit": "69",
        "price_unit": "G"
      }
    ]
  },
  {
    "source_url": "https://www.woolworths.com.au/shop/productdetails/858634/woolworths-great-start-reduced-sugar-multigrain-cereal",
    "name": "Woolworths Great Start Reduced Sugar Multigrain Cereal 400g",
    "image_url": "https://cdn1.woolworths.media/content/wowproductimages/large/858634.jpg",
    "source_id": "Woolworths - 858634",
    "barcode": "9339687041480",
    "shop": "Woolworths",
    "weight": "100G",
    "prices": [
      {
        "state": "VIC",
        "price": "400",
        "price_per_unit": "100",
        "price_unit": "G"
      },
      null,
      {
        "state": "ACT",
        "price": "400",
        "price_per_unit": "100",
        "price_unit": "G"
      },
      {
        "state": "NT",
        "price": "400",
        "price_per_unit": "100",
        "price_unit": "G"
      }
    ]
  },
  {
    "source_url": "https://www.woolworths.com.au/shop/productdetails/677961/woolworths-high-fibre-bran",
    "name": "Woolworths High Fibre Bran 500g",
    "image_url": "https://cdn1.woolworths.media/content/wowproductimages/large/677961.jpg",
    "source_id": "Woolworths - 677961",
    "barcode": "9339687033225",
    "shop": "Woolworths",
    "weight": "100G",
    "prices": [
      {
        "state": "VIC",
        "price": "290",
        "price_per_unit": "58",
        "price_unit": "G"
      },
      {
        "state": "TAS",
        "price": "290",
        "price_per_unit": "58",
        "price_unit": "G"
      },
      {
        "state": "ACT",
        "price": "290",
        "price_per_unit": "58",
        "price_unit": "G"
      },
      {
        "state": "NT",
        "price": "290",
        "price_per_unit": "58",
        "price_unit": "G"
      }
    ]
  },
  {
    "source_url": "https://www.woolworths.com.au/shop/productdetails/71793/woolworths-honey-nut-corn-flakes",
    "name": "Woolworths Honey Nut Corn Flakes 670g",
    "image_url": "https://cdn1.woolworths.media/content/wowproductimages/large/071793.jpg",
    "source_id": "Woolworths - 71793",
    "barcode": "9339687137466",
    "shop": "Woolworths",
    "weight": "100G",
    "prices": [
      {
        "state": "VIC",
        "price": "495",
        "price_per_unit": "74",
        "price_unit": "G"
      },
      {
        "state": "ACT",
        "price": "495",
        "price_per_unit": "74",
        "price_unit": "G"
      },
      {
        "state": "NT",
        "price": "520",
        "price_per_unit": "78",
        "price_unit": "G"
      }
    ]
  },
  {
    "source_url": "https://www.woolworths.com.au/shop/productdetails/310842/woolworths-max-charge-cereal",
    "name": "Woolworths Max Charge Cereal 495g",
    "image_url": "https://cdn1.woolworths.media/content/wowproductimages/large/310842.jpg",
    "source_id": "Woolworths - 310842",
    "barcode": "9339687345779",
    "shop": "Woolworths",
    "weight": "100G",
    "prices": [
      {
        "state": "VIC",
        "price": "500",
        "price_per_unit": "101",
        "price_unit": "G"
      },
      {
        "state": "TAS",
        "price": "500",
        "price_per_unit": "101",
        "price_unit": "G"
      },
      {
        "state": "ACT",
        "price": "500",
        "price_per_unit": "101",
        "price_unit": "G"
      },
      {
        "state": "NT",
        "price": "500",
        "price_per_unit": "101",
        "price_unit": "G"
      }
    ]
  },
  {
    "source_url": "https://www.woolworths.com.au/shop/productdetails/333314/woolworths-wheat-biscuits",
    "name": "Woolworths Wheat Biscuits 1.12kg",
    "image_url": "https://cdn1.woolworths.media/content/wowproductimages/large/333314.jpg",
    "source_id": "Woolworths - 333314",
    "barcode": "9300633999261",
    "shop": "Woolworths",
    "weight": "100G",
    "prices": [
      {
        "state": "VIC",
        "price": "500",
        "price_per_unit": "45",
        "price_unit": "G"
      },
      {
        "state": "TAS",
        "price": "500",
        "price_per_unit": "45",
        "price_unit": "G"
      },
      null
    ]
  },
  {
    "source_url": "https://www.woolworths.com.au/shop/productdetails/841055/woolworths-yummy-rainbow-rings",
    "name": "Woolworths Yummy Rainbow Rings 300g",
    "image_url": "https://cdn1.woolworths.media/content/wowproductimages/large/841055.jpg",
    "source_id": "Woolworths - 841055",
    "barcode": "9300633732608",
    "shop": "Woolworths",
    "weight": "100G",
    "prices": [
      {
        "state": "VIC",
        "price": "300",
        "price_per_unit": "100",
        "price_unit": "G"
      },
      {
        "state": "NT",
        "price": "300",
        "price_per_unit": "100",
        "price_unit": "G"
      }
    ]
  },
  {
    "source_url": "https://www.woolworths.com.au/shop/productdetails/345074/sonoma-honey-spice-granola",
    "name": "Sonoma Honey Spice Granola 500g",
    "image_url": "https://cdn1.woolworths.media/content/wowproductimages/large/345074.jpg",
    "source_id": "Woolworths - 345074",
    "barcode": "9340078000139",
    "shop": "Woolworths",
    "weight": "100G",
    "prices": [
      {
        "state": "SA",
        "price": "1170",
        "price_per_unit": "234",
        "price_unit": "G"
      },
      {
        "state": "ACT",
        "price": "1170",
        "price_per_unit": "234",
        "price_unit": "G"
      }
    ]
  },
  {
    "source_url": "https://www.woolworths.com.au/shop/productdetails/345076/sonoma-spelt-maple-almond-muesli",
    "name": "Sonoma Spelt Maple & Almond Muesli 500g",
    "image_url": "https://cdn1.woolworths.media/content/wowproductimages/large/345076.jpg",
    "source_id": "Woolworths - 345076",
    "barcode": "9340078000122",
    "shop": "Woolworths",
    "weight": "100G",
    "prices": [
      {
        "state": "SA",
        "price": "1480",
        "price_per_unit": "296",
        "price_unit": "G"
      },
      {
        "state": "ACT",
        "price": "1480",
        "price_per_unit": "296",
        "price_unit": "G"
      }
    ]
  },
  {
    "source_url": "https://www.woolworths.com.au/shop/productdetails/71792/woolworths-crunchy-corn-flakes",
    "name": "Woolworths Crunchy Corn Flakes 700g",
    "image_url": "https://cdn1.woolworths.media/content/wowproductimages/large/071792.jpg",
    "source_id": "Woolworths - 71792",
    "barcode": "9339687137459",
    "shop": "Woolworths",
    "weight": "100G",
    "prices": [
      {
        "state": "NT",
        "price": "330",
        "price_per_unit": "47",
        "price_unit": "G"
      }
    ]
  }
]