[
  {
    "source_url": "https://www.woolworths.com.au/shop/productdetails/184974/arnold-s-farm-clusters-berry-crumble",
    "name": "Arnold's Farm Clusters Berry Crumble 700g",
    "image_url": "https://cdn1.woolworths.media/content/wowproductimages/large/184974.jpg",
    "source_id": "Woolworths - 184974",
    "barcode": "9326666200020",
    "shop": "Woolworths",
    "weight": "100G",
    "prices": [
      {
        "state": "NSW",
        "price": "680",
        "price_per_unit": "97",
        "price_unit": "G"
      },
      {
        "state": "VIC",
        "price": "680",
        "price_per_unit": "97",
        "price_unit": "G"
      },
      {
        "state": "QLD",
        "price": "680",
        "price_per_unit": "97",
        "price_unit": "G"
      },
      {
        "state": "WA",
        "price": "680",
        "price_per_unit": "97",
        "price_unit": "G"
      },
      {
        "state": "SA",
        "price": "680",
        "price_per_unit": "97",
        "price_unit": "G"
      },
      {
        "state": "TAS",
        "price": "680",
        "price_per_unit": "97",
        "price_unit": "G"
      },
      {
        "state": "ACT",
        "price": "680",
        "price_per_unit": "97",
        "price_unit": "G"
      },
      {
        "state": "NT",
        "price": "680",
        "price_per_unit": "97",
        "price_unit": "G"
      }
    ]
  },
  {
    "source_url": "https://www.woolworths.com.au/shop/productdetails/184975/arnold-s-farm-clusters-vanilla-almond",
    "name": "Arnold's Farm Clusters Vanilla Almond 700g",
    "image_url": "https://cdn1.woolworths.media/content/wowproductimages/large/184975.jpg",
    "source_id": "Woolworths - 184975",
    "barcode": "9326666200068",
    "shop": "Woolworths",
    "weight": "100G",
    "prices": [
      {
        "state": "NSW",
        "price": "680",
        "price_per_unit": "97",
        "price_unit": "G"
      },
      {
        "state": "VIC",
        "price": "680",
        "price_per_unit": "97",
        "price_unit": "G"
      },
      {
        "state": "QLD",
        "price": "680",
        "price_per_unit": "97",
        "price_unit": "G"
      },
      {
        "state": "WA",
        "price": "680",
        "price_per_unit": "97",
        "price_unit": "G"
      },
      {
        "state": "SA",
        "price": "680",
        "price_per_unit": "97",
        "price_unit": "G"
      },
      null,
      null,
      {
        "state": "NT",
        "price": "680",
        "price_per_unit": "97",
        "price_unit": "G"
      }
    ]
  },
  {
    "source_url": "https://www.woolworths.com.au/shop/productdetails/184937/arnold-s-farm-granola-pink-lady-apple-cinnamon",
    "name": "Arnold's Farm Granola Pink Lady Apple & Cinnamon 700g",
    "image_url": "https://cdn1.woolworths.media/content/wowproductimages/large/184937.jpg",
    "source_id": "Woolworths - 184937",
    "barcode": "9326666200044",
    "shop": "Woolworths",
    "weight": "100G",
    "prices": [
      {
        "state": "NSW",
        "price": "680",
        "price_per_unit": "97",
        "price_unit": "G"
      },
      {
        "state": "VIC",
        "price": "680",
        "price_per_unit": "97",
        "price_unit": "G"
      },
      {
        "state": "QLD",
        "price": "680",
        "price_per_unit": "97",
        "price_unit": "G"
      },
      {
        "state": "WA",
        "price": "680",
        "price_per_unit": "97",
        "price_unit": "G"
      },
      {
        "state": "SA",
        "price": "680",
        "price_per_unit": "97",
        "price_unit": "G"
      },
      {
        "state": "TAS",
        "price": "680",
        "price_per_unit": "97",
        "price_unit": "G"
      },
      {
        "state": "ACT",
        "price": "680",
        "price_per_unit": "97",
        "price_unit": "G"
      },
      {
        "state": "NT",
        "price": "680",
        "price_per_unit": "97",
        "price_unit": "G"
      }
    ]
  },
  {
    "source_url": "https://www.woolworths.com.au/shop/productdetails/377308/arnold-s-farm-maple-pecan-granola",
    "name": "Arnold's Farm Maple & Pecan Granola 700g",
    "image_url": "https://cdn1.woolworths.media/content/wowproductimages/large/377308.jpg",
    "source_id": "Woolworths - 377308",
    "barcode": "9326666600585",
    "shop": "Woolworths",
    "weight": "100G",
    "prices": [
      {
        "state": "NSW",
        "price": "680",
        "price_per_unit": "97",
        "price_unit": "G"
      },
      {
        "state": "VIC",
        "price": "680",
        "price_per_unit": "97",
        "price_unit": "G"
      },
      {
        "state": "QLD",
        "price": "680",
        "price_per_unit": "97",
        "price_unit": "G"
      },
      {
        "state": "WA",
        "price": "680",
        "price_per_unit": "97",
        "price_unit": "G"
      },
      {
        "state": "SA",
        "price": "680",
        "price_per_unit": "97",
        "price_unit": "G"
      },
      {
        "state": "TAS",
        "price": "680",
        "price_per_unit": "97",
        "price_unit": "G"
      },
      {
        "state": "ACT",
        "price": "680",
        "price_per_unit": "97",
        "price_unit": "G"
      },
      {
        "state": "NT",
        "price": "680",
        "price_per_unit": "97",
        "price_unit": "G"
      }
    ]
  },
  {
    "source_url": "https://www.woolworths.com.au/shop/productdetails/184938/arnold-s-farm-toasted-muesli-fruit-nut",
    "name": "Arnold's Farm Toasted Muesli Fruit & Nut 700g",
    "image_url": "https://cdn1.woolworths.media/content/wowproductimages/large/184938.jpg",
    "source_id": "Woolworths - 184938",
    "barcode": "9326666200013",
    "shop": "Woolworths",
    "weight": "100G",
    "prices": [
      {
        "state": "NSW",
        "price": "680",
        "price_per_unit": "97",
        "price_unit": "G"
      },
      {
        "state": "VIC",
        "price": "680",
        "price_per_unit": "97",
        "price_unit": "G"
      },
      {
        "state": "QLD",
        "price": "680",
        "price_per_unit": "97",
        "price_unit": "G"
      },
      {
        "state": "WA",
        "price": "680",
        "price_per_unit": "97",
        "price_unit": "G"
      },
      {
        "state": "SA",
        "price": "680",
        "price_per_unit": "97",
        "price_unit": "G"
      },
      {
        "state": "TAS",
        "price": "680",
        "price_per_unit": "97",
        "price_unit": "G"
      },
      {
        "state": "ACT",
        "price": "680",
        "price_per_unit": "97",
        "price_unit": "G"
      },
      {
        "state": "NT",
        "price": "680",
        "price_per_unit": "97",
        "price_unit": "G"
      }
    ]
  },
  {
    "source_url": "https://www.woolworths.com.au/shop/productdetails/567611/arnott-s-teeny-tiny-teddy-treasure-hunt-porridge-with-honey-oats",
    "name": "Arnott's Teeny Tiny Teddy Treasure Hunt Porridge With Honey Oats 350g",
    "image_url": "https://cdn1.woolworths.media/content/wowproductimages/large/567611.jpg",
    "source_id": "Woolworths - 567611",
    "barcode": "9326666710215",
    "shop": "Woolworths",
    "weight": "100G",
    "prices": [
      {
        "state": "NSW",
        "price": "285",
        "price_per_unit": "81",
        "price_unit": "G"
      },
      {
        "state": "VIC",
        "price": "285",
        "price_per_unit": "81",
        "price_unit": "G"
      },
      {
        "state": "QLD",
        "price": "285",
        "price_per_unit": "81",
        "price_unit": "G"
      },
      {
        "state": "WA",
        "price": "285",
        "price_per_unit": "81",
        "price_unit": "G"
      },
      {
        "state": "SA",
        "price": "285",
        "price_per_unit": "81",
        "price_unit": "G"
      },
      {
        "state": "TAS",
        "price": "570",
        "price_per_unit": "163",
        "price_unit": "G"
      },
      {
        "state": "ACT",
        "price": "570",
        "price_per_unit": "163",
        "price_unit": "G"
      },
      {
        "state": "NT",
        "price": "570",
        "price_per_unit": "163",
        "price_unit": "G"
      }
    ]
  },
  {
    "source_url": "https://www.woolworths.com.au/shop/productdetails/566257/arnott-s-teeny-tiny-teddy-treasure-hunt-porridge-with-honey-teddies",
    "name": "Arnott's Teeny Tiny Teddy Treasure Hunt Porridge With Honey Teddies 350g",
    "image_url": "https://cdn1.woolworths.media/content/wowproductimages/large/566257.jpg",
    "source_id": "Woolworths - 566257",
    "barcode": "9326666710222",
    "shop": "Woolworths",
    "weight": "100G",
    "prices": [
      {
        "state": "NSW",
        "price": "285",
        "price_per_unit": "81",
        "price_unit": "G"
      },
      {
        "state": "VIC",
        "price": "285",
        "price_per_unit": "81",
        "price_unit": "G"
      },
      {
        "state": "QLD",
        "price": "285",
        "price_per_unit": "81",
        "price_unit": "G"
      },
      {
        "state": "WA",
        "price": "285",
        "price_per_unit": "81",
        "price_unit": "G"
      },
      {
        "state": "SA",
        "price": "285",
        "price_per_unit": "81",
        "price_unit": "G"
      },
      {
        "state": "TAS",
        "price": "570",
        "price_per_unit": "163",
        "price_unit": "G"
      },
      {
        "state": "ACT",
        "price": "570",
        "price_per_unit": "163",
        "price_unit": "G"
      },
      {
        "state": "NT",
        "price": "570",
        "price_per_unit": "163",
        "price_unit": "G"
      }
    ]
  },
  {
    "source_url": "https://www.woolworths.com.au/shop/productdetails/208100/blue-frog-keto-almond-peanut-raspberry-cereal",
    "name": "Blue Frog Keto Almond, Peanut & Raspberry Cereal 300g",
    "image_url": "https://cdn1.woolworths.media/content/wowproductimages/large/208100.jpg",
    "source_id": "Woolworths - 208100",
    "barcode": "9421906822106",
    "shop": "Woolworths",
    "weight": "100G",
    "prices": [
      {
        "state": "NSW",
        "price": "1475",
        "price_per_unit": "492",
        "price_unit": "G"
      },
      {
        "state": "VIC",
        "price": "1475",
        "price_per_unit": "492",
        "price_unit": "G"
      },
      {
        "state": "QLD",
        "price": "1475",
        "price_per_unit": "492",
        "price_unit": "G"
      },
      {
        "state": "WA",
        "price": "1475",
        "price_per_unit": "492",
        "price_unit": "G"
      },
      {
        "state": "SA",
        "price": "1475",
        "price_per_unit": "492",
        "price_unit": "G"
      },
      {
        "state": "TAS",
        "price": "1475",
        "price_per_unit": "492",
        "price_unit": "G"
      },
      {
        "state": "ACT",
        "price": "1475",
        "price_per_unit": "492",
        "price_unit": "G"
      },
      {
        "state": "NT",
        "price": "1475",
        "price_per_unit": "492",
        "price_unit": "G"
      }
    ]
  },
  {
    "source_url": "https://www.woolworths.com.au/shop/productdetails/274329/blue-frog-keto-cereal-almond-butter-vanilla-bean",
    "name": "Blue Frog Keto Cereal Almond Butter & Vanilla Bean 300g",
    "image_url": "https://cdn1.woolworths.media/content/wowproductimages/large/274329.jpg",
    "source_id": "Woolworths - 274329",
    "barcode": "9421906822380",
    "shop": "Woolworths",
    "weight": "100G",
    "prices": [
      {
        "state": "NSW",
        "price": "1475",
        "price_per_unit": "492",
        "price_unit": "G"
      },
      {
        "state": "VIC",
        "price": "1475",
        "price_per_unit": "492",
        "price_unit": "G"
      },
      {
        "state": "QLD",
        "price": "1475",
        "price_per_unit": "492",
        "price_unit": "G"
      },
      {
        "state": "WA",
        "price": "1475",
        "price_per_unit": "492",
        "price_unit": "G"
      },
      {
        "state": "SA",
        "price": "1475",
        "price_per_unit": "492",
        "price_unit": "G"
      },
      {
        "state": "TAS",
        "price": "1475",
        "price_per_unit": "492",
        "price_unit": "G"
      },
      {
        "state": "ACT",
        "price": "1475",
        "price_per_unit": "492",
        "price_unit": "G"
      },
      {
        "state": "NT",
        "price": "1475",
        "price_per_unit": "492",
        "price_unit": "G"
      }
    ]
  },
  {
    "source_url": "https://www.woolworths.com.au/shop/productdetails/153261/blue-frog-macadamia-almond-manuka-honey-muesli",
    "name": "Blue Frog Macadamia, Almond & Manuka Honey Muesli 350G",
    "image_url": "https://cdn1.woolworths.media/content/wowproductimages/large/153261.jpg",
    "source_id": "Woolworths - 153261",
    "barcode": "9421903833938",
    "shop": "Woolworths",
    "weight": "100G",
    "prices": [
      {
        "state": "NSW",
        "price": "1475",
        "price_per_unit": "421",
        "price_unit": "G"
      },
      {
        "state": "VIC",
        "price": "1475",
        "price_per_unit": "421",
        "price_unit": "G"
      },
      {
        "state": "QLD",
        "price": "1475",
        "price_per_unit": "421",
        "price_unit": "G"
      },
      {
        "state": "WA",
        "price": "1475",
        "price_per_unit": "421",
        "price_unit": "G"
      },
      {
        "state": "SA",
        "price": "1475",
        "price_per_unit": "421",
        "price_unit": "G"
      },
      {
        "state": "TAS",
        "price": "1475",
        "price_per_unit": "421",
        "price_unit": "G"
      },
      {
        "state": "ACT",
        "price": "1475",
        "price_per_unit": "421",
        "price_unit": "G"
      },
      {
        "state": "NT",
        "price": "1475",
        "price_per_unit": "421",
        "price_unit": "G"
      }
    ]
  },
  {
    "source_url": "https://www.woolworths.com.au/shop/productdetails/615307/blue-frog-protein-mango-macadamia-toasted-coconut",
    "name": "Blue Frog Protein Mango Macadamia & Toasted Coconut 300g",
    "image_url": "https://cdn1.woolworths.media/content/wowproductimages/large/615307.jpg",
    "source_id": "Woolworths - 615307",
    "barcode": "9421906822502",
    "shop": "Woolworths",
    "weight": "100G",
    "prices": [
      {
        "state": "NSW",
        "price": "1475",
        "price_per_unit": "492",
        "price_unit": "G"
      },
      {
        "state": "VIC",
        "price": "1475",
        "price_per_unit": "492",
        "price_unit": "G"
      },
      {
        "state": "QLD",
        "price": "1475",
        "price_per_unit": "492",
        "price_unit": "G"
      },
      {
        "state": "WA",
        "price": "1475",
        "price_per_unit": "492",
        "price_unit": "G"
      },
      {
        "state": "SA",
        "price": "1475",
        "price_per_unit": "492",
        "price_unit": "G"
      },
      {
        "state": "TAS",
        "price": "1475",
        "price_per_unit": "492",
        "price_unit": "G"
      },
      {
        "state": "ACT",
        "price": "1475",
        "price_per_unit": "492",
        "price_unit": "G"
      },
      null
    ]
  },
  {
    "source_url": "https://www.woolworths.com.au/shop/productdetails/1075347287/byron-bay-macadamia-muesli-almond-fig-and-pear-honey-roasted-450g",
    "name": "Byron Bay Macadamia Muesli Almond Fig and Pear Honey Roasted 450g",
    "image_url": "https://cdn1.woolworths.media/content/wowproductimages/large/1075347287.jpg",
    "source_id": "Woolworths - 1075347287",
    "barcode": null,
    "shop": "Woolworths",
    "weight": "100G",
    "prices": [
      {
        "state": "NSW",
        "price": "1400",
        "price_per_unit": "311",
        "price_unit": "G"
      },
      {
        "state": "VIC",
        "price": "1400",
        "price_per_unit": "311",
        "price_unit": "G"
      },
      {
        "state": "QLD",
        "price": "1400",
        "price_per_unit": "311",
        "price_unit": "G"
      },
      {
        "state": "WA",
        "price": "1400",
        "price_per_unit": "311",
        "price_unit": "G"
      },
      {
        "state": "SA",
        "price": "1400",
        "price_per_unit": "311",
        "price_unit": "G"
      },
      {
        "state": "TAS",
        "price": "1400",
        "price_per_unit": "311",
        "price_unit": "G"
      },
      {
        "state": "ACT",
        "price": "1400",
        "price_per_unit": "311",
        "price_unit": "G"
      },
      {
        "state": "NT",
        "price": "1400",
        "price_per_unit": "311",
        "price_unit": "G"
      }
    ]
  },
  {
    "source_url": "https://www.woolworths.com.au/shop/productdetails/1075347289/byron-bay-macadamia-muesli-classic-style-450g",
    "name": "Byron Bay Macadamia Muesli Classic Style 450g",
    "image_url": "https://cdn1.woolworths.media/content/wowproductimages/large/1075347289.jpg",
    "source_id": "Woolworths - 1075347289",
    "barcode": null,
    "shop": "Woolworths",
    "weight": "100G",
    "prices": [
      {
        "state": "NSW",
        "price": "1400",
        "price_per_unit": "311",
        "price_unit": "G"
      },
      {
        "state": "VIC",
        "price": "1400",
        "price_per_unit": "311",
        "price_unit": "G"
      },
      {
        "state": "QLD",
        "price": "1400",
        "price_per_unit": "311",
        "price_unit": "G"
      },
      {
        "state": "WA",
        "price": "1400",
        "price_per_unit": "311",
        "price_unit": "G"
      },
      {
        "state": "SA",
        "price": "1400",
        "price_per_unit": "311",
        "price_unit": "G"
      },
      {
        "state": "TAS",
        "price": "1400",
        "price_per_unit": "311",
        "price_unit": "G"
      },
      {
        "state": "ACT",
        "price": "1400",
        "price_per_unit": "311",
        "price_unit": "G"
      },
      {
        "state": "NT",
        "price": "1400",
        "price_per_unit": "311",
        "price_unit": "G"
      }
    ]
  },
  {
    "source_url": "https://www.woolworths.com.au/shop/productdetails/1075347031/byron-bay-macadamia-muesli-gluten-free-mix-vegan-350g",
    "name": "Byron Bay Macadamia Muesli Gluten Free Mix Vegan 350g",
    "image_url": "https://cdn1.woolworths.media/content/wowproductimages/large/1075347031.jpg",
    "source_id": "Woolworths - 1075347031",
    "barcode": null,
    "shop": "Woolworths",
    "weight": "100G",
    "prices": [
      {
        "state": "NSW",
        "price": "1400",
        "price_per_unit": "400",
        "price_unit": "G"
      },
      {
        "state": "VIC",
        "price": "1400",
        "price_per_unit": "400",
        "price_unit": "G"
      },
      {
        "state": "QLD",
        "price": "1400",
        "price_per_unit": "400",
        "price_unit": "G"
      },
      {
        "state": "WA",
        "price": "1400",
        "price_per_unit": "400",
        "price_unit": "G"
      },
      {
        "state": "SA",
        "price": "1400",
        "price_per_unit": "400",
        "price_unit": "G"
      },
      {
        "state": "TAS",
        "price": "1400",
        "price_per_unit": "400",
        "price_unit": "G"
      },
      {
        "state": "ACT",
        "price": "1400",
        "price_per_unit": "400",
        "price_unit": "G"
      },
      {
        "state": "NT",
        "price": "1400",
        "price_per_unit": "400",
        "price_unit": "G"
      }
    ]
  },
  {
    "source_url": "https://www.woolworths.com.au/shop/productdetails/956036/carman-s-aussie-oat-cluster-berry-crunch-value-pack",
    "name": "Carman's Aussie Oat Cluster Berry Crunch Value Pack 800g",
    "image_url": "https://cdn1.woolworths.media/content/wowproductimages/large/956036.jpg",
    "source_id": "Woolworths - 956036",
    "barcode": "9319133338111",
    "shop": "Woolworths",
    "weight": "100G",
    "prices": [
      {
        "state": "NSW",
        "price": "850",
        "price_per_unit": "106",
        "price_unit": "G"
      },
      {
        "state": "VIC",
        "price": "850",
        "price_per_unit": "106",
        "price_unit": "G"
      },
      {
        "state": "QLD",
        "price": "850",
        "price_per_unit": "106",
        "price_unit": "G"
      },
      {
        "state": "WA",
        "price": "850",
        "price_per_unit": "106",
        "price_unit": "G"
      },
      {
        "state": "SA",
        "price": "850",
        "price_per_unit": "106",
        "price_unit": "G"
      },
      {
        "state": "TAS",
        "price": "850",
        "price_per_unit": "106",
        "price_unit": "G"
      },
      {
        "state": "ACT",
        "price": "850",
        "price_per_unit": "106",
        "price_unit": "G"
      },
      {
        "state": "NT",
        "price": "850",
        "price_per_unit": "106",
        "price_unit": "G"
      }
    ]
  },
  {
    "source_url": "https://www.woolworths.com.au/shop/productdetails/383849/carman-s-clusters-aussie-oat-apple-crunch",
    "name": "Carman's Clusters Aussie Oat Apple Crunch 450g",
    "image_url": "https://cdn1.woolworths.media/content/wowproductimages/large/383849.jpg",
    "source_id": "Woolworths - 383849",
    "barcode": "9319133338067",
    "shop": "Woolworths",
    "weight": "100G",
    "prices": [
      {
        "state": "NSW",
        "price": "850",
        "price_per_unit": "189",
        "price_unit": "G"
      },
      {
        "state": "VIC",
        "price": "850",
        "price_per_unit": "189",
        "price_unit": "G"
      },
      {
        "state": "QLD",
        "price": "850",
        "price_per_unit": "189",
        "price_unit": "G"
      },
      {
        "state": "WA",
        "price": "850",
        "price_per_unit": "189",
        "price_unit": "G"
      },
      {
        "state": "SA",
        "price": "850",
        "price_per_unit": "189",
        "price_unit": "G"
      },
      {
        "state": "TAS",
        "price": "850",
        "price_per_unit": "189",
        "price_unit": "G"
      },
      {
        "state": "ACT",
        "price": "850",
        "price_per_unit": "189",
        "price_unit": "G"
      },
      {
        "state": "NT",
        "price": "850",
        "price_per_unit": "189",
        "price_unit": "G"
      }
    ]
  },
  {
    "source_url": "https://www.woolworths.com.au/shop/productdetails/384998/carman-s-clusters-aussie-oat-apple-crunch",
    "name": "Carman's Clusters Aussie Oat Apple Crunch 800g",
    "image_url": "https://cdn1.woolworths.media/content/wowproductimages/large/384998.jpg",
    "source_id": "Woolworths - 384998",
    "barcode": "9319133338104",
    "shop": "Woolworths",
    "weight": "100G",
    "prices": [
      {
        "state": "NSW",
        "price": "950",
        "price_per_unit": "119",
        "price_unit": "G"
      },
      {
        "state": "VIC",
        "price": "950",
        "price_per_unit": "119",
        "price_unit": "G"
      },
      {
        "state": "QLD",
        "price": "950",
        "price_per_unit": "119",
        "price_unit": "G"
      },
      {
        "state": "WA",
        "price": "950",
        "price_per_unit": "119",
        "price_unit": "G"
      },
      {
        "state": "SA",
        "price": "950",
        "price_per_unit": "119",
        "price_unit": "G"
      },
      {
        "state": "TAS",
        "price": "950",
        "price_per_unit": "119",
        "price_unit": "G"
      },
      {
        "state": "ACT",
        "price": "950",
        "price_per_unit": "119",
        "price_unit": "G"
      },
      {
        "state": "NT",
        "price": "950",
        "price_per_unit": "119",
        "price_unit": "G"
      }
    ]
  },
  {
    "source_url": "https://www.woolworths.com.au/shop/productdetails/383259/carman-s-clusters-aussie-oat-cocoa-crunch",
    "name": "Carman's Clusters Aussie Oat Cocoa Crunch 450g",
    "image_url": "https://cdn1.woolworths.media/content/wowproductimages/large/383259.jpg",
    "source_id": "Woolworths - 383259",
    "barcode": "9319133338135",
    "shop": "Woolworths",
    "weight": "100G",
    "prices": [
      {
        "state": "NSW",
        "price": "850",
        "price_per_unit": "189",
        "price_unit": "G"
      },
      {
        "state": "VIC",
        "price": "850",
        "price_per_unit": "189",
        "price_unit": "G"
      },
      {
        "state": "QLD",
        "price": "850",
        "price_per_unit": "189",
        "price_unit": "G"
      },
      {
        "state": "WA",
        "price": "850",
        "price_per_unit": "189",
        "price_unit": "G"
      },
      {
        "state": "SA",
        "price": "850",
        "price_per_unit": "189",
        "price_unit": "G"
      },
      {
        "state": "TAS",
        "price": "850",
        "price_per_unit": "189",
        "price_unit": "G"
      },
      {
        "state": "ACT",
        "price": "850",
        "price_per_unit": "189",
        "price_unit": "G"
      },
      {
        "state": "NT",
        "price": "850",
        "price_per_unit": "189",
        "price_unit": "G"
      }
    ]
  },
  {
    "source_url": "https://www.woolworths.com.au/shop/productdetails/385531/carman-s-clusters-aussie-oat-crunchy-berry-crunch",
    "name": "Carman's Clusters Aussie Oat Crunchy Berry Crunch 450g",
    "image_url": "https://cdn1.woolworths.media/content/wowproductimages/large/385531.jpg",
    "source_id": "Woolworths - 385531",
    "barcode": "9319133338074",
    "shop": "Woolworths",
    "weight": "100G",
    "prices": [
      {
        "state": "NSW",
        "price": "850",
        "price_per_unit": "189",
        "price_unit": "G"
      },
      {
        "state": "VIC",
        "price": "850",
        "price_per_unit": "189",
        "price_unit": "G"
      },
      {
        "state": "QLD",
        "price": "850",
        "price_per_unit": "189",
        "price_unit": "G"
      },
      {
        "state": "WA",
        "price": "850",
        "price_per_unit": "189",
        "price_unit": "G"
      },
      {
        "state": "SA",
        "price": "850",
        "price_per_unit": "189",
        "price_unit": "G"
      },
      {
        "state": "TAS",
        "price": "850",
        "price_per_unit": "189",
        "price_unit": "G"
      },
      {
        "state": "ACT",
        "price": "850",
        "price_per_unit": "189",
        "price_unit": "G"
      },
      {
        "state": "NT",
        "price": "850",
        "price_per_unit": "189",
        "price_unit": "G"
      }
    ]
  },
  {
    "source_url": "https://www.woolworths.com.au/shop/productdetails/383792/carman-s-clusters-aussie-oat-honey-crunch",
    "name": "Carman's Clusters Aussie Oat Honey Crunch 450g",
    "image_url": "https://cdn1.woolworths.media/content/wowproductimages/large/383792.jpg",
    "source_id": "Woolworths - 383792",
    "barcode": "9319133338081",
    "shop": "Woolworths",
    "weight": "100G",
    "prices": [
      {
        "state": "NSW",
        "price": "850",
        "price_per_unit": "189",
        "price_unit": "G"
      },
      {
        "state": "VIC",
        "price": "850",
        "price_per_unit": "189",
        "price_unit": "G"
      },
      {
        "state": "QLD",
        "price": "850",
        "price_per_unit": "189",
        "price_unit": "G"
      },
      {
        "state": "WA",
        "price": "850",
        "price_per_unit": "189",
        "price_unit": "G"
      },
      {
        "state": "SA",
        "price": "850",
        "price_per_unit": "189",
        "price_unit": "G"
      },
      {
        "state": "TAS",
        "price": "850",
        "price_per_unit": "189",
        "price_unit": "G"
      },
      {
        "state": "ACT",
        "price": "850",
        "price_per_unit": "189",
        "price_unit": "G"
      },
      {
        "state": "NT",
        "price": "850",
        "price_per_unit": "189",
        "price_unit": "G"
      }
    ]
  },
  {
    "source_url": "https://www.woolworths.com.au/shop/productdetails/385174/carman-s-clusters-aussie-oat-honey-crunch",
    "name": "Carman's Clusters Aussie Oat Honey Crunch 800g",
    "image_url": "https://cdn1.woolworths.media/content/wowproductimages/large/385174.jpg",
    "source_id": "Woolworths - 385174",
    "barcode": "9319133338128",
    "shop": "Woolworths",
    "weight": "100G",
    "prices": [
      {
        "state": "NSW",
        "price": "950",
        "price_per_unit": "119",
        "price_unit": "G"
      },
      {
        "state": "VIC",
        "price": "950",
        "price_per_unit": "119",
        "price_unit": "G"
      },
      {
        "state": "QLD",
        "price": "950",
        "price_per_unit": "119",
        "price_unit": "G"
      },
      {
        "state": "WA",
        "price": "950",
        "price_per_unit": "119",
        "price_unit": "G"
      },
      {
        "state": "SA",
        "price": "950",
        "price_per_unit": "119",
        "price_unit": "G"
      },
      {
        "state": "TAS",
        "price": "950",
        "price_per_unit": "119",
        "price_unit": "G"
      },
      {
        "state": "ACT",
        "price": "950",
        "price_per_unit": "119",
        "price_unit": "G"
      },
      {
        "state": "NT",
        "price": "950",
        "price_per_unit": "119",
        "price_unit": "G"
      }
    ]
  },
  {
    "source_url": "https://www.woolworths.com.au/shop/productdetails/385063/carman-s-clusters-gourmet-cranberry-apple-roasted-nut",
    "name": "Carman's Clusters Gourmet Cranberry, Apple & Roasted Nut 450g",
    "image_url": "https://cdn1.woolworths.media/content/wowproductimages/large/385063.jpg",
    "source_id": "Woolworths - 385063",
    "barcode": "9319133337985",
    "shop": "Woolworths",
    "weight": "100G",
    "prices": [
      {
        "state": "NSW",
        "price": "650",
        "price_per_unit": "144",
        "price_unit": "G"
      },
      {
        "state": "VIC",
        "price": "650",
        "price_per_unit": "144",
        "price_unit": "G"
      },
      {
        "state": "QLD",
        "price": "650",
        "price_per_unit": "144",
        "price_unit": "G"
      },
      {
        "state": "WA",
        "price": "650",
        "price_per_unit": "144",
        "price_unit": "G"
      },
      {
        "state": "SA",
        "price": "650",
        "price_per_unit": "144",
        "price_unit": "G"
      },
      {
        "state": "TAS",
        "price": "950",
        "price_per_unit": "211",
        "price_unit": "G"
      },
      {
        "state": "ACT",
        "price": "950",
        "price_per_unit": "211",
        "price_unit": "G"
      },
      {
        "state": "NT",
        "price": "950",
        "price_per_unit": "211",
        "price_unit": "G"
      }
    ]
  },
  {
    "source_url": "https://www.woolworths.com.au/shop/productdetails/383760/carman-s-clusters-gourmet-honey-roasted-nut",
    "name": "Carman's Clusters Gourmet Honey Roasted Nut 450g",
    "image_url": "https://cdn1.woolworths.media/content/wowproductimages/large/383760.jpg",
    "source_id": "Woolworths - 383760",
    "barcode": "9319133337992",
    "shop": "Woolworths",
    "weight": "100G",
    "prices": [
      {
        "state": "NSW",
        "price": "650",
        "price_per_unit": "144",
        "price_unit": "G"
      },
      {
        "state": "VIC",
        "price": "650",
        "price_per_unit": "144",
        "price_unit": "G"
      },
      {
        "state": "QLD",
        "price": "650",
        "price_per_unit": "144",
        "price_unit": "G"
      },
      {
        "state": "WA",
        "price": "650",
        "price_per_unit": "144",
        "price_unit": "G"
      },
      {
        "state": "SA",
        "price": "650",
        "price_per_unit": "144",
        "price_unit": "G"
      },
      {
        "state": "TAS",
        "price": "950",
        "price_per_unit": "211",
        "price_unit": "G"
      },
      {
        "state": "ACT",
        "price": "950",
        "price_per_unit": "211",
        "price_unit": "G"
      },
      {
        "state": "NT",
        "price": "950",
        "price_per_unit": "211",
        "price_unit": "G"
      }
    ]
  },
  {
    "source_url": "https://www.woolworths.com.au/shop/productdetails/867025/carman-s-granola-5-grain-seed-almond-vanilla-cinnamon",
    "name": "Carman's Granola 5 Grain & Seed Almond Vanilla & Cinnamon 450g",
    "image_url": "https://cdn1.woolworths.media/content/wowproductimages/large/867025.jpg",
    "source_id": "Woolworths - 867025",
    "barcode": "9319133334809",
    "shop": "Woolworths",
    "weight": "100G",
    "prices": [
      {
        "state": "NSW",
        "price": "680",
        "price_per_unit": "151",
        "price_unit": "G"
      },
      {
        "state": "VIC",
        "price": "680",
        "price_per_unit": "151",
        "price_unit": "G"
      },
      {
        "state": "QLD",
        "price": "680",
        "price_per_unit": "151",
        "price_unit": "G"
      },
      {
        "state": "WA",
        "price": "680",
        "price_per_unit": "151",
        "price_unit": "G"
      },
      {
        "state": "SA",
        "price": "680",
        "price_per_unit": "151",
        "price_unit": "G"
      },
      {
        "state": "TAS",
        "price": "850",
        "price_per_unit": "189",
        "price_unit": "G"
      },
      {
        "state": "ACT",
        "price": "850",
        "price_per_unit": "189",
        "price_unit": "G"
      },
      {
        "state": "NT",
        "price": "850",
        "price_per_unit": "189",
        "price_unit": "G"
      }
    ]
  },
  {
    "source_url": "https://www.woolworths.com.au/shop/productdetails/867026/carman-s-granola-5-grain-seed-pink-lady-apple-blueberry",
    "name": "Carman's Granola 5 Grain & Seed Pink Lady Apple & Blueberry 450g",
    "image_url": "https://cdn1.woolworths.media/content/wowproductimages/large/867026.jpg",
    "source_id": "Woolworths - 867026",
    "barcode": "9319133334816",
    "shop": "Woolworths",
    "weight": "100G",
    "prices": [
      {
        "state": "NSW",
        "price": "680",
        "price_per_unit": "151",
        "price_unit": "G"
      },
      {
        "state": "VIC",
        "price": "680",
        "price_per_unit": "151",
        "price_unit": "G"
      },
      {
        "state": "QLD",
        "price": "680",
        "price_per_unit": "151",
        "price_unit": "G"
      },
      {
        "state": "WA",
        "price": "680",
        "price_per_unit": "151",
        "price_unit": "G"
      },
      {
        "state": "SA",
        "price": "680",
        "price_per_unit": "151",
        "price_unit": "G"
      },
      {
        "state": "TAS",
        "price": "850",
        "price_per_unit": "189",
        "price_unit": "G"
      },
      {
        "state": "ACT",
        "price": "850",
        "price_per_unit": "189",
        "price_unit": "G"
      },
      {
        "state": "NT",
        "price": "850",
        "price_per_unit": "189",
        "price_unit": "G"
      }
    ]
  },
  {
    "source_url": "https://www.woolworths.com.au/shop/productdetails/272603/carman-s-granola-antioxidant-blueberry-vanilla",
    "name": "Carman's Granola Antioxidant Blueberry & Vanilla 425g",
    "image_url": "https://cdn1.woolworths.media/content/wowproductimages/large/272603.jpg",
    "source_id": "Woolworths - 272603",
    "barcode": "9319133337589",
    "shop": "Woolworths",
    "weight": "100G",
    "prices": [
      {
        "state": "NSW",
        "price": "680",
        "price_per_unit": "160",
        "price_unit": "G"
      },
      {
        "state": "VIC",
        "price": "680",
        "price_per_unit": "160",
        "price_unit": "G"
      },
      {
        "state": "QLD",
        "price": "680",
        "price_per_unit": "160",
        "price_unit": "G"
      },
      {
        "state": "WA",
        "price": "680",
        "price_per_unit": "160",
        "price_unit": "G"
      },
      {
        "state": "SA",
        "price": "680",
        "price_per_unit": "160",
        "price_unit": "G"
      },
      {
        "state": "TAS",
        "price": "850",
        "price_per_unit": "200",
        "price_unit": "G"
      },
      {
        "state": "ACT",
        "price": "850",
        "price_per_unit": "200",
        "price_unit": "G"
      },
      {
        "state": "NT",
        "price": "850",
        "price_per_unit": "200",
        "price_unit": "G"
      }
    ]
  },
  {
    "source_url": "https://www.woolworths.com.au/shop/productdetails/209633/carman-s-granola-grain-free-almond-macadamia-cashew-pecan",
    "name": "Carman's Granola Grain Free Almond, Macadamia, Cashew & Pecan 400g",
    "image_url": "https://cdn1.woolworths.media/content/wowproductimages/large/209633.jpg",
    "source_id": "Woolworths - 209633",
    "barcode": "9319133337053",
    "shop": "Woolworths",
    "weight": "100G",
    "prices": [
      {
        "state": "NSW",
        "price": "1600",
        "price_per_unit": "400",
        "price_unit": "G"
      },
      {
        "state": "VIC",
        "price": "1600",
        "price_per_unit": "400",
        "price_unit": "G"
      },
      {
        "state": "QLD",
        "price": "1600",
        "price_per_unit": "400",
        "price_unit": "G"
      },
      {
        "state": "WA",
        "price": "1600",
        "price_per_unit": "400",
        "price_unit": "G"
      },
      {
        "state": "SA",
        "price": "1600",
        "price_per_unit": "400",
        "price_unit": "G"
      },
      {
        "state": "TAS",
        "price": "1600",
        "price_per_unit": "400",
        "price_unit": "G"
      },
      {
        "state": "ACT",
        "price": "1600",
        "price_per_unit": "400",
        "price_unit": "G"
      },
      {
        "state": "NT",
        "price": "1600",
        "price_per_unit": "400",
        "price_unit": "G"
      }
    ]
  },
  {
    "source_url": "https://www.woolworths.com.au/shop/productdetails/208879/carman-s-granola-grain-free-raspberry-blueberry-cranberry",
    "name": "Carman's Granola Grain Free Raspberry, Blueberry & Cranberry 400g",
    "image_url": "https://cdn1.woolworths.media/content/wowproductimages/large/208879.jpg",
    "source_id": "Woolworths - 208879",
    "barcode": "9319133337060",
    "shop": "Woolworths",
    "weight": "100G",
    "prices": [
      {
        "state": "NSW",
        "price": "1600",
        "price_per_unit": "400",
        "price_unit": "G"
      },
      {
        "state": "VIC",
        "price": "1600",
        "price_per_unit": "400",
        "price_unit": "G"
      },
      {
        "state": "QLD",
        "price": "1600",
        "price_per_unit": "400",
        "price_unit": "G"
      },
      {
        "state": "WA",
        "price": "1600",
        "price_per_unit": "400",
        "price_unit": "G"
      },
      {
        "state": "SA",
        "price": "1600",
        "price_per_unit": "400",
        "price_unit": "G"
      },
      {
        "state": "TAS",
        "price": "1600",
        "price_per_unit": "400",
        "price_unit": "G"
      },
      {
        "state": "ACT",
        "price": "1600",
        "price_per_unit": "400",
        "price_unit": "G"
      },
      {
        "state": "NT",
        "price": "1600",
        "price_per_unit": "400",
        "price_unit": "G"
      }
    ]
  },
  {
    "source_url": "https://www.woolworths.com.au/shop/productdetails/272313/carman-s-granola-low-carb-peanut-butter",
    "name": "Carman's Granola Low Carb Peanut Butter 425g",
    "image_url": "https://cdn1.woolworths.media/content/wowproductimages/large/272313.jpg",
    "source_id": "Woolworths - 272313",
    "barcode": "9319133337534",
    "shop": "Woolworths",
    "weight": "100G",
    "prices": [
      {
        "state": "NSW",
        "price": "680",
        "price_per_unit": "160",
        "price_unit": "G"
      },
      {
        "state": "VIC",
        "price": "680",
        "price_per_unit": "160",
        "price_unit": "G"
      },
      {
        "state": "QLD",
        "price": "680",
        "price_per_unit": "160",
        "price_unit": "G"
      },
      {
        "state": "WA",
        "price": "680",
        "price_per_unit": "160",
        "price_unit": "G"
      },
      {
        "state": "SA",
        "price": "680",
        "price_per_unit": "160",
        "price_unit": "G"
      },
      {
        "state": "TAS",
        "price": "850",
        "price_per_unit": "200",
        "price_unit": "G"
      },
      {
        "state": "ACT",
        "price": "850",
        "price_per_unit": "200",
        "price_unit": "G"
      },
      {
        "state": "NT",
        "price": "850",
        "price_per_unit": "200",
        "price_unit": "G"
      }
    ]
  },
  {
    "source_url": "https://www.woolworths.com.au/shop/productdetails/208900/carman-s-granola-protein-rich-almond-hazelnut",
    "name": "Carman's Granola Protein Rich Almond & Hazelnut 450g",
    "image_url": "https://cdn1.woolworths.media/content/wowproductimages/large/208900.jpg",
    "source_id": "Woolworths - 208900",
    "barcode": "9319133337039",
    "shop": "Woolworths",
    "weight": "100G",
    "prices": [
      {
        "state": "NSW",
        "price": "680",
        "price_per_unit": "151",
        "price_unit": "G"
      },
      {
        "state": "VIC",
        "price": "680",
        "price_per_unit": "151",
        "price_unit": "G"
      },
      {
        "state": "QLD",
        "price": "680",
        "price_per_unit": "151",
        "price_unit": "G"
      },
      {
        "state": "WA",
        "price": "680",
        "price_per_unit": "151",
        "price_unit": "G"
      },
      {
        "state": "SA",
        "price": "680",
        "price_per_unit": "151",
        "price_unit": "G"
      },
      {
        "state": "TAS",
        "price": "850",
        "price_per_unit": "189",
        "price_unit": "G"
      },
      {
        "state": "ACT",
        "price": "850",
        "price_per_unit": "189",
        "price_unit": "G"
      },
      {
        "state": "NT",
        "price": "850",
        "price_per_unit": "189",
        "price_unit": "G"
      }
    ]
  },
  {
    "source_url": "https://www.woolworths.com.au/shop/productdetails/953876/carman-s-gut-loving-granola-honey-roasted-almond-vanilla",
    "name": "Carman's Gut Loving Granola Honey Roasted Almond & Vanilla 425g",
    "image_url": "https://cdn1.woolworths.media/content/wowproductimages/large/953876.jpg",
    "source_id": "Woolworths - 953876",
    "barcode": "9319133338418",
    "shop": "Woolworths",
    "weight": "100G",
    "prices": [
      {
        "state": "NSW",
        "price": "680",
        "price_per_unit": "160",
        "price_unit": "G"
      },
      {
        "state": "VIC",
        "price": "680",
        "price_per_unit": "160",
        "price_unit": "G"
      },
      {
        "state": "QLD",
        "price": "680",
        "price_per_unit": "160",
        "price_unit": "G"
      },
      {
        "state": "WA",
        "price": "680",
        "price_per_unit": "160",
        "price_unit": "G"
      },
      {
        "state": "SA",
        "price": "680",
        "price_per_unit": "160",
        "price_unit": "G"
      },
      {
        "state": "TAS",
        "price": "850",
        "price_per_unit": "200",
        "price_unit": "G"
      },
      {
        "state": "ACT",
        "price": "850",
        "price_per_unit": "200",
        "price_unit": "G"
      },
      {
        "state": "NT",
        "price": "850",
        "price_per_unit": "200",
        "price_unit": "G"
      }
    ]
  },
  {
    "source_url": "https://www.woolworths.com.au/shop/productdetails/292780/carman-s-muesli-crispy-deluxe-fruit-nut",
    "name": "Carman's Muesli Crispy Deluxe Fruit & Nut 400g",
    "image_url": "https://cdn1.woolworths.media/content/wowproductimages/large/292780.jpg",
    "source_id": "Woolworths - 292780",
    "barcode": "9319133338012",
    "shop": "Woolworths",
    "weight": "100G",
    "prices": [
      {
        "state": "NSW",
        "price": "800",
        "price_per_unit": "200",
        "price_unit": "G"
      },
      {
        "state": "VIC",
        "price": "800",
        "price_per_unit": "200",
        "price_unit": "G"
      },
      {
        "state": "QLD",
        "price": "800",
        "price_per_unit": "200",
        "price_unit": "G"
      },
      {
        "state": "WA",
        "price": "800",
        "price_per_unit": "200",
        "price_unit": "G"
      },
      {
        "state": "SA",
        "price": "800",
        "price_per_unit": "200",
        "price_unit": "G"
      },
      {
        "state": "TAS",
        "price": "800",
        "price_per_unit": "200",
        "price_unit": "G"
      },
      {
        "state": "ACT",
        "price": "800",
        "price_per_unit": "200",
        "price_unit": "G"
      },
      {
        "state": "NT",
        "price": "800",
        "price_per_unit": "200",
        "price_unit": "G"
      }
    ]
  },
  {
    "source_url": "https://www.woolworths.com.au/shop/productdetails/688509/carman-s-muesli-natural-bircher",
    "name": "Carman's Muesli Natural Bircher 875g",
    "image_url": "https://cdn1.woolworths.media/content/wowproductimages/large/688509.jpg",
    "source_id": "Woolworths - 688509",
    "barcode": "9319133334694",
    "shop": "Woolworths",
    "weight": "100G",
    "prices": [
      {
        "state": "NSW",
        "price": "990",
        "price_per_unit": "113",
        "price_unit": "G"
      },
      {
        "state": "VIC",
        "price": "990",
        "price_per_unit": "113",
        "price_unit": "G"
      },
      {
        "state": "QLD",
        "price": "990",
        "price_per_unit": "113",
        "price_unit": "G"
      },
      {
        "state": "WA",
        "price": "990",
        "price_per_unit": "113",
        "price_unit": "G"
      },
      {
        "state": "SA",
        "price": "990",
        "price_per_unit": "113",
        "price_unit": "G"
      },
      null,
      {
        "state": "ACT",
        "price": "990",
        "price_per_unit": "113",
        "price_unit": "G"
      },
      {
        "state": "NT",
        "price": "990",
        "price_per_unit": "113",
        "price_unit": "G"
      }
    ]
  },
  {
    "source_url": "https://www.woolworths.com.au/shop/productdetails/688508/carman-s-muesli-toasted-classic-fruit-nut",
    "name": "Carman's Muesli Toasted Classic Fruit & Nut 875g",
    "image_url": "https://cdn1.woolworths.media/content/wowproductimages/large/688508.jpg",
    "source_id": "Woolworths - 688508",
    "barcode": "9319133334670",
    "shop": "Woolworths",
    "weight": "100G",
    "prices": [
      {
        "state": "NSW",
        "price": "990",
        "price_per_unit": "113",
        "price_unit": "G"
      },
      {
        "state": "VIC",
        "price": "990",
        "price_per_unit": "113",
        "price_unit": "G"
      },
      {
        "state": "QLD",
        "price": "990",
        "price_per_unit": "113",
        "price_unit": "G"
      },
      {
        "state": "WA",
        "price": "990",
        "price_per_unit": "113",
        "price_unit": "G"
      },
      {
        "state": "SA",
        "price": "990",
        "price_per_unit": "113",
        "price_unit": "G"
      },
      {
        "state": "TAS",
        "price": "990",
        "price_per_unit": "113",
        "price_unit": "G"
      },
      {
        "state": "ACT",
        "price": "990",
        "price_per_unit": "113",
        "price_unit": "G"
      },
      {
        "state": "NT",
        "price": "990",
        "price_per_unit": "113",
        "price_unit": "G"
      }
    ]
  },
  {
    "source_url": "https://www.woolworths.com.au/shop/productdetails/146325/carman-s-muesli-toasted-original-fruit-free",
    "name": "Carman's Muesli Toasted Original Fruit Free 500g",
    "image_url": "https://cdn1.woolworths.media/content/wowproductimages/large/146325.jpg",
    "source_id": "Woolworths - 146325",
    "barcode": "9319133331372",
    "shop": "Woolworths",
    "weight": "100G",
    "prices": [
      {
        "state": "NSW",
        "price": "750",
        "price_per_unit": "150",
        "price_unit": "G"
      },
      {
        "state": "VIC",
        "price": "750",
        "price_per_unit": "150",
        "price_unit": "G"
      },
      {
        "state": "QLD",
        "price": "750",
        "price_per_unit": "150",
        "price_unit": "G"
      },
      {
        "state": "WA",
        "price": "750",
        "price_per_unit": "150",
        "price_unit": "G"
      },
      {
        "state": "SA",
        "price": "750",
        "price_per_unit": "150",
        "price_unit": "G"
      },
      {
        "state": "TAS",
        "price": "750",
        "price_per_unit": "150",
        "price_unit": "G"
      },
      {
        "state": "ACT",
        "price": "750",
        "price_per_unit": "150",
        "price_unit": "G"
      },
      {
        "state": "NT",
        "price": "750",
        "price_per_unit": "150",
        "price_unit": "G"
      }
    ]
  },
  {
    "source_url": "https://www.woolworths.com.au/shop/productdetails/688530/carman-s-muesli-toasted-original-fruit-free",
    "name": "Carman's Muesli Toasted Original Fruit Free 875g",
    "image_url": "https://cdn1.woolworths.media/content/wowproductimages/large/688530.jpg",
    "source_id": "Woolworths - 688530",
    "barcode": "9319133334687",
    "shop": "Woolworths",
    "weight": "100G",
    "prices": [
      {
        "state": "NSW",
        "price": "990",
        "price_per_unit": "113",
        "price_unit": "G"
      },
      {
        "state": "VIC",
        "price": "990",
        "price_per_unit": "113",
        "price_unit": "G"
      },
      {
        "state": "QLD",
        "price": "990",
        "price_per_unit": "113",
        "price_unit": "G"
      },
      {
        "state": "WA",
        "price": "990",
        "price_per_unit": "113",
        "price_unit": "G"
      },
      {
        "state": "SA",
        "price": "990",
        "price_per_unit": "113",
        "price_unit": "G"
      },
      {
        "state": "TAS",
        "price": "990",
        "price_per_unit": "113",
        "price_unit": "G"
      },
      {
        "state": "ACT",
        "price": "990",
        "price_per_unit": "113",
        "price_unit": "G"
      },
      {
        "state": "NT",
        "price": "990",
        "price_per_unit": "113",
        "price_unit": "G"
      }
    ]
  },
  {
    "source_url": "https://www.woolworths.com.au/shop/productdetails/85132/carman-s-muesli-toasted-super-berry-cranberry-blueberry",
    "name": "Carman's Muesli Toasted Super Berry, Cranberry & Blueberry 875g",
    "image_url": "https://cdn1.woolworths.media/content/wowproductimages/large/085132.jpg",
    "source_id": "Woolworths - 85132",
    "barcode": "9319133335523",
    "shop": "Woolworths",
    "weight": "100G",
    "prices": [
      {
        "state": "NSW",
        "price": "990",
        "price_per_unit": "113",
        "price_unit": "G"
      },
      {
        "state": "VIC",
        "price": "990",
        "price_per_unit": "113",
        "price_unit": "G"
      },
      {
        "state": "QLD",
        "price": "990",
        "price_per_unit": "113",
        "price_unit": "G"
      },
      {
        "state": "WA",
        "price": "990",
        "price_per_unit": "113",
        "price_unit": "G"
      },
      {
        "state": "SA",
        "price": "990",
        "price_per_unit": "113",
        "price_unit": "G"
      },
      {
        "state": "TAS",
        "price": "990",
        "price_per_unit": "113",
        "price_unit": "G"
      },
      {
        "state": "ACT",
        "price": "990",
        "price_per_unit": "113",
        "price_unit": "G"
      },
      {
        "state": "NT",
        "price": "990",
        "price_per_unit": "113",
        "price_unit": "G"
      }
    ]
  },
  {
    "source_url": "https://www.woolworths.com.au/shop/productdetails/571396/carman-s-overnight-chia-oat-sachets-berry-coconut",
    "name": "Carman's Overnight Chia & Oat Sachets Berry & Coconut 6 pack",
    "image_url": "https://cdn1.woolworths.media/content/wowproductimages/large/571396.jpg",
    "source_id": "Woolworths - 571396",
    "barcode": "9319133338470",
    "shop": "Woolworths",
    "weight": "100G",
    "prices": [
      {
        "state": "NSW",
        "price": "750",
        "price_per_unit": "357",
        "price_unit": "G"
      },
      {
        "state": "VIC",
        "price": "750",
        "price_per_unit": "357",
        "price_unit": "G"
      },
      {
        "state": "QLD",
        "price": "750",
        "price_per_unit": "357",
        "price_unit": "G"
      },
      {
        "state": "WA",
        "price": "750",
        "price_per_unit": "357",
        "price_unit": "G"
      },
      {
        "state": "SA",
        "price": "750",
        "price_per_unit": "357",
        "price_unit": "G"
      },
      {
        "state": "TAS",
        "price": "750",
        "price_per_unit": "357",
        "price_unit": "G"
      },
      {
        "state": "ACT",
        "price": "750",
        "price_per_unit": "357",
        "price_unit": "G"
      },
      {
        "state": "NT",
        "price": "750",
        "price_per_unit": "357",
        "price_unit": "G"
      }
    ]
  },
  {
    "source_url": "https://www.woolworths.com.au/shop/productdetails/571582/carman-s-overnight-chia-oat-sachets-cacao-hazelnut",
    "name": "Carman's Overnight Chia & Oat Sachets Cacao & Hazelnut 6 pack",
    "image_url": "https://cdn1.woolworths.media/content/wowproductimages/large/571582.jpg",
    "source_id": "Woolworths - 571582",
    "barcode": "9319133338494",
    "shop": "Woolworths",
    "weight": "100G",
    "prices": [
      {
        "state": "NSW",
        "price": "750",
        "price_per_unit": "357",
        "price_unit": "G"
      },
      {
        "state": "VIC",
        "price": "750",
        "price_per_unit": "357",
        "price_unit": "G"
      },
      {
        "state": "QLD",
        "price": "750",
        "price_per_unit": "357",
        "price_unit": "G"
      },
      {
        "state": "WA",
        "price": "750",
        "price_per_unit": "357",
        "price_unit": "G"
      },
      {
        "state": "SA",
        "price": "750",
        "price_per_unit": "357",
        "price_unit": "G"
      },
      {
        "state": "TAS",
        "price": "750",
        "price_per_unit": "357",
        "price_unit": "G"
      },
      {
        "state": "ACT",
        "price": "750",
        "price_per_unit": "357",
        "price_unit": "G"
      },
      {
        "state": "NT",
        "price": "750",
        "price_per_unit": "357",
        "price_unit": "G"
      }
    ]
  },
  {
    "source_url": "https://www.woolworths.com.au/shop/productdetails/608601/carman-s-porridge-sachets-apple-sultana-cinnamon",
    "name": "Carman's Porridge Sachets Apple, Sultana & Cinnamon 8 pack",
    "image_url": "https://cdn1.woolworths.media/content/wowproductimages/large/608601.jpg",
    "source_id": "Woolworths - 608601",
    "barcode": "9319133333666",
    "shop": "Woolworths",
    "weight": "100G",
    "prices": [
      {
        "state": "NSW",
        "price": "750",
        "price_per_unit": "234",
        "price_unit": "G"
      },
      {
        "state": "VIC",
        "price": "750",
        "price_per_unit": "234",
        "price_unit": "G"
      },
      {
        "state": "QLD",
        "price": "750",
        "price_per_unit": "234",
        "price_unit": "G"
      },
      {
        "state": "WA",
        "price": "750",
        "price_per_unit": "234",
        "price_unit": "G"
      },
      {
        "state": "SA",
        "price": "750",
        "price_per_unit": "234",
        "price_unit": "G"
      },
      {
        "state": "TAS",
        "price": "750",
        "price_per_unit": "234",
        "price_unit": "G"
      },
      {
        "state": "ACT",
        "price": "750",
        "price_per_unit": "234",
        "price_unit": "G"
      },
      {
        "state": "NT",
        "price": "750",
        "price_per_unit": "234",
        "price_unit": "G"
      }
    ]
  },
  {
    "source_url": "https://www.woolworths.com.au/shop/productdetails/435300/carman-s-porridge-sachets-honey-vanilla-cinnamon",
    "name": "Carman's Porridge Sachets Honey, Vanilla & Cinnamon 8 pack",
    "image_url": "https://cdn1.woolworths.media/content/wowproductimages/large/435300.jpg",
    "source_id": "Woolworths - 435300",
    "barcode": "9319133333925",
    "shop": "Woolworths",
    "weight": "100G",
    "prices": [
      {
        "state": "NSW",
        "price": "750",
        "price_per_unit": "234",
        "price_unit": "G"
      },
      {
        "state": "VIC",
        "price": "750",
        "price_per_unit": "234",
        "price_unit": "G"
      },
      {
        "state": "QLD",
        "price": "750",
        "price_per_unit": "234",
        "price_unit": "G"
      },
      {
        "state": "WA",
        "price": "750",
        "price_per_unit": "234",
        "price_unit": "G"
      },
      {
        "state": "SA",
        "price": "750",
        "price_per_unit": "234",
        "price_unit": "G"
      },
      {
        "state": "TAS",
        "price": "750",
        "price_per_unit": "234",
        "price_unit": "G"
      },
      {
        "state": "ACT",
        "price": "750",
        "price_per_unit": "234",
        "price_unit": "G"
      },
      {
        "state": "NT",
        "price": "750",
        "price_per_unit": "234",
        "price_unit": "G"
      }
    ]
  },
  {
    "source_url": "https://www.woolworths.com.au/shop/productdetails/143627/carman-s-porridge-sachets-protein-rich-almond-vanilla-cinnamon",
    "name": "Carman's Porridge Sachets Protein Rich Almond, Vanilla & Cinnamon 6 pack",
    "image_url": "https://cdn1.woolworths.media/content/wowproductimages/large/143627.jpg",
    "source_id": "Woolworths - 143627",
    "barcode": "9319133336155",
    "shop": "Woolworths",
    "weight": "100G",
    "prices": [
      {
        "state": "NSW",
        "price": "750",
        "price_per_unit": "313",
        "price_unit": "G"
      },
      {
        "state": "VIC",
        "price": "750",
        "price_per_unit": "313",
        "price_unit": "G"
      },
      {
        "state": "QLD",
        "price": "750",
        "price_per_unit": "313",
        "price_unit": "G"
      },
      {
        "state": "WA",
        "price": "750",
        "price_per_unit": "313",
        "price_unit": "G"
      },
      {
        "state": "SA",
        "price": "750",
        "price_per_unit": "313",
        "price_unit": "G"
      },
      {
        "state": "TAS",
        "price": "750",
        "price_per_unit": "313",
        "price_unit": "G"
      },
      {
        "state": "ACT",
        "price": "750",
        "price_per_unit": "313",
        "price_unit": "G"
      },
      {
        "state": "NT",
        "price": "750",
        "price_per_unit": "313",
        "price_unit": "G"
      }
    ]
  },
  {
    "source_url": "https://www.woolworths.com.au/shop/productdetails/208938/carman-s-porridge-sachets-raspberry-vanilla",
    "name": "Carman's Porridge Sachets Raspberry & Vanilla 8 pack",
    "image_url": "https://cdn1.woolworths.media/content/wowproductimages/large/208938.jpg",
    "source_id": "Woolworths - 208938",
    "barcode": "9319133336902",
    "shop": "Woolworths",
    "weight": "100G",
    "prices": [
      {
        "state": "NSW",
        "price": "750",
        "price_per_unit": "234",
        "price_unit": "G"
      },
      {
        "state": "VIC",
        "price": "750",
        "price_per_unit": "234",
        "price_unit": "G"
      },
      {
        "state": "QLD",
        "price": "750",
        "price_per_unit": "234",
        "price_unit": "G"
      },
      {
        "state": "WA",
        "price": "750",
        "price_per_unit": "234",
        "price_unit": "G"
      },
      {
        "state": "SA",
        "price": "750",
        "price_per_unit": "234",
        "price_unit": "G"
      },
      {
        "state": "TAS",
        "price": "750",
        "price_per_unit": "234",
        "price_unit": "G"
      },
      {
        "state": "ACT",
        "price": "750",
        "price_per_unit": "234",
        "price_unit": "G"
      },
      {
        "state": "NT",
        "price": "750",
        "price_per_unit": "234",
        "price_unit": "G"
      }
    ]
  },
  {
    "source_url": "https://www.woolworths.com.au/shop/productdetails/435310/carman-s-porridge-sachets-super-berry-coconut",
    "name": "Carman's Porridge Sachets Super Berry & Coconut 8 pack",
    "image_url": "https://cdn1.woolworths.media/content/wowproductimages/large/435310.jpg",
    "source_id": "Woolworths - 435310",
    "barcode": "9319133333444",
    "shop": "Woolworths",
    "weight": "100G",
    "prices": [
      {
        "state": "NSW",
        "price": "750",
        "price_per_unit": "234",
        "price_unit": "G"
      },
      {
        "state": "VIC",
        "price": "750",
        "price_per_unit": "234",
        "price_unit": "G"
      },
      {
        "state": "QLD",
        "price": "750",
        "price_per_unit": "234",
        "price_unit": "G"
      },
      {
        "state": "WA",
        "price": "750",
        "price_per_unit": "234",
        "price_unit": "G"
      },
      {
        "state": "SA",
        "price": "750",
        "price_per_unit": "234",
        "price_unit": "G"
      },
      {
        "state": "TAS",
        "price": "750",
        "price_per_unit": "234",
        "price_unit": "G"
      },
      {
        "state": "ACT",
        "price": "750",
        "price_per_unit": "234",
        "price_unit": "G"
      },
      {
        "state": "NT",
        "price": "750",
        "price_per_unit": "234",
        "price_unit": "G"
      }
    ]
  },
  {
    "source_url": "https://www.woolworths.com.au/shop/productdetails/1075345542/coastal-crunch-protein-crunch-granola-cacao-hazelnut-chia-320g",
    "name": "Coastal Crunch Protein Crunch Granola Cacao Hazelnut & Chia 320g",
    "image_url": "https://cdn1.woolworths.media/content/wowproductimages/large/1075345542.jpg",
    "source_id": "Woolworths - 1075345542",
    "barcode": null,
    "shop": "Woolworths",
    "weight": "100G",
    "prices": [
      {
        "state": "NSW",
        "price": "1599",
        "price_per_unit": "500",
        "price_unit": "G"
      },
      {
        "state": "VIC",
        "price": "1599",
        "price_per_unit": "500",
        "price_unit": "G"
      },
      {
        "state": "QLD",
        "price": "1599",
        "price_per_unit": "500",
        "price_unit": "G"
      },
      {
        "state": "WA",
        "price": "1599",
        "price_per_unit": "500",
        "price_unit": "G"
      },
      {
        "state": "SA",
        "price": "1599",
        "price_per_unit": "500",
        "price_unit": "G"
      },
      {
        "state": "TAS",
        "price": "1599",
        "price_per_unit": "500",
        "price_unit": "G"
      },
      {
        "state": "ACT",
        "price": "1599",
        "price_per_unit": "500",
        "price_unit": "G"
      },
      {
        "state": "NT",
        "price": "1599",
        "price_per_unit": "500",
        "price_unit": "G"
      }
    ]
  },
  {
    "source_url": "https://www.woolworths.com.au/shop/productdetails/1075346861/coastal-crunch-protein-crunch-granola-gingernut-crunch-320g",
    "name": "Coastal Crunch Protein Crunch Granola Gingernut Crunch 320g",
    "image_url": "https://cdn1.woolworths.media/content/wowproductimages/large/1075346861.jpg",
    "source_id": "Woolworths - 1075346861",
    "barcode": null,
    "shop": "Woolworths",
    "weight": "100G",
    "prices": [
      {
        "state": "NSW",
        "price": "1599",
        "price_per_unit": "500",
        "price_unit": "G"
      },
      {
        "state": "VIC",
        "price": "1599",
        "price_per_unit": "500",
        "price_unit": "G"
      },
      {
        "state": "QLD",
        "price": "1599",
        "price_per_unit": "500",
        "price_unit": "G"
      },
      {
        "state": "WA",
        "price": "1599",
        "price_per_unit": "500",
        "price_unit": "G"
      },
      {
        "state": "SA",
        "price": "1599",
        "price_per_unit": "500",
        "price_unit": "G"
      },
      {
        "state": "TAS",
        "price": "1599",
        "price_per_unit": "500",
        "price_unit": "G"
      },
      {
        "state": "ACT",
        "price": "1599",
        "price_per_unit": "500",
        "price_unit": "G"
      },
      {
        "state": "NT",
        "price": "1599",
        "price_per_unit": "500",
        "price_unit": "G"
      }
    ]
  },
  {
    "source_url": "https://www.woolworths.com.au/shop/productdetails/1075346711/coastal-crunch-protein-crunch-granola-toasted-almond-cinnamon-320g",
    "name": "Coastal Crunch Protein Crunch Granola Toasted Almond & Cinnamon 320g",
    "image_url": "https://cdn1.woolworths.media/content/wowproductimages/large/1075346711.jpg",
    "source_id": "Woolworths - 1075346711",
    "barcode": null,
    "shop": "Woolworths",
    "weight": "100G",
    "prices": [
      {
        "state": "NSW",
        "price": "1599",
        "price_per_unit": "500",
        "price_unit": "G"
      },
      {
        "state": "VIC",
        "price": "1599",
        "price_per_unit": "500",
        "price_unit": "G"
      },
      {
        "state": "QLD",
        "price": "1599",
        "price_per_unit": "500",
        "price_unit": "G"
      },
      {
        "state": "WA",
        "price": "1599",
        "price_per_unit": "500",
        "price_unit": "G"
      },
      {
        "state": "SA",
        "price": "1599",
        "price_per_unit": "500",
        "price_unit": "G"
      },
      {
        "state": "TAS",
        "price": "1599",
        "price_per_unit": "500",
        "price_unit": "G"
      },
      {
        "state": "ACT",
        "price": "1599",
        "price_per_unit": "500",
        "price_unit": "G"
      },
      {
        "state": "NT",
        "price": "1599",
        "price_per_unit": "500",
        "price_unit": "G"
      }
    ]
  },
  {
    "source_url": "https://www.woolworths.com.au/shop/productdetails/85468/dorset-berry-granola",
    "name": "Dorset Berry Granola 450g",
    "image_url": "https://cdn1.woolworths.media/content/wowproductimages/large/085468.jpg",
    "source_id": "Woolworths - 85468",
    "barcode": "5018357013098",
    "shop": "Woolworths",
    "weight": "100G",
    "prices": [
      {
        "state": "NSW",
        "price": "900",
        "price_per_unit": "200",
        "price_unit": "G"
      },
      {
        "state": "VIC",
        "price": "900",
        "price_per_unit": "200",
        "price_unit": "G"
      },
      {
        "state": "QLD",
        "price": "900",
        "price_per_unit": "200",
        "price_unit": "G"
      },
      {
        "state": "WA",
        "price": "900",
        "price_per_unit": "200",
        "price_unit": "G"
      },
      {
        "state": "SA",
        "price": "900",
        "price_per_unit": "200",
        "price_unit": "G"
      },
      {
        "state": "TAS",
        "price": "900",
        "price_per_unit": "200",
        "price_unit": "G"
      },
      {
        "state": "ACT",
        "price": "900",
        "price_per_unit": "200",
        "price_unit": "G"
      },
      {
        "state": "NT",
        "price": "900",
        "price_per_unit": "200",
        "price_unit": "G"
      }
    ]
  },
  {
    "source_url": "https://www.woolworths.com.au/shop/productdetails/85470/dorset-nut-granola",
    "name": "Dorset Nut Granola 450g",
    "image_url": "https://cdn1.woolworths.media/content/wowproductimages/large/085470.jpg",
    "source_id": "Woolworths - 85470",
    "barcode": "5018357013074",
    "shop": "Woolworths",
    "weight": "100G",
    "prices": [
      {
        "state": "NSW",
        "price": "900",
        "price_per_unit": "200",
        "price_unit": "G"
      },
      {
        "state": "VIC",
        "price": "900",
        "price_per_unit": "200",
        "price_unit": "G"
      },
      {
        "state": "QLD",
        "price": "900",
        "price_per_unit": "200",
        "price_unit": "G"
      },
      {
        "state": "WA",
        "price": "900",
        "price_per_unit": "200",
        "price_unit": "G"
      },
      {
        "state": "SA",
        "price": "900",
        "price_per_unit": "200",
        "price_unit": "G"
      },
      {
        "state": "TAS",
        "price": "900",
        "price_per_unit": "200",
        "price_unit": "G"
      },
      {
        "state": "ACT",
        "price": "900",
        "price_per_unit": "200",
        "price_unit": "G"
      },
      {
        "state": "NT",
        "price": "900",
        "price_per_unit": "200",
        "price_unit": "G"
      }
    ]
  },
  {
    "source_url": "https://www.woolworths.com.au/shop/productdetails/1075481091/eclipse-organic-muesli-gluten-free-light-crisp-380g",
    "name": "Eclipse Organic Muesli Gluten Free Light & Crisp 380g",
    "image_url": "https://cdn1.woolworths.media/content/wowproductimages/large/1075481091.jpg",
    "source_id": "Woolworths - 1075481091",
    "barcode": null,
    "shop": "Woolworths",
    "weight": "100G",
    "prices": [
      {
        "state": "NSW",
        "price": "1580",
        "price_per_unit": "416",
        "price_unit": "G"
      },
      {
        "state": "VIC",
        "price": "1580",
        "price_per_unit": "416",
        "price_unit": "G"
      },
      {
        "state": "QLD",
        "price": "1580",
        "price_per_unit": "416",
        "price_unit": "G"
      },
      {
        "state": "WA",
        "price": "1580",
        "price_per_unit": "416",
        "price_unit": "G"
      },
      {
        "state": "SA",
        "price": "1580",
        "price_per_unit": "416",
        "price_unit": "G"
      },
      {
        "state": "TAS",
        "price": "1580",
        "price_per_unit": "416",
        "price_unit": "G"
      },
      {
        "state": "ACT",
        "price": "1580",
        "price_per_unit": "416",
        "price_unit": "G"
      },
      {
        "state": "NT",
        "price": "1580",
        "price_per_unit": "416",
        "price_unit": "G"
      }
    ]
  },
  {
    "source_url": "https://www.woolworths.com.au/shop/productdetails/1075481724/eclipse-organic-muesli-gluten-free-nutty-clusters-400g",
    "name": "Eclipse Organic Muesli Gluten Free Nutty Clusters 400g",
    "image_url": "https://cdn1.woolworths.media/content/wowproductimages/large/1075481724.jpg",
    "source_id": "Woolworths - 1075481724",
    "barcode": null,
    "shop": "Woolworths",
    "weight": "100G",
    "prices": [
      {
        "state": "NSW",
        "price": "1580",
        "price_per_unit": "395",
        "price_unit": "G"
      },
      {
        "state": "VIC",
        "price": "1580",
        "price_per_unit": "395",
        "price_unit": "G"
      },
      {
        "state": "QLD",
        "price": "1580",
        "price_per_unit": "395",
        "price_unit": "G"
      },
      {
        "state": "WA",
        "price": "1580",
        "price_per_unit": "395",
        "price_unit": "G"
      },
      {
        "state": "SA",
        "price": "1580",
        "price_per_unit": "395",
        "price_unit": "G"
      },
      {
        "state": "TAS",
        "price": "1580",
        "price_per_unit": "395",
        "price_unit": "G"
      },
      {
        "state": "ACT",
        "price": "1580",
        "price_per_unit": "395",
        "price_unit": "G"
      },
      {
        "state": "NT",
        "price": "1580",
        "price_per_unit": "395",
        "price_unit": "G"
      }
    ]
  },
  {
    "source_url": "https://www.woolworths.com.au/shop/productdetails/93035/essentials-processed-bran-sticks",
    "name": "Essentials Processed Bran Sticks 500g",
    "image_url": "https://cdn1.woolworths.media/content/wowproductimages/large/093035.jpg",
    "source_id": "Woolworths - 93035",
    "barcode": "9300633930356",
    "shop": "Woolworths",
    "weight": "100G",
    "prices": [
      {
        "state": "NSW",
        "price": "179",
        "price_per_unit": "36",
        "price_unit": "G"
      },
      {
        "state": "VIC",
        "price": "179",
        "price_per_unit": "36",
        "price_unit": "G"
      },
      {
        "state": "QLD",
        "price": "179",
        "price_per_unit": "36",
        "price_unit": "G"
      },
      {
        "state": "WA",
        "price": "179",
        "price_per_unit": "36",
        "price_unit": "G"
      },
      {
        "state": "SA",
        "price": "179",
        "price_per_unit": "36",
        "price_unit": "G"
      },
      {
        "state": "TAS",
        "price": "179",
        "price_per_unit": "36",
        "price_unit": "G"
      },
      {
        "state": "ACT",
        "price": "179",
        "price_per_unit": "36",
        "price_unit": "G"
      },
      {
        "state": "NT",
        "price": "179",
        "price_per_unit": "36",
        "price_unit": "G"
      }
    ]
  },
  {
    "source_url": "https://www.woolworths.com.au/shop/productdetails/277271/farmer-jo-gluten-free-keto-granola-with-cinnamon-spice",
    "name": "Farmer Jo Gluten Free Keto Granola With Cinnamon Spice 300g",
    "image_url": "https://cdn1.woolworths.media/content/wowproductimages/large/277271.jpg",
    "source_id": "Woolworths - 277271",
    "barcode": "9346430002315",
    "shop": "Woolworths",
    "weight": "100G",
    "prices": [
      {
        "state": "NSW",
        "price": "1000",
        "price_per_unit": "333",
        "price_unit": "G"
      },
      {
        "state": "VIC",
        "price": "1000",
        "price_per_unit": "333",
        "price_unit": "G"
      },
      {
        "state": "QLD",
        "price": "1000",
        "price_per_unit": "333",
        "price_unit": "G"
      },
      {
        "state": "WA",
        "price": "1000",
        "price_per_unit": "333",
        "price_unit": "G"
      },
      {
        "state": "SA",
        "price": "1000",
        "price_per_unit": "333",
        "price_unit": "G"
      },
      {
        "state": "TAS",
        "price": "1000",
        "price_per_unit": "333",
        "price_unit": "G"
      },
      {
        "state": "ACT",
        "price": "850",
        "price_per_unit": "283",
        "price_unit": "G"
      },
      {
        "state": "NT",
        "price": "850",
        "price_per_unit": "283",
        "price_unit": "G"
      }
    ]
  },
  {
    "source_url": "https://www.woolworths.com.au/shop/productdetails/85136/farmer-jo-gluten-free-paleo-muesli",
    "name": "Farmer Jo Gluten Free Paleo Muesli 300g",
    "image_url": "https://cdn1.woolworths.media/content/wowproductimages/large/085136.jpg",
    "source_id": "Woolworths - 85136",
    "barcode": "9346430002131",
    "shop": "Woolworths",
    "weight": "100G",
    "prices": [
      {
        "state": "NSW",
        "price": "1000",
        "price_per_unit": "333",
        "price_unit": "G"
      },
      {
        "state": "VIC",
        "price": "1000",
        "price_per_unit": "333",
        "price_unit": "G"
      },
      {
        "state": "QLD",
        "price": "1000",
        "price_per_unit": "333",
        "price_unit": "G"
      },
      {
        "state": "WA",
        "price": "1000",
        "price_per_unit": "333",
        "price_unit": "G"
      },
      {
        "state": "SA",
        "price": "1000",
        "price_per_unit": "333",
        "price_unit": "G"
      },
      {
        "state": "TAS",
        "price": "1000",
        "price_per_unit": "333",
        "price_unit": "G"
      },
      {
        "state": "ACT",
        "price": "850",
        "price_per_unit": "283",
        "price_unit": "G"
      },
      {
        "state": "NT",
        "price": "850",
        "price_per_unit": "283",
        "price_unit": "G"
      }
    ]
  },
  {
    "source_url": "https://www.woolworths.com.au/shop/productdetails/935647/farmer-jo-granola-paleo",
    "name": "Farmer Jo Granola Paleo 300g",
    "image_url": "https://cdn1.woolworths.media/content/wowproductimages/large/935647.jpg",
    "source_id": "Woolworths - 935647",
    "barcode": "9346430000557",
    "shop": "Woolworths",
    "weight": "100G",
    "prices": [
      {
        "state": "NSW",
        "price": "1600",
        "price_per_unit": "533",
        "price_unit": "G"
      },
      {
        "state": "SA",
        "price": "1600",
        "price_per_unit": "533",
        "price_unit": "G"
      },
      {
        "state": "TAS",
        "price": "1600",
        "price_per_unit": "533",
        "price_unit": "G"
      },
      {
        "state": "ACT",
        "price": "1200",
        "price_per_unit": "400",
        "price_unit": "G"
      }
    ]
  },
  {
    "source_url": "https://www.woolworths.com.au/shop/productdetails/935641/farmer-jo-granola-twice-baked-pistachio-quinoa",
    "name": "Farmer Jo Granola Twice Baked Pistachio & Quinoa 400g",
    "image_url": "https://cdn1.woolworths.media/content/wowproductimages/large/935641.jpg",
    "source_id": "Woolworths - 935641",
    "barcode": "9346430000489",
    "shop": "Woolworths",
    "weight": "100G",
    "prices": [
      {
        "state": "NSW",
        "price": "1600",
        "price_per_unit": "400",
        "price_unit": "G"
      },
      {
        "state": "VIC",
        "price": "1600",
        "price_per_unit": "400",
        "price_unit": "G"
      },
      {
        "state": "QLD",
        "price": "1600",
        "price_per_unit": "400",
        "price_unit": "G"
      },
      {
        "state": "WA",
        "price": "1600",
        "price_per_unit": "400",
        "price_unit": "G"
      },
      {
        "state": "SA",
        "price": "1600",
        "price_per_unit": "400",
        "price_unit": "G"
      },
      {
        "state": "TAS",
        "price": "1600",
        "price_per_unit": "400",
        "price_unit": "G"
      },
      {
        "state": "ACT",
        "price": "1200",
        "price_per_unit": "300",
        "price_unit": "G"
      },
      {
        "state": "NT",
        "price": "1200",
        "price_per_unit": "300",
        "price_unit": "G"
      }
    ]
  },
  {
    "source_url": "https://www.woolworths.com.au/shop/productdetails/1075478961/franjo-s-kitchen-date-walnut-maple-crunchy-lactation-muesli-360g",
    "name": "Franjo's Kitchen Date walnut & Maple Crunchy Lactation Muesli 360g",
    "image_url": "https://cdn1.woolworths.media/content/wowproductimages/large/1075478961.jpg",
    "source_id": "Woolworths - 1075478961",
    "barcode": null,
    "shop": "Woolworths",
    "weight": "100G",
    "prices": [
      {
        "state": "NSW",
        "price": "1953",
        "price_per_unit": "543",
        "price_unit": "G"
      },
      {
        "state": "VIC",
        "price": "1953",
        "price_per_unit": "543",
        "price_unit": "G"
      },
      {
        "state": "QLD",
        "price": "1953",
        "price_per_unit": "543",
        "price_unit": "G"
      },
      {
        "state": "WA",
        "price": "1953",
        "price_per_unit": "543",
        "price_unit": "G"
      },
      {
        "state": "SA",
        "price": "1953",
        "price_per_unit": "543",
        "price_unit": "G"
      },
      {
        "state": "TAS",
        "price": "1953",
        "price_per_unit": "543",
        "price_unit": "G"
      },
      {
        "state": "ACT",
        "price": "1953",
        "price_per_unit": "543",
        "price_unit": "G"
      },
      {
        "state": "NT",
        "price": "1953",
        "price_per_unit": "543",
        "price_unit": "G"
      }
    ]
  },
  {
    "source_url": "https://www.woolworths.com.au/shop/productdetails/223975/freedom-classic-xo-cocoa-crunch-cereal-32-whole-grain",
    "name": "Freedom Classic Xo Cocoa Crunch Cereal 360g",
    "image_url": "https://cdn1.woolworths.media/content/wowproductimages/large/223975.jpg",
    "source_id": "Woolworths - 223975",
    "barcode": "9326666610096",
    "shop": "Woolworths",
    "weight": "100G",
    "prices": [
      {
        "state": "NSW",
        "price": "750",
        "price_per_unit": "208",
        "price_unit": "G"
      },
      {
        "state": "VIC",
        "price": "750",
        "price_per_unit": "208",
        "price_unit": "G"
      },
      {
        "state": "QLD",
        "price": "750",
        "price_per_unit": "208",
        "price_unit": "G"
      },
      {
        "state": "WA",
        "price": "750",
        "price_per_unit": "208",
        "price_unit": "G"
      },
      {
        "state": "SA",
        "price": "750",
        "price_per_unit": "208",
        "price_unit": "G"
      },
      {
        "state": "TAS",
        "price": "750",
        "price_per_unit": "208",
        "price_unit": "G"
      },
      {
        "state": "ACT",
        "price": "750",
        "price_per_unit": "208",
        "price_unit": "G"
      },
      {
        "state": "NT",
        "price": "750",
        "price_per_unit": "208",
        "price_unit": "G"
      },
      {
        "state": "TAS",
        "price": "750",
        "price_per_unit": "208",
        "price_unit": "G"
      },
      {
        "state": "ACT",
        "price": "750",
        "price_per_unit": "208",
        "price_unit": "G"
      },
      {
        "state": "NT",
        "price": "750",
        "price_per_unit": "208",
        "price_unit": "G"
      }
    ]
  },
  {
    "source_url": "https://www.woolworths.com.au/shop/productdetails/209279/freshness-fine-foods-almond-nut-crunch-granola",
    "name": "Freshness Fine Foods Almond Nut Crunch Granola 500g",
    "image_url": "https://cdn1.woolworths.media/content/wowproductimages/large/209279.jpg",
    "source_id": "Woolworths - 209279",
    "barcode": "9343636000237",
    "shop": "Woolworths",
    "weight": "100G",
    "prices": [
      {
        "state": "NSW",
        "price": "1500",
        "price_per_unit": "300",
        "price_unit": "G"
      },
      {
        "state": "SA",
        "price": "1500",
        "price_per_unit": "300",
        "price_unit": "G"
      },
      {
        "state": "TAS",
        "price": "1500",
        "price_per_unit": "300",
        "price_unit": "G"
      },
      {
        "state": "ACT",
        "price": "1500",
        "price_per_unit": "300",
        "price_unit": "G"
      }
    ]
  },
  {
    "source_url": "https://www.woolworths.com.au/shop/productdetails/1075347246/gloriously-free-quick-oats-1kg",
    "name": "Gloriously Free Quick Oats 1kg",
    "image_url": "https://cdn1.woolworths.media/content/wowproductimages/large/1075347246.jpg",
    "source_id": "Woolworths - 1075347246",
    "barcode": null,
    "shop": "Woolworths",
    "weight": "100G",
    "prices": [
      {
        "state": "NSW",
        "price": "2680",
        "price_per_unit": "268",
        "price_unit": "G"
      },
      {
        "state": "VIC",
        "price": "2680",
        "price_per_unit": "268",
        "price_unit": "G"
      },
      {
        "state": "QLD",
        "price": "2680",
        "price_per_unit": "268",
        "price_unit": "G"
      },
      {
        "state": "WA",
        "price": "2680",
        "price_per_unit": "268",
        "price_unit": "G"
      },
      {
        "state": "SA",
        "price": "2680",
        "price_per_unit": "268",
        "price_unit": "G"
      },
      {
        "state": "TAS",
        "price": "2680",
        "price_per_unit": "268",
        "price_unit": "G"
      },
      {
        "state": "ACT",
        "price": "2680",
        "price_per_unit": "268",
        "price_unit": "G"
      },
      {
        "state": "NT",
        "price": "2680",
        "price_per_unit": "268",
        "price_unit": "G"
      }
    ]
  },
  {
    "source_url": "https://www.woolworths.com.au/shop/productdetails/1075347632/gloriously-free-quick-oats-500g",
    "name": "Gloriously Free Quick Oats 500g",
    "image_url": "https://cdn1.woolworths.media/content/wowproductimages/large/1075347632.jpg",
    "source_id": "Woolworths - 1075347632",
    "barcode": null,
    "shop": "Woolworths",
    "weight": "100G",
    "prices": [
      {
        "state": "NSW",
        "price": "1355",
        "price_per_unit": "271",
        "price_unit": "G"
      },
      {
        "state": "VIC",
        "price": "1355",
        "price_per_unit": "271",
        "price_unit": "G"
      },
      {
        "state": "QLD",
        "price": "1355",
        "price_per_unit": "271",
        "price_unit": "G"
      },
      {
        "state": "WA",
        "price": "1355",
        "price_per_unit": "271",
        "price_unit": "G"
      },
      {
        "state": "SA",
        "price": "1355",
        "price_per_unit": "271",
        "price_unit": "G"
      },
      {
        "state": "TAS",
        "price": "1355",
        "price_per_unit": "271",
        "price_unit": "G"
      },
      {
        "state": "ACT",
        "price": "1355",
        "price_per_unit": "271",
        "price_unit": "G"
      },
      {
        "state": "NT",
        "price": "1355",
        "price_per_unit": "271",
        "price_unit": "G"
      }
    ]
  },
  {
    "source_url": "https://www.woolworths.com.au/shop/productdetails/1075480190/gloriously-free-uncontaminated-oats-1kg",
    "name": "Gloriously Free Uncontaminated Oats 1kg",
    "image_url": "https://cdn1.woolworths.media/content/wowproductimages/large/1075480190.jpg",
    "source_id": "Woolworths - 1075480190",
    "barcode": null,
    "shop": "Woolworths",
    "weight": "100G",
    "prices": [
      {
        "state": "NSW",
        "price": "2394",
        "price_per_unit": "239",
        "price_unit": "G"
      },
      {
        "state": "VIC",
        "price": "2394",
        "price_per_unit": "239",
        "price_unit": "G"
      },
      {
        "state": "QLD",
        "price": "2394",
        "price_per_unit": "239",
        "price_unit": "G"
      },
      {
        "state": "WA",
        "price": "2394",
        "price_per_unit": "239",
        "price_unit": "G"
      },
      {
        "state": "SA",
        "price": "2394",
        "price_per_unit": "239",
        "price_unit": "G"
      },
      {
        "state": "TAS",
        "price": "2394",
        "price_per_unit": "239",
        "price_unit": "G"
      },
      {
        "state": "ACT",
        "price": "2394",
        "price_per_unit": "239",
        "price_unit": "G"
      },
      {
        "state": "NT",
        "price": "2394",
        "price_per_unit": "239",
        "price_unit": "G"
      }
    ]
  },
  {
    "source_url": "https://www.woolworths.com.au/shop/productdetails/1075479198/gloriously-free-uncontaminated-oats-500g",
    "name": "Gloriously Free Uncontaminated Oats 500g",
    "image_url": "https://cdn1.woolworths.media/content/wowproductimages/large/1075479198.jpg",
    "source_id": "Woolworths - 1075479198",
    "barcode": null,
    "shop": "Woolworths",
    "weight": "100G",
    "prices": [
      {
        "state": "NSW",
        "price": "1210",
        "price_per_unit": "242",
        "price_unit": "G"
      },
      {
        "state": "VIC",
        "price": "1210",
        "price_per_unit": "242",
        "price_unit": "G"
      },
      {
        "state": "QLD",
        "price": "1210",
        "price_per_unit": "242",
        "price_unit": "G"
      },
      {
        "state": "WA",
        "price": "1210",
        "price_per_unit": "242",
        "price_unit": "G"
      },
      {
        "state": "SA",
        "price": "1210",
        "price_per_unit": "242",
        "price_unit": "G"
      },
      {
        "state": "TAS",
        "price": "1210",
        "price_per_unit": "242",
        "price_unit": "G"
      },
      {
        "state": "ACT",
        "price": "1210",
        "price_per_unit": "242",
        "price_unit": "G"
      },
      {
        "state": "NT",
        "price": "1210",
        "price_per_unit": "242",
        "price_unit": "G"
      }
    ]
  },
  {
    "source_url": "https://www.woolworths.com.au/shop/productdetails/1075479394/gloriously-free-uncontaminated-organic-oats-1kg",
    "name": "Gloriously Free Uncontaminated Organic Oats 1kg",
    "image_url": "https://cdn1.woolworths.media/content/wowproductimages/large/1075479394.jpg",
    "source_id": "Woolworths - 1075479394",
    "barcode": null,
    "shop": "Woolworths",
    "weight": "100G",
    "prices": [
      {
        "state": "NSW",
        "price": "2916",
        "price_per_unit": "292",
        "price_unit": "G"
      },
      {
        "state": "VIC",
        "price": "2916",
        "price_per_unit": "292",
        "price_unit": "G"
      },
      {
        "state": "QLD",
        "price": "2916",
        "price_per_unit": "292",
        "price_unit": "G"
      },
      {
        "state": "WA",
        "price": "2916",
        "price_per_unit": "292",
        "price_unit": "G"
      },
      {
        "state": "SA",
        "price": "2916",
        "price_per_unit": "292",
        "price_unit": "G"
      },
      {
        "state": "TAS",
        "price": "2916",
        "price_per_unit": "292",
        "price_unit": "G"
      },
      {
        "state": "ACT",
        "price": "2916",
        "price_per_unit": "292",
        "price_unit": "G"
      },
      {
        "state": "NT",
        "price": "2916",
        "price_per_unit": "292",
        "price_unit": "G"
      }
    ]
  },
  {
    "source_url": "https://www.woolworths.com.au/shop/productdetails/1075479658/gloriously-free-uncontaminated-organic-oats-500g",
    "name": "Gloriously Free Uncontaminated Organic Oats 500g",
    "image_url": "https://cdn1.woolworths.media/content/wowproductimages/large/1075479658.jpg",
    "source_id": "Woolworths - 1075479658",
    "barcode": null,
    "shop": "Woolworths",
    "weight": "100G",
    "prices": [
      {
        "state": "NSW",
        "price": "1476",
        "price_per_unit": "295",
        "price_unit": "G"
      },
      {
        "state": "VIC",
        "price": "1476",
        "price_per_unit": "295",
        "price_unit": "G"
      },
      {
        "state": "QLD",
        "price": "1476",
        "price_per_unit": "295",
        "price_unit": "G"
      },
      {
        "state": "WA",
        "price": "1476",
        "price_per_unit": "295",
        "price_unit": "G"
      },
      {
        "state": "SA",
        "price": "1476",
        "price_per_unit": "295",
        "price_unit": "G"
      },
      {
        "state": "TAS",
        "price": "1476",
        "price_per_unit": "295",
        "price_unit": "G"
      },
      {
        "state": "ACT",
        "price": "1476",
        "price_per_unit": "295",
        "price_unit": "G"
      },
      {
        "state": "NT",
        "price": "1476",
        "price_per_unit": "295",
        "price_unit": "G"
      }
    ]
  },
  {
    "source_url": "https://www.woolworths.com.au/shop/productdetails/1075750168/harvest-fields-porridge-variety-pack-60-sachets-2-1kg",
    "name": "Harvest Fields Porridge Variety Pack 60 Sachets 2.1kg",
    "image_url": "https://cdn1.woolworths.media/content/wowproductimages/large/1075750168.jpg",
    "source_id": "Woolworths - 1075750168",
    "barcode": null,
    "shop": "Woolworths",
    "weight": "100G",
    "prices": [
      {
        "state": "NSW",
        "price": "4499",
        "price_per_unit": "214",
        "price_unit": "G"
      },
      {
        "state": "VIC",
        "price": "4499",
        "price_per_unit": "214",
        "price_unit": "G"
      },
      {
        "state": "QLD",
        "price": "4499",
        "price_per_unit": "214",
        "price_unit": "G"
      },
      {
        "state": "WA",
        "price": "4499",
        "price_per_unit": "214",
        "price_unit": "G"
      },
      {
        "state": "SA",
        "price": "4499",
        "price_per_unit": "214",
        "price_unit": "G"
      },
      {
        "state": "TAS",
        "price": "4499",
        "price_per_unit": "214",
        "price_unit": "G"
      },
      {
        "state": "ACT",
        "price": "4499",
        "price_per_unit": "214",
        "price_unit": "G"
      },
      {
        "state": "NT",
        "price": "4499",
        "price_per_unit": "214",
        "price_unit": "G"
      }
    ]
  },
  {
    "source_url": "https://www.woolworths.com.au/shop/productdetails/1075479021/honest-to-goodness-sulphur-free-fruit-nut-muesli-900g",
    "name": "Honest to Goodness Sulphur Free Fruit & Nut Muesli 900g",
    "image_url": "https://cdn1.woolworths.media/content/wowproductimages/large/1075479021.jpg",
    "source_id": "Woolworths - 1075479021",
    "barcode": null,
    "shop": "Woolworths",
    "weight": "100G",
    "prices": [
      {
        "state": "NSW",
        "price": "1025",
        "price_per_unit": "114",
        "price_unit": "G"
      },
      {
        "state": "VIC",
        "price": "1025",
        "price_per_unit": "114",
        "price_unit": "G"
      },
      {
        "state": "QLD",
        "price": "1025",
        "price_per_unit": "114",
        "price_unit": "G"
      },
      {
        "state": "WA",
        "price": "1025",
        "price_per_unit": "114",
        "price_unit": "G"
      },
      {
        "state": "SA",
        "price": "1025",
        "price_per_unit": "114",
        "price_unit": "G"
      },
      {
        "state": "TAS",
        "price": "1025",
        "price_per_unit": "114",
        "price_unit": "G"
      },
      {
        "state": "ACT",
        "price": "1025",
        "price_per_unit": "114",
        "price_unit": "G"
      },
      {
        "state": "NT",
        "price": "1025",
        "price_per_unit": "114",
        "price_unit": "G"
      }
    ]
  },
  {
    "source_url": "https://www.woolworths.com.au/shop/productdetails/150504/hubbards-raspberry-coconut-toasted-granola",
    "name": "Hubbards Raspberry  & Coconut Toasted Granola 450g",
    "image_url": "https://cdn1.woolworths.media/content/wowproductimages/large/150504.jpg",
    "source_id": "Woolworths - 150504",
    "barcode": "9414763003689",
    "shop": "Woolworths",
    "weight": "100G",
    "prices": [
      {
        "state": "NSW",
        "price": "510",
        "price_per_unit": "113",
        "price_unit": "G"
      },
      {
        "state": "VIC",
        "price": "510",
        "price_per_unit": "113",
        "price_unit": "G"
      },
      {
        "state": "QLD",
        "price": "510",
        "price_per_unit": "113",
        "price_unit": "G"
      },
      {
        "state": "WA",
        "price": "510",
        "price_per_unit": "113",
        "price_unit": "G"
      },
      {
        "state": "SA",
        "price": "510",
        "price_per_unit": "113",
        "price_unit": "G"
      },
      {
        "state": "TAS",
        "price": "850",
        "price_per_unit": "189",
        "price_unit": "G"
      },
      {
        "state": "ACT",
        "price": "850",
        "price_per_unit": "189",
        "price_unit": "G"
      },
      {
        "state": "NT",
        "price": "850",
        "price_per_unit": "189",
        "price_unit": "G"
      }
    ]
  },
  {
    "source_url": "https://www.woolworths.com.au/shop/productdetails/149331/hubbards-vanilla-almond-toasted-clusters",
    "name": "Hubbards Vanilla & Almond Toasted Clusters 450g",
    "image_url": "https://cdn1.woolworths.media/content/wowproductimages/large/149331.jpg",
    "source_id": "Woolworths - 149331",
    "barcode": "9414763003658",
    "shop": "Woolworths",
    "weight": "100G",
    "prices": [
      {
        "state": "NSW",
        "price": "510",
        "price_per_unit": "113",
        "price_unit": "G"
      },
      {
        "state": "VIC",
        "price": "510",
        "price_per_unit": "113",
        "price_unit": "G"
      },
      {
        "state": "QLD",
        "price": "510",
        "price_per_unit": "113",
        "price_unit": "G"
      },
      {
        "state": "WA",
        "price": "510",
        "price_per_unit": "113",
        "price_unit": "G"
      },
      {
        "state": "SA",
        "price": "510",
        "price_per_unit": "113",
        "price_unit": "G"
      },
      {
        "state": "TAS",
        "price": "850",
        "price_per_unit": "189",
        "price_unit": "G"
      },
      {
        "state": "ACT",
        "price": "850",
        "price_per_unit": "189",
        "price_unit": "G"
      },
      {
        "state": "NT",
        "price": "850",
        "price_per_unit": "189",
        "price_unit": "G"
      }
    ]
  },
  {
    "source_url": "https://www.woolworths.com.au/shop/productdetails/1073972392/jomeis-fine-foods-the-breakfast-bundle-480-g",
    "name": "Jomeis Fine Foods The Breakfast Bundle - 480 g",
    "image_url": "https://cdn1.woolworths.media/content/wowproductimages/large/1073972392.jpg",
    "source_id": "Woolworths - 1073972392",
    "barcode": null,
    "shop": "Woolworths",
    "weight": "1EA",
    "prices": [
      {
        "state": "NSW",
        "price": "1500",
        "price_per_unit": "1500",
        "price_unit": "EA"
      },
      {
        "state": "VIC",
        "price": "1500",
        "price_per_unit": "1500",
        "price_unit": "EA"
      },
      {
        "state": "QLD",
        "price": "1500",
        "price_per_unit": "1500",
        "price_unit": "EA"
      },
      {
        "state": "WA",
        "price": "1500",
        "price_per_unit": "1500",
        "price_unit": "EA"
      },
      {
        "state": "SA",
        "price": "1500",
        "price_per_unit": "1500",
        "price_unit": "EA"
      },
      {
        "state": "TAS",
        "price": "1500",
        "price_per_unit": "1500",
        "price_unit": "EA"
      },
      {
        "state": "NT",
        "price": "1500",
        "price_per_unit": "1500",
        "price_unit": "EA"
      }
    ]
  },
  {
    "source_url": "https://www.woolworths.com.au/shop/productdetails/790810/jordans-bursting-with-berries-crunchy-oat-granola",
    "name": "Jordans Bursting With Berries Crunchy Oat Granola 500g",
    "image_url": "https://cdn1.woolworths.media/content/wowproductimages/large/790810.jpg",
    "source_id": "Woolworths - 790810",
    "barcode": "5010477346216",
    "shop": "Woolworths",
    "weight": "100G",
    "prices": [
      {
        "state": "NSW",
        "price": "900",
        "price_per_unit": "180",
        "price_unit": "G"
      },
      {
        "state": "VIC",
        "price": "900",
        "price_per_unit": "180",
        "price_unit": "G"
      },
      {
        "state": "QLD",
        "price": "900",
        "price_per_unit": "180",
        "price_unit": "G"
      },
      {
        "state": "WA",
        "price": "900",
        "price_per_unit": "180",
        "price_unit": "G"
      },
      {
        "state": "SA",
        "price": "900",
        "price_per_unit": "180",
        "price_unit": "G"
      },
      {
        "state": "TAS",
        "price": "900",
        "price_per_unit": "180",
        "price_unit": "G"
      },
      {
        "state": "NT",
        "price": "900",
        "price_per_unit": "180",
        "price_unit": "G"
      }
    ]
  },
  {
    "source_url": "https://www.woolworths.com.au/shop/productdetails/780739/jordans-chunky-nut-crispy-oat-clusters",
    "name": "Jordans Chunky Nut Crispy Oat Clusters 500g",
    "image_url": "https://cdn1.woolworths.media/content/wowproductimages/large/780739.jpg",
    "source_id": "Woolworths - 780739",
    "barcode": "5010477341273",
    "shop": "Woolworths",
    "weight": "100G",
    "prices": [
      {
        "state": "NSW",
        "price": "540",
        "price_per_unit": "108",
        "price_unit": "G"
      },
      {
        "state": "VIC",
        "price": "540",
        "price_per_unit": "108",
        "price_unit": "G"
      },
      {
        "state": "QLD",
        "price": "540",
        "price_per_unit": "108",
        "price_unit": "G"
      },
      {
        "state": "WA",
        "price": "540",
        "price_per_unit": "108",
        "price_unit": "G"
      },
      {
        "state": "SA",
        "price": "540",
        "price_per_unit": "108",
        "price_unit": "G"
      },
      {
        "state": "TAS",
        "price": "900",
        "price_per_unit": "180",
        "price_unit": "G"
      },
      {
        "state": "NT",
        "price": "900",
        "price_per_unit": "180",
        "price_unit": "G"
      }
    ]
  },
  {
    "source_url": "https://www.woolworths.com.au/shop/productdetails/85469/jordans-cluster-bites-honey-nut",
    "name": "Jordans Cluster Bites Honey Nut 500g",
    "image_url": "https://cdn1.woolworths.media/content/wowproductimages/large/085469.jpg",
    "source_id": "Woolworths - 85469",
    "barcode": "5010477356215",
    "shop": "Woolworths",
    "weight": "100G",
    "prices": [
      {
        "state": "NSW",
        "price": "900",
        "price_per_unit": "180",
        "price_unit": "G"
      },
      {
        "state": "VIC",
        "price": "900",
        "price_per_unit": "180",
        "price_unit": "G"
      },
      {
        "state": "QLD",
        "price": "900",
        "price_per_unit": "180",
        "price_unit": "G"
      },
      {
        "state": "WA",
        "price": "900",
        "price_per_unit": "180",
        "price_unit": "G"
      },
      {
        "state": "SA",
        "price": "900",
        "price_per_unit": "180",
        "price_unit": "G"
      },
      {
        "state": "TAS",
        "price": "900",
        "price_per_unit": "180",
        "price_unit": "G"
      },
      {
        "state": "NT",
        "price": "900",
        "price_per_unit": "180",
        "price_unit": "G"
      }
    ]
  },
  {
    "source_url": "https://www.woolworths.com.au/shop/productdetails/609563/jordans-crispy-oat-clusters-maple-pecan",
    "name": "Jordans Crispy Oat Clusters Maple & Pecan 500g",
    "image_url": "https://cdn1.woolworths.media/content/wowproductimages/large/609563.jpg",
    "source_id": "Woolworths - 609563",
    "barcode": "5010477352859",
    "shop": "Woolworths",
    "weight": "100G",
    "prices": [
      {
        "state": "NSW",
        "price": "900",
        "price_per_unit": "180",
        "price_unit": "G"
      },
      {
        "state": "VIC",
        "price": "900",
        "price_per_unit": "180",
        "price_unit": "G"
      },
      {
        "state": "QLD",
        "price": "900",
        "price_per_unit": "180",
        "price_unit": "G"
      },
      {
        "state": "WA",
        "price": "900",
        "price_per_unit": "180",
        "price_unit": "G"
      },
      {
        "state": "SA",
        "price": "900",
        "price_per_unit": "180",
        "price_unit": "G"
      },
      null,
      {
        "state": "NT",
        "price": "900",
        "price_per_unit": "180",
        "price_unit": "G"
      }
    ]
  },
  {
    "source_url": "https://www.woolworths.com.au/shop/productdetails/149527/jordans-four-nut-muesli",
    "name": "Jordans Four Nut Muesli 600g",
    "image_url": "https://cdn1.woolworths.media/content/wowproductimages/large/149527.jpg",
    "source_id": "Woolworths - 149527",
    "barcode": "5010477356451",
    "shop": "Woolworths",
    "weight": "100G",
    "prices": [
      {
        "state": "NSW",
        "price": "900",
        "price_per_unit": "150",
        "price_unit": "G"
      },
      {
        "state": "SA",
        "price": "900",
        "price_per_unit": "150",
        "price_unit": "G"
      },
      {
        "state": "TAS",
        "price": "900",
        "price_per_unit": "150",
        "price_unit": "G"
      }
    ]
  },
  {
    "source_url": "https://www.woolworths.com.au/shop/productdetails/686551/jordans-granola-low-sugar-almond-hazelnut",
    "name": "Jordans Granola Low Sugar Almond Hazelnut 500g",
    "image_url": "https://cdn1.woolworths.media/content/wowproductimages/large/686551.jpg",
    "source_id": "Woolworths - 686551",
    "barcode": "5010477353818",
    "shop": "Woolworths",
    "weight": "100G",
    "prices": [
      {
        "state": "NSW",
        "price": "900",
        "price_per_unit": "180",
        "price_unit": "G"
      },
      {
        "state": "VIC",
        "price": "900",
        "price_per_unit": "180",
        "price_unit": "G"
      },
      {
        "state": "QLD",
        "price": "900",
        "price_per_unit": "180",
        "price_unit": "G"
      },
      {
        "state": "WA",
        "price": "900",
        "price_per_unit": "180",
        "price_unit": "G"
      },
      {
        "state": "SA",
        "price": "900",
        "price_per_unit": "180",
        "price_unit": "G"
      },
      {
        "state": "TAS",
        "price": "900",
        "price_per_unit": "180",
        "price_unit": "G"
      },
      {
        "state": "NT",
        "price": "900",
        "price_per_unit": "180",
        "price_unit": "G"
      }
    ]
  },
  {
    "source_url": "https://www.woolworths.com.au/shop/productdetails/967421/jordans-light-crunch-granola-triple-nut",
    "name": "Jordans Light Crunch Granola Triple Nut 425g",
    "image_url": "https://cdn1.woolworths.media/content/wowproductimages/large/967421.jpg",
    "source_id": "Woolworths - 967421",
    "barcode": "5010477365873",
    "shop": "Woolworths",
    "weight": "100G",
    "prices": [
      {
        "state": "NSW",
        "price": "900",
        "price_per_unit": "212",
        "price_unit": "G"
      },
      {
        "state": "VIC",
        "price": "900",
        "price_per_unit": "212",
        "price_unit": "G"
      },
      {
        "state": "QLD",
        "price": "900",
        "price_per_unit": "212",
        "price_unit": "G"
      },
      {
        "state": "WA",
        "price": "900",
        "price_per_unit": "212",
        "price_unit": "G"
      },
      {
        "state": "SA",
        "price": "900",
        "price_per_unit": "212",
        "price_unit": "G"
      },
      {
        "state": "TAS",
        "price": "900",
        "price_per_unit": "212",
        "price_unit": "G"
      },
      {
        "state": "NT",
        "price": "900",
        "price_per_unit": "212",
        "price_unit": "G"
      }
    ]
  },
  {
    "source_url": "https://www.woolworths.com.au/shop/productdetails/85598/jordans-low-sugar-granola-blueberry-coconut",
    "name": "Jordans Low Sugar Granola Blueberry & Coconut 500g",
    "image_url": "https://cdn1.woolworths.media/content/wowproductimages/large/085598.jpg",
    "source_id": "Woolworths - 85598",
    "barcode": "5010477357274",
    "shop": "Woolworths",
    "weight": "100G",
    "prices": [
      {
        "state": "NSW",
        "price": "900",
        "price_per_unit": "180",
        "price_unit": "G"
      },
      {
        "state": "VIC",
        "price": "900",
        "price_per_unit": "180",
        "price_unit": "G"
      },
      {
        "state": "QLD",
        "price": "900",
        "price_per_unit": "180",
        "price_unit": "G"
      },
      {
        "state": "WA",
        "price": "900",
        "price_per_unit": "180",
        "price_unit": "G"
      },
      {
        "state": "SA",
        "price": "900",
        "price_per_unit": "180",
        "price_unit": "G"
      },
      {
        "state": "TAS",
        "price": "900",
        "price_per_unit": "180",
        "price_unit": "G"
      },
      {
        "state": "NT",
        "price": "900",
        "price_per_unit": "180",
        "price_unit": "G"
      }
    ]
  },
  {
    "source_url": "https://www.woolworths.com.au/shop/productdetails/207593/jordans-low-sugar-granola-strawberry-seeds",
    "name": "Jordans Low Sugar Granola Strawberry & Seeds 500g",
    "image_url": "https://cdn1.woolworths.media/content/wowproductimages/large/207593.jpg",
    "source_id": "Woolworths - 207593",
    "barcode": "5010477360816",
    "shop": "Woolworths",
    "weight": "100G",
    "prices": [
      {
        "state": "NSW",
        "price": "900",
        "price_per_unit": "180",
        "price_unit": "G"
      },
      {
        "state": "VIC",
        "price": "900",
        "price_per_unit": "180",
        "price_unit": "G"
      },
      {
        "state": "QLD",
        "price": "900",
        "price_per_unit": "180",
        "price_unit": "G"
      },
      {
        "state": "WA",
        "price": "900",
        "price_per_unit": "180",
        "price_unit": "G"
      },
      {
        "state": "SA",
        "price": "900",
        "price_per_unit": "180",
        "price_unit": "G"
      },
      {
        "state": "TAS",
        "price": "900",
        "price_per_unit": "180",
        "price_unit": "G"
      },
      {
        "state": "NT",
        "price": "900",
        "price_per_unit": "180",
        "price_unit": "G"
      }
    ]
  },
  {
    "source_url": "https://www.woolworths.com.au/shop/productdetails/609556/jordans-simply-crunchy-oat-granola-honey",
    "name": "Jordans Simply Crunchy Oat Granola Honey 750g",
    "image_url": "https://cdn1.woolworths.media/content/wowproductimages/large/609556.jpg",
    "source_id": "Woolworths - 609556",
    "barcode": "5010477349651",
    "shop": "Woolworths",
    "weight": "100G",
    "prices": [
      {
        "state": "NSW",
        "price": "900",
        "price_per_unit": "120",
        "price_unit": "G"
      },
      {
        "state": "VIC",
        "price": "900",
        "price_per_unit": "120",
        "price_unit": "G"
      },
      {
        "state": "QLD",
        "price": "900",
        "price_per_unit": "120",
        "price_unit": "G"
      },
      {
        "state": "WA",
        "price": "900",
        "price_per_unit": "120",
        "price_unit": "G"
      },
      {
        "state": "SA",
        "price": "900",
        "price_per_unit": "120",
        "price_unit": "G"
      },
      {
        "state": "TAS",
        "price": "900",
        "price_per_unit": "120",
        "price_unit": "G"
      },
      {
        "state": "NT",
        "price": "900",
        "price_per_unit": "120",
        "price_unit": "G"
      }
    ]
  },
  {
    "source_url": "https://www.woolworths.com.au/shop/productdetails/147307/jordans-simply-granola-crunchy-oat-honey",
    "name": "Jordans Simply Granola Crunchy Oat & Honey 1.5kg",
    "image_url": "https://cdn1.woolworths.media/content/wowproductimages/large/147307.jpg",
    "source_id": "Woolworths - 147307",
    "barcode": "5010477360793",
    "shop": "Woolworths",
    "weight": "100G",
    "prices": [
      {
        "state": "NSW",
        "price": "1270",
        "price_per_unit": "85",
        "price_unit": "G"
      },
      {
        "state": "SA",
        "price": "1270",
        "price_per_unit": "85",
        "price_unit": "G"
      },
      {
        "state": "TAS",
        "price": "1270",
        "price_per_unit": "85",
        "price_unit": "G"
      },
      {
        "state": "NT",
        "price": "1270",
        "price_per_unit": "85",
        "price_unit": "G"
      }
    ]
  },
  {
    "source_url": "https://www.woolworths.com.au/shop/productdetails/780751/jordans-strawberry-crispy-oat-clusters",
    "name": "Jordans Strawberry Crispy Oat Clusters 500g",
    "image_url": "https://cdn1.woolworths.media/content/wowproductimages/large/780751.jpg",
    "source_id": "Woolworths - 780751",
    "barcode": "5010477341259",
    "shop": "Woolworths",
    "weight": "100G",
    "prices": [
      {
        "state": "NSW",
        "price": "900",
        "price_per_unit": "180",
        "price_unit": "G"
      },
      {
        "state": "VIC",
        "price": "900",
        "price_per_unit": "180",
        "price_unit": "G"
      },
      {
        "state": "QLD",
        "price": "900",
        "price_per_unit": "180",
        "price_unit": "G"
      },
      {
        "state": "WA",
        "price": "900",
        "price_per_unit": "180",
        "price_unit": "G"
      },
      {
        "state": "SA",
        "price": "900",
        "price_per_unit": "180",
        "price_unit": "G"
      },
      {
        "state": "TAS",
        "price": "900",
        "price_per_unit": "180",
        "price_unit": "G"
      },
      {
        "state": "NT",
        "price": "900",
        "price_per_unit": "180",
        "price_unit": "G"
      }
    ]
  },
  {
    "source_url": "https://www.woolworths.com.au/shop/productdetails/205636/kialla-oats-maple-vanilla",
    "name": "Kialla Oats Maple Vanilla 300g",
    "image_url": "https://cdn1.woolworths.media/content/wowproductimages/large/205636.jpg",
    "source_id": "Woolworths - 205636",
    "barcode": "9313958009379",
    "shop": "Woolworths",
    "weight": "100G",
    "prices": [
      {
        "state": "NSW",
        "price": "800",
        "price_per_unit": "267",
        "price_unit": "G"
      },
      {
        "state": "SA",
        "price": "800",
        "price_per_unit": "267",
        "price_unit": "G"
      },
      {
        "state": "TAS",
        "price": "800",
        "price_per_unit": "267",
        "price_unit": "G"
      },
      {
        "state": "ACT",
        "price": "800",
        "price_per_unit": "267",
        "price_unit": "G"
      }
    ]
  },
  {
    "source_url": "https://www.woolworths.com.au/shop/productdetails/205745/kialla-overnight-oats-apple-cinnamon",
    "name": "Kialla Overnight Oats Apple Cinnamon 300g",
    "image_url": "https://cdn1.woolworths.media/content/wowproductimages/large/205745.jpg",
    "source_id": "Woolworths - 205745",
    "barcode": "9313958009393",
    "shop": "Woolworths",
    "weight": "100G",
    "prices": [
      {
        "state": "NSW",
        "price": "800",
        "price_per_unit": "267",
        "price_unit": "G"
      },
      {
        "state": "SA",
        "price": "800",
        "price_per_unit": "267",
        "price_unit": "G"
      },
      {
        "state": "TAS",
        "price": "800",
        "price_per_unit": "267",
        "price_unit": "G"
      },
      {
        "state": "ACT",
        "price": "800",
        "price_per_unit": "267",
        "price_unit": "G"
      }
    ]
  },
  {
    "source_url": "https://www.woolworths.com.au/shop/productdetails/204788/kialla-overnight-oats-cacao",
    "name": "Kialla Overnight Oats Cacao 300g",
    "image_url": "https://cdn1.woolworths.media/content/wowproductimages/large/204788.jpg",
    "source_id": "Woolworths - 204788",
    "barcode": "9313958009515",
    "shop": "Woolworths",
    "weight": "100G",
    "prices": [
      {
        "state": "NSW",
        "price": "800",
        "price_per_unit": "267",
        "price_unit": "G"
      },
      {
        "state": "SA",
        "price": "800",
        "price_per_unit": "267",
        "price_unit": "G"
      },
      {
        "state": "TAS",
        "price": "800",
        "price_per_unit": "267",
        "price_unit": "G"
      },
      {
        "state": "ACT",
        "price": "800",
        "price_per_unit": "267",
        "price_unit": "G"
      }
    ]
  },
  {
    "source_url": "https://www.woolworths.com.au/shop/productdetails/1075346177/kialla-pure-organic-rolled-oats-1kg",
    "name": "Kialla Pure Organic Rolled Oats 1kg",
    "image_url": "https://cdn1.woolworths.media/content/wowproductimages/large/1075346177.jpg",
    "source_id": "Woolworths - 1075346177",
    "barcode": null,
    "shop": "Woolworths",
    "weight": "1EA",
    "prices": [
      {
        "state": "NSW",
        "price": "1095",
        "price_per_unit": "1095",
        "price_unit": "EA"
      },
      {
        "state": "VIC",
        "price": "1095",
        "price_per_unit": "1095",
        "price_unit": "EA"
      },
      {
        "state": "QLD",
        "price": "1095",
        "price_per_unit": "1095",
        "price_unit": "EA"
      },
      {
        "state": "WA",
        "price": "1095",
        "price_per_unit": "1095",
        "price_unit": "EA"
      },
      {
        "state": "SA",
        "price": "1095",
        "price_per_unit": "1095",
        "price_unit": "EA"
      },
      {
        "state": "TAS",
        "price": "1095",
        "price_per_unit": "1095",
        "price_unit": "EA"
      },
      {
        "state": "ACT",
        "price": "1095",
        "price_per_unit": "1095",
        "price_unit": "EA"
      },
      {
        "state": "ACT",
        "price": "1095",
        "price_per_unit": "1095",
        "price_unit": "EA"
      },
      {
        "state": "NT",
        "price": "1095",
        "price_per_unit": "1095",
        "price_unit": "EA"
      }
    ]
  },
  {
    "source_url": "https://www.woolworths.com.au/shop/productdetails/1075480926/live-wholefoods-organic-activated-keto-muesli-250g",
    "name": "Live Wholefoods Organic Activated Keto Muesli 250g",
    "image_url": "https://cdn1.woolworths.media/content/wowproductimages/large/1075480926.jpg",
    "source_id": "Woolworths - 1075480926",
    "barcode": null,
    "shop": "Woolworths",
    "weight": "100G",
    "prices": [
      {
        "state": "NSW",
        "price": "1430",
        "price_per_unit": "572",
        "price_unit": "G"
      },
      {
        "state": "VIC",
        "price": "1430",
        "price_per_unit": "572",
        "price_unit": "G"
      },
      {
        "state": "QLD",
        "price": "1430",
        "price_per_unit": "572",
        "price_unit": "G"
      },
      {
        "state": "WA",
        "price": "1430",
        "price_per_unit": "572",
        "price_unit": "G"
      },
      {
        "state": "SA",
        "price": "1430",
        "price_per_unit": "572",
        "price_unit": "G"
      },
      {
        "state": "TAS",
        "price": "1430",
        "price_per_unit": "572",
        "price_unit": "G"
      },
      {
        "state": "ACT",
        "price": "1430",
        "price_per_unit": "572",
        "price_unit": "G"
      },
      {
        "state": "NT",
        "price": "1430",
        "price_per_unit": "572",
        "price_unit": "G"
      }
    ]
  },
  {
    "source_url": "https://www.woolworths.com.au/shop/productdetails/1075479958/lotus-lecithin-granules-450g",
    "name": "Lotus Lecithin Granules 450g",
    "image_url": "https://cdn1.woolworths.media/content/wowproductimages/large/1075479958.jpg",
    "source_id": "Woolworths - 1075479958",
    "barcode": null,
    "shop": "Woolworths",
    "weight": "100G",
    "prices": [
      {
        "state": "NSW",
        "price": "4995",
        "price_per_unit": "1110",
        "price_unit": "G"
      },
      {
        "state": "VIC",
        "price": "4995",
        "price_per_unit": "1110",
        "price_unit": "G"
      },
      {
        "state": "QLD",
        "price": "4995",
        "price_per_unit": "1110",
        "price_unit": "G"
      },
      {
        "state": "WA",
        "price": "4995",
        "price_per_unit": "1110",
        "price_unit": "G"
      },
      {
        "state": "SA",
        "price": "4995",
        "price_per_unit": "1110",
        "price_unit": "G"
      },
      {
        "state": "TAS",
        "price": "4995",
        "price_per_unit": "1110",
        "price_unit": "G"
      },
      {
        "state": "ACT",
        "price": "4995",
        "price_per_unit": "1110",
        "price_unit": "G"
      },
      {
        "state": "NT",
        "price": "4995",
        "price_per_unit": "1110",
        "price_unit": "G"
      }
    ]
  },
  {
    "source_url": "https://www.woolworths.com.au/shop/productdetails/79402/lowan-rolled-wholegrain-oats",
    "name": "Lowan Rolled Wholegrain Oats 1kg",
    "image_url": "https://cdn1.woolworths.media/content/wowproductimages/large/079402.jpg",
    "source_id": "Woolworths - 79402",
    "barcode": "9310598300255",
    "shop": "Woolworths",
    "weight": "100G",
    "prices": [
      {
        "state": "NSW",
        "price": "450",
        "price_per_unit": "45",
        "price_unit": "G"
      },
      {
        "state": "VIC",
        "price": "450",
        "price_per_unit": "45",
        "price_unit": "G"
      },
      {
        "state": "QLD",
        "price": "450",
        "price_per_unit": "45",
        "price_unit": "G"
      },
      {
        "state": "WA",
        "price": "450",
        "price_per_unit": "45",
        "price_unit": "G"
      },
      {
        "state": "SA",
        "price": "450",
        "price_per_unit": "45",
        "price_unit": "G"
      },
      {
        "state": "TAS",
        "price": "450",
        "price_per_unit": "45",
        "price_unit": "G"
      },
      {
        "state": "ACT",
        "price": "450",
        "price_per_unit": "45",
        "price_unit": "G"
      },
      {
        "state": "NT",
        "price": "450",
        "price_per_unit": "45",
        "price_unit": "G"
      }
    ]
  },
  {
    "source_url": "https://www.woolworths.com.au/shop/productdetails/334789/macro-five-grain-porridge",
    "name": "Macro Five Grain Porridge 750g",
    "image_url": "https://cdn1.woolworths.media/content/wowproductimages/large/334789.jpg",
    "source_id": "Woolworths - 334789",
    "barcode": "9300633143442",
    "shop": "Woolworths",
    "weight": "100G",
    "prices": [
      {
        "state": "NSW",
        "price": "350",
        "price_per_unit": "47",
        "price_unit": "G"
      },
      {
        "state": "VIC",
        "price": "350",
        "price_per_unit": "47",
        "price_unit": "G"
      },
      {
        "state": "QLD",
        "price": "350",
        "price_per_unit": "47",
        "price_unit": "G"
      },
      {
        "state": "WA",
        "price": "350",
        "price_per_unit": "47",
        "price_unit": "G"
      },
      {
        "state": "SA",
        "price": "350",
        "price_per_unit": "47",
        "price_unit": "G"
      },
      {
        "state": "TAS",
        "price": "350",
        "price_per_unit": "47",
        "price_unit": "G"
      },
      {
        "state": "ACT",
        "price": "350",
        "price_per_unit": "47",
        "price_unit": "G"
      },
      {
        "state": "NT",
        "price": "350",
        "price_per_unit": "47",
        "price_unit": "G"
      },
      {
        "state": "TAS",
        "price": "350",
        "price_per_unit": "47",
        "price_unit": "G"
      },
      {
        "state": "ACT",
        "price": "350",
        "price_per_unit": "47",
        "price_unit": "G"
      },
      {
        "state": "NT",
        "price": "350",
        "price_per_unit": "47",
        "price_unit": "G"
      }
    ]
  },
  {
    "source_url": "https://www.woolworths.com.au/shop/productdetails/121764/macro-organic-natural-muesli",
    "name": "Macro Organic Natural Muesli 750G",
    "image_url": "https://cdn1.woolworths.media/content/wowproductimages/large/121764.jpg",
    "source_id": "Woolworths - 121764",
    "barcode": "9339687213405",
    "shop": "Woolworths",
    "weight": "100G",
    "prices": [
      {
        "state": "NSW",
        "price": "700",
        "price_per_unit": "93",
        "price_unit": "G"
      },
      {
        "state": "VIC",
        "price": "700",
        "price_per_unit": "93",
        "price_unit": "G"
      },
      {
        "state": "QLD",
        "price": "700",
        "price_per_unit": "93",
        "price_unit": "G"
      },
      {
        "state": "WA",
        "price": "700",
        "price_per_unit": "93",
        "price_unit": "G"
      },
      {
        "state": "SA",
        "price": "700",
        "price_per_unit": "93",
        "price_unit": "G"
      },
      {
        "state": "TAS",
        "price": "700",
        "price_per_unit": "93",
        "price_unit": "G"
      },
      {
        "state": "ACT",
        "price": "700",
        "price_per_unit": "93",
        "price_unit": "G"
      },
      {
        "state": "NT",
        "price": "700",
        "price_per_unit": "93",
        "price_unit": "G"
      }
    ]
  },
  {
    "source_url": "https://www.woolworths.com.au/shop/productdetails/664723/macro-organic-oats-rolled-unstabilised",
    "name": "Macro Organic Oats Rolled Unstabilised 500g",
    "image_url": "https://cdn1.woolworths.media/content/wowproductimages/large/664723.jpg",
    "source_id": "Woolworths - 664723",
    "barcode": "9339687013005",
    "shop": "Woolworths",
    "weight": "100G",
    "prices": [
      {
        "state": "NSW",
        "price": "350",
        "price_per_unit": "70",
        "price_unit": "G"
      },
      {
        "state": "VIC",
        "price": "350",
        "price_per_unit": "70",
        "price_unit": "G"
      },
      {
        "state": "QLD",
        "price": "350",
        "price_per_unit": "70",
        "price_unit": "G"
      },
      {
        "state": "WA",
        "price": "350",
        "price_per_unit": "70",
        "price_unit": "G"
      },
      {
        "state": "SA",
        "price": "350",
        "price_per_unit": "70",
        "price_unit": "G"
      },
      {
        "state": "TAS",
        "price": "350",
        "price_per_unit": "70",
        "price_unit": "G"
      },
      {
        "state": "ACT",
        "price": "350",
        "price_per_unit": "70",
        "price_unit": "G"
      },
      {
        "state": "NT",
        "price": "350",
        "price_per_unit": "70",
        "price_unit": "G"
      }
    ]
  },
  {
    "source_url": "https://www.woolworths.com.au/shop/productdetails/700525/macro-organic-quick-oats",
    "name": "Macro Organic Quick Oats 500g",
    "image_url": "https://cdn1.woolworths.media/content/wowproductimages/large/700525.jpg",
    "source_id": "Woolworths - 700525",
    "barcode": "9300633226282",
    "shop": "Woolworths",
    "weight": "100G",
    "prices": [
      {
        "state": "NSW",
        "price": "300",
        "price_per_unit": "60",
        "price_unit": "G"
      },
      {
        "state": "VIC",
        "price": "300",
        "price_per_unit": "60",
        "price_unit": "G"
      },
      {
        "state": "QLD",
        "price": "300",
        "price_per_unit": "60",
        "price_unit": "G"
      },
      {
        "state": "WA",
        "price": "300",
        "price_per_unit": "60",
        "price_unit": "G"
      },
      {
        "state": "SA",
        "price": "300",
        "price_per_unit": "60",
        "price_unit": "G"
      },
      {
        "state": "TAS",
        "price": "300",
        "price_per_unit": "60",
        "price_unit": "G"
      },
      {
        "state": "ACT",
        "price": "300",
        "price_per_unit": "60",
        "price_unit": "G"
      },
      {
        "state": "NT",
        "price": "300",
        "price_per_unit": "60",
        "price_unit": "G"
      }
    ]
  },
  {
    "source_url": "https://www.woolworths.com.au/shop/productdetails/700524/macro-organic-rolled-oats",
    "name": "Macro Organic Rolled Oats 500g",
    "image_url": "https://cdn1.woolworths.media/content/wowproductimages/large/700524.jpg",
    "source_id": "Woolworths - 700524",
    "barcode": "9300633226275",
    "shop": "Woolworths",
    "weight": "100G",
    "prices": [
      {
        "state": "NSW",
        "price": "300",
        "price_per_unit": "60",
        "price_unit": "G"
      },
      {
        "state": "VIC",
        "price": "300",
        "price_per_unit": "60",
        "price_unit": "G"
      },
      {
        "state": "QLD",
        "price": "300",
        "price_per_unit": "60",
        "price_unit": "G"
      },
      {
        "state": "WA",
        "price": "300",
        "price_per_unit": "60",
        "price_unit": "G"
      },
      {
        "state": "SA",
        "price": "300",
        "price_per_unit": "60",
        "price_unit": "G"
      },
      {
        "state": "TAS",
        "price": "300",
        "price_per_unit": "60",
        "price_unit": "G"
      },
      {
        "state": "ACT",
        "price": "300",
        "price_per_unit": "60",
        "price_unit": "G"
      },
      {
        "state": "NT",
        "price": "300",
        "price_per_unit": "60",
        "price_unit": "G"
      }
    ]
  },
  {
    "source_url": "https://www.woolworths.com.au/shop/productdetails/664722/macro-organic-steel-cut-oats",
    "name": "Macro Organic Steel Cut Oats 500g",
    "image_url": "https://cdn1.woolworths.media/content/wowproductimages/large/664722.jpg",
    "source_id": "Woolworths - 664722",
    "barcode": "9339687012992",
    "shop": "Woolworths",
    "weight": "100G",
    "prices": [
      {
        "state": "NSW",
        "price": "350",
        "price_per_unit": "70",
        "price_unit": "G"
      },
      {
        "state": "VIC",
        "price": "350",
        "price_per_unit": "70",
        "price_unit": "G"
      },
      {
        "state": "QLD",
        "price": "350",
        "price_per_unit": "70",
        "price_unit": "G"
      },
      {
        "state": "WA",
        "price": "350",
        "price_per_unit": "70",
        "price_unit": "G"
      },
      {
        "state": "SA",
        "price": "350",
        "price_per_unit": "70",
        "price_unit": "G"
      },
      {
        "state": "TAS",
        "price": "350",
        "price_per_unit": "70",
        "price_unit": "G"
      },
      {
        "state": "ACT",
        "price": "350",
        "price_per_unit": "70",
        "price_unit": "G"
      },
      {
        "state": "NT",
        "price": "350",
        "price_per_unit": "70",
        "price_unit": "G"
      }
    ]
  },
  {
    "source_url": "https://www.woolworths.com.au/shop/productdetails/486769/macro-wholefoods-market-grain-free-granola-cacao-hazelnut-butter",
    "name": "Macro Wholefoods Market Grain Free Granola Cacao & Hazelnut Butter 300g",
    "image_url": "https://cdn1.woolworths.media/content/wowproductimages/large/486769.jpg",
    "source_id": "Woolworths - 486769",
    "barcode": "9339687362370",
    "shop": "Woolworths",
    "weight": "100G",
    "prices": [
      {
        "state": "NSW",
        "price": "700",
        "price_per_unit": "233",
        "price_unit": "G"
      },
      {
        "state": "VIC",
        "price": "700",
        "price_per_unit": "233",
        "price_unit": "G"
      },
      {
        "state": "QLD",
        "price": "700",
        "price_per_unit": "233",
        "price_unit": "G"
      },
      {
        "state": "WA",
        "price": "700",
        "price_per_unit": "233",
        "price_unit": "G"
      },
      {
        "state": "SA",
        "price": "700",
        "price_per_unit": "233",
        "price_unit": "G"
      },
      {
        "state": "TAS",
        "price": "700",
        "price_per_unit": "233",
        "price_unit": "G"
      },
      {
        "state": "ACT",
        "price": "700",
        "price_per_unit": "233",
        "price_unit": "G"
      },
      {
        "state": "NT",
        "price": "700",
        "price_per_unit": "233",
        "price_unit": "G"
      }
    ]
  },
  {
    "source_url": "https://www.woolworths.com.au/shop/productdetails/488243/macro-wholefoods-market-grain-free-granola-honey-almond",
    "name": "Macro Wholefoods Market Grain Free Granola Honey Almond 300g",
    "image_url": "https://cdn1.woolworths.media/content/wowproductimages/large/488243.jpg",
    "source_id": "Woolworths - 488243",
    "barcode": "9339687362356",
    "shop": "Woolworths",
    "weight": "100G",
    "prices": [
      {
        "state": "NSW",
        "price": "700",
        "price_per_unit": "233",
        "price_unit": "G"
      },
      {
        "state": "VIC",
        "price": "700",
        "price_per_unit": "233",
        "price_unit": "G"
      },
      {
        "state": "QLD",
        "price": "700",
        "price_per_unit": "233",
        "price_unit": "G"
      },
      {
        "state": "WA",
        "price": "700",
        "price_per_unit": "233",
        "price_unit": "G"
      },
      {
        "state": "SA",
        "price": "700",
        "price_per_unit": "233",
        "price_unit": "G"
      },
      {
        "state": "TAS",
        "price": "700",
        "price_per_unit": "233",
        "price_unit": "G"
      },
      {
        "state": "ACT",
        "price": "700",
        "price_per_unit": "233",
        "price_unit": "G"
      },
      {
        "state": "NT",
        "price": "700",
        "price_per_unit": "233",
        "price_unit": "G"
      }
    ]
  },
  {
    "source_url": "https://www.woolworths.com.au/shop/productdetails/336408/morning-sun-apricot-almond-breakfast-cereal",
    "name": "Morning Sun Apricot & Almond Breakfast Cereal 650g",
    "image_url": "https://cdn1.woolworths.media/content/wowproductimages/large/336408.jpg",
    "source_id": "Woolworths - 336408",
    "barcode": "9300605118034",
    "shop": "Woolworths",
    "weight": "100G",
    "prices": [
      {
        "state": "NSW",
        "price": "450",
        "price_per_unit": "69",
        "price_unit": "G"
      },
      {
        "state": "VIC",
        "price": "450",
        "price_per_unit": "69",
        "price_unit": "G"
      },
      {
        "state": "QLD",
        "price": "450",
        "price_per_unit": "69",
        "price_unit": "G"
      },
      {
        "state": "WA",
        "price": "450",
        "price_per_unit": "69",
        "price_unit": "G"
      },
      {
        "state": "SA",
        "price": "450",
        "price_per_unit": "69",
        "price_unit": "G"
      },
      {
        "state": "TAS",
        "price": "450",
        "price_per_unit": "69",
        "price_unit": "G"
      },
      {
        "state": "ACT",
        "price": "450",
        "price_per_unit": "69",
        "price_unit": "G"
      },
      {
        "state": "NT",
        "price": "450",
        "price_per_unit": "69",
        "price_unit": "G"
      }
    ]
  },
  {
    "source_url": "https://www.woolworths.com.au/shop/productdetails/336406/morning-sun-naturual-style-muesli-97-fat-free-breakfast-cereal",
    "name": "Morning Sun Naturual Style Muesli  97% Fat Free Breakfast Cereal 650g",
    "image_url": "https://cdn1.woolworths.media/content/wowproductimages/large/336406.jpg",
    "source_id": "Woolworths - 336406",
    "barcode": "9300605118027",
    "shop": "Woolworths",
    "weight": "100G",
    "prices": [
      {
        "state": "NSW",
        "price": "450",
        "price_per_unit": "69",
        "price_unit": "G"
      },
      {
        "state": "VIC",
        "price": "450",
        "price_per_unit": "69",
        "price_unit": "G"
      },
      {
        "state": "QLD",
        "price": "450",
        "price_per_unit": "69",
        "price_unit": "G"
      },
      {
        "state": "WA",
        "price": "450",
        "price_per_unit": "69",
        "price_unit": "G"
      },
      {
        "state": "SA",
        "price": "450",
        "price_per_unit": "69",
        "price_unit": "G"
      },
      {
        "state": "TAS",
        "price": "450",
        "price_per_unit": "69",
        "price_unit": "G"
      },
      {
        "state": "ACT",
        "price": "450",
        "price_per_unit": "69",
        "price_unit": "G"
      },
      {
        "state": "NT",
        "price": "450",
        "price_per_unit": "69",
        "price_unit": "G"
      }
    ]
  },
  {
    "source_url": "https://www.woolworths.com.au/shop/productdetails/217155/orgran-gluten-free-porridge-quinoa",
    "name": "Orgran Gluten Free Porridge Quinoa 500g",
    "image_url": "https://cdn1.woolworths.media/content/wowproductimages/large/217155.jpg",
    "source_id": "Woolworths - 217155",
    "barcode": "720516026386",
    "shop": "Woolworths",
    "weight": "100G",
    "prices": [
      {
        "state": "NSW",
        "price": "1060",
        "price_per_unit": "212",
        "price_unit": "G"
      },
      {
        "state": "VIC",
        "price": "1060",
        "price_per_unit": "212",
        "price_unit": "G"
      },
      {
        "state": "QLD",
        "price": "1060",
        "price_per_unit": "212",
        "price_unit": "G"
      },
      {
        "state": "WA",
        "price": "1060",
        "price_per_unit": "212",
        "price_unit": "G"
      },
      {
        "state": "SA",
        "price": "1060",
        "price_per_unit": "212",
        "price_unit": "G"
      },
      {
        "state": "TAS",
        "price": "1060",
        "price_per_unit": "212",
        "price_unit": "G"
      },
      {
        "state": "ACT",
        "price": "1060",
        "price_per_unit": "212",
        "price_unit": "G"
      },
      {
        "state": "NT",
        "price": "1115",
        "price_per_unit": "223",
        "price_unit": "G"
      },
      {
        "state": "TAS",
        "price": "1060",
        "price_per_unit": "212",
        "price_unit": "G"
      },
      {
        "state": "ACT",
        "price": "1060",
        "price_per_unit": "212",
        "price_unit": "G"
      },
      {
        "state": "NT",
        "price": "1115",
        "price_per_unit": "223",
        "price_unit": "G"
      }
    ]
  },
  {
    "source_url": "https://www.woolworths.com.au/shop/productdetails/969805/pure-delish-breakfast-mix-strawberry-cashew-almond",
    "name": "Pure Delish Breakfast Mix Strawberry, Cashew & Almond 350g",
    "image_url": "https://cdn1.woolworths.media/content/wowproductimages/large/969805.jpg",
    "source_id": "Woolworths - 969805",
    "barcode": "9420000253908",
    "shop": "Woolworths",
    "weight": "100G",
    "prices": [
      {
        "state": "NSW",
        "price": "1500",
        "price_per_unit": "429",
        "price_unit": "G"
      },
      {
        "state": "SA",
        "price": "1500",
        "price_per_unit": "429",
        "price_unit": "G"
      },
      {
        "state": "ACT",
        "price": "1500",
        "price_per_unit": "429",
        "price_unit": "G"
      }
    ]
  },
  {
    "source_url": "https://www.woolworths.com.au/shop/productdetails/208402/pure-delish-cranberry-almond-grain-ola",
    "name": "Pure Delish Cranberry & Almond Grain-Ola 375g",
    "image_url": "https://cdn1.woolworths.media/content/wowproductimages/large/208402.jpg",
    "source_id": "Woolworths - 208402",
    "barcode": "9420000253137",
    "shop": "Woolworths",
    "weight": "100G",
    "prices": [
      {
        "state": "NSW",
        "price": "1500",
        "price_per_unit": "400",
        "price_unit": "G"
      },
      {
        "state": "SA",
        "price": "1500",
        "price_per_unit": "400",
        "price_unit": "G"
      },
      {
        "state": "ACT",
        "price": "1500",
        "price_per_unit": "400",
        "price_unit": "G"
      }
    ]
  },
  {
    "source_url": "https://www.woolworths.com.au/shop/productdetails/208200/pure-delish-raspberry-maple-nograin-ola",
    "name": "Pure Delish Raspberry & Maple Nograin-Ola 375g",
    "image_url": "https://cdn1.woolworths.media/content/wowproductimages/large/208200.jpg",
    "source_id": "Woolworths - 208200",
    "barcode": "9420000253120",
    "shop": "Woolworths",
    "weight": "100G",
    "prices": [
      {
        "state": "NSW",
        "price": "1500",
        "price_per_unit": "400",
        "price_unit": "G"
      },
      {
        "state": "SA",
        "price": "1500",
        "price_per_unit": "400",
        "price_unit": "G"
      },
      {
        "state": "ACT",
        "price": "1500",
        "price_per_unit": "400",
        "price_unit": "G"
      }
    ]
  },
  {
    "source_url": "https://www.woolworths.com.au/shop/productdetails/1074823645/snaxx-flavoured-keto-porridge-400g-bag",
    "name": "SNAXX Flavoured Keto Porridge 400g Bag",
    "image_url": "https://cdn1.woolworths.media/content/wowproductimages/large/1074823645.jpg",
    "source_id": "Woolworths - 1074823645",
    "barcode": null,
    "shop": "Woolworths",
    "weight": null,
    "prices": [
      null,
      null,
      null
    ]
  },
  {
    "source_url": "https://www.woolworths.com.au/shop/productdetails/1074297599/snaxx-keto-porridge-400g-bag",
    "name": "SNAXX Keto Porridge - 400g Bag",
    "image_url": "https://cdn1.woolworths.media/content/wowproductimages/large/1074297599.jpg",
    "source_id": "Woolworths - 1074297599",
    "barcode": null,
    "shop": "Woolworths",
    "weight": "100G",
    "prices": [
      {
        "state": "NSW",
        "price": "2595",
        "price_per_unit": "649",
        "price_unit": "G"
      },
      {
        "state": "VIC",
        "price": "2595",
        "price_per_unit": "649",
        "price_unit": "G"
      },
      {
        "state": "QLD",
        "price": "2595",
        "price_per_unit": "649",
        "price_unit": "G"
      },
      {
        "state": "WA",
        "price": "2595",
        "price_per_unit": "649",
        "price_unit": "G"
      },
      {
        "state": "SA",
        "price": "2595",
        "price_per_unit": "649",
        "price_unit": "G"
      },
      {
        "state": "TAS",
        "price": "2595",
        "price_per_unit": "649",
        "price_unit": "G"
      },
      {
        "state": "ACT",
        "price": "2595",
        "price_per_unit": "649",
        "price_unit": "G"
      },
      {
        "state": "NT",
        "price": "2595",
        "price_per_unit": "649",
        "price_unit": "G"
      }
    ]
  },
  {
    "source_url": "https://www.woolworths.com.au/shop/productdetails/1074212679/snaxx-keto-porridge-4-pack-bundle-x-2",
    "name": "SNAXX Keto Porridge 4 Pack - Bundle x 2",
    "image_url": "https://cdn1.woolworths.media/content/wowproductimages/large/1074212679.jpg",
    "source_id": "Woolworths - 1074212679",
    "barcode": null,
    "shop": "Woolworths",
    "weight": "1EA",
    "prices": [
      {
        "state": "NSW",
        "price": "2390",
        "price_per_unit": "1195",
        "price_unit": "EA"
      },
      {
        "state": "VIC",
        "price": "2390",
        "price_per_unit": "1195",
        "price_unit": "EA"
      },
      {
        "state": "QLD",
        "price": "2390",
        "price_per_unit": "1195",
        "price_unit": "EA"
      },
      {
        "state": "WA",
        "price": "2390",
        "price_per_unit": "1195",
        "price_unit": "EA"
      },
      {
        "state": "SA",
        "price": "2390",
        "price_per_unit": "1195",
        "price_unit": "EA"
      },
      {
        "state": "TAS",
        "price": "2390",
        "price_per_unit": "1195",
        "price_unit": "EA"
      },
      {
        "state": "ACT",
        "price": "2390",
        "price_per_unit": "1195",
        "price_unit": "EA"
      },
      {
        "state": "NT",
        "price": "2390",
        "price_per_unit": "1195",
        "price_unit": "EA"
      }
    ]
  },
  {
    "source_url": "https://www.woolworths.com.au/shop/productdetails/1074694473/snaxx-keto-porridge-flavour-pack-3-flavours-x-400g",
    "name": "SNAXX Keto Porridge Flavour Pack - 3 Flavours x 400g",
    "image_url": "https://cdn1.woolworths.media/content/wowproductimages/large/1074694473.jpg",
    "source_id": "Woolworths - 1074694473",
    "barcode": null,
    "shop": "Woolworths",
    "weight": "100G",
    "prices": [
      {
        "state": "NSW",
        "price": "7395",
        "price_per_unit": "616",
        "price_unit": "G"
      },
      {
        "state": "VIC",
        "price": "7395",
        "price_per_unit": "616",
        "price_unit": "G"
      },
      {
        "state": "QLD",
        "price": "7395",
        "price_per_unit": "616",
        "price_unit": "G"
      },
      {
        "state": "WA",
        "price": "7395",
        "price_per_unit": "616",
        "price_unit": "G"
      },
      {
        "state": "SA",
        "price": "7395",
        "price_per_unit": "616",
        "price_unit": "G"
      },
      {
        "state": "TAS",
        "price": "7395",
        "price_per_unit": "616",
        "price_unit": "G"
      },
      {
        "state": "ACT",
        "price": "7395",
        "price_per_unit": "616",
        "price_unit": "G"
      },
      {
        "state": "NT",
        "price": "7395",
        "price_per_unit": "616",
        "price_unit": "G"
      }
    ]
  },
  {
    "source_url": "https://www.woolworths.com.au/shop/productdetails/603792/sunsol-granola-almond-super-berry",
    "name": "Sunsol Granola Almond & Super Berry 450g",
    "image_url": "https://cdn1.woolworths.media/content/wowproductimages/large/603792.jpg",
    "source_id": "Woolworths - 603792",
    "barcode": "9326666610485",
    "shop": "Woolworths",
    "weight": "100G",
    "prices": [
      {
        "state": "NSW",
        "price": "750",
        "price_per_unit": "167",
        "price_unit": "G"
      },
      {
        "state": "VIC",
        "price": "750",
        "price_per_unit": "167",
        "price_unit": "G"
      },
      {
        "state": "QLD",
        "price": "750",
        "price_per_unit": "167",
        "price_unit": "G"
      },
      {
        "state": "WA",
        "price": "750",
        "price_per_unit": "167",
        "price_unit": "G"
      },
      {
        "state": "SA",
        "price": "750",
        "price_per_unit": "167",
        "price_unit": "G"
      },
      {
        "state": "TAS",
        "price": "750",
        "price_per_unit": "167",
        "price_unit": "G"
      },
      {
        "state": "NT",
        "price": "750",
        "price_per_unit": "167",
        "price_unit": "G"
      }
    ]
  },
  {
    "source_url": "https://www.woolworths.com.au/shop/productdetails/601574/sunsol-granola-almond-pink-lady-apple-cinnamon",
    "name": "Sunsol Granola Almond Pink Lady Apple & Cinnamon 450g",
    "image_url": "https://cdn1.woolworths.media/content/wowproductimages/large/601574.jpg",
    "source_id": "Woolworths - 601574",
    "barcode": "9326666610461",
    "shop": "Woolworths",
    "weight": "100G",
    "prices": [
      {
        "state": "NSW",
        "price": "750",
        "price_per_unit": "167",
        "price_unit": "G"
      },
      {
        "state": "VIC",
        "price": "750",
        "price_per_unit": "167",
        "price_unit": "G"
      },
      {
        "state": "QLD",
        "price": "750",
        "price_per_unit": "167",
        "price_unit": "G"
      },
      {
        "state": "WA",
        "price": "750",
        "price_per_unit": "167",
        "price_unit": "G"
      },
      {
        "state": "SA",
        "price": "750",
        "price_per_unit": "167",
        "price_unit": "G"
      },
      {
        "state": "TAS",
        "price": "750",
        "price_per_unit": "167",
        "price_unit": "G"
      },
      {
        "state": "NT",
        "price": "750",
        "price_per_unit": "167",
        "price_unit": "G"
      }
    ]
  },
  {
    "source_url": "https://www.woolworths.com.au/shop/productdetails/566256/sunsol-granola-chunky-nut",
    "name": "Sunsol Granola Chunky Nut 450g",
    "image_url": "https://cdn1.woolworths.media/content/wowproductimages/large/566256.jpg",
    "source_id": "Woolworths - 566256",
    "barcode": "9326666710178",
    "shop": "Woolworths",
    "weight": "100G",
    "prices": [
      {
        "state": "NSW",
        "price": "750",
        "price_per_unit": "167",
        "price_unit": "G"
      },
      {
        "state": "VIC",
        "price": "750",
        "price_per_unit": "167",
        "price_unit": "G"
      },
      {
        "state": "QLD",
        "price": "750",
        "price_per_unit": "167",
        "price_unit": "G"
      },
      {
        "state": "WA",
        "price": "750",
        "price_per_unit": "167",
        "price_unit": "G"
      },
      {
        "state": "SA",
        "price": "750",
        "price_per_unit": "167",
        "price_unit": "G"
      },
      {
        "state": "TAS",
        "price": "750",
        "price_per_unit": "167",
        "price_unit": "G"
      },
      {
        "state": "NT",
        "price": "750",
        "price_per_unit": "167",
        "price_unit": "G"
      }
    ]
  },
  {
    "source_url": "https://www.woolworths.com.au/shop/productdetails/553342/sunsol-natural-muesli-almond-cashew-macadamia-walnut",
    "name": "Sunsol Natural Muesli Almond Cashew Macadamia & Walnut 500g",
    "image_url": "https://cdn1.woolworths.media/content/wowproductimages/large/553342.jpg",
    "source_id": "Woolworths - 553342",
    "barcode": "9326666610416",
    "shop": "Woolworths",
    "weight": "100G",
    "prices": [
      {
        "state": "NSW",
        "price": "700",
        "price_per_unit": "140",
        "price_unit": "G"
      },
      {
        "state": "VIC",
        "price": "700",
        "price_per_unit": "140",
        "price_unit": "G"
      },
      {
        "state": "QLD",
        "price": "700",
        "price_per_unit": "140",
        "price_unit": "G"
      },
      {
        "state": "WA",
        "price": "700",
        "price_per_unit": "140",
        "price_unit": "G"
      },
      {
        "state": "SA",
        "price": "700",
        "price_per_unit": "140",
        "price_unit": "G"
      },
      {
        "state": "TAS",
        "price": "700",
        "price_per_unit": "140",
        "price_unit": "G"
      },
      {
        "state": "NT",
        "price": "700",
        "price_per_unit": "140",
        "price_unit": "G"
      }
    ]
  },
  {
    "source_url": "https://www.woolworths.com.au/shop/productdetails/553243/sunsol-natural-muesli-blueberry-goji-berry-coconut-chia",
    "name": "Sunsol Natural Muesli Blueberry, Goji Berry Coconut & Chia 500g",
    "image_url": "https://cdn1.woolworths.media/content/wowproductimages/large/553243.jpg",
    "source_id": "Woolworths - 553243",
    "barcode": "9326666610423",
    "shop": "Woolworths",
    "weight": "100G",
    "prices": [
      {
        "state": "NSW",
        "price": "700",
        "price_per_unit": "140",
        "price_unit": "G"
      },
      {
        "state": "VIC",
        "price": "700",
        "price_per_unit": "140",
        "price_unit": "G"
      },
      {
        "state": "QLD",
        "price": "700",
        "price_per_unit": "140",
        "price_unit": "G"
      },
      {
        "state": "WA",
        "price": "700",
        "price_per_unit": "140",
        "price_unit": "G"
      },
      {
        "state": "SA",
        "price": "700",
        "price_per_unit": "140",
        "price_unit": "G"
      },
      {
        "state": "TAS",
        "price": "700",
        "price_per_unit": "140",
        "price_unit": "G"
      },
      {
        "state": "NT",
        "price": "700",
        "price_per_unit": "140",
        "price_unit": "G"
      }
    ]
  },
  {
    "source_url": "https://www.woolworths.com.au/shop/productdetails/590325/sunsol-toasted-muesli-almond-cashew-chia",
    "name": "Sunsol Toasted Muesli Almond Cashew & Chia 500g",
    "image_url": "https://cdn1.woolworths.media/content/wowproductimages/large/590325.jpg",
    "source_id": "Woolworths - 590325",
    "barcode": "9326666610447",
    "shop": "Woolworths",
    "weight": "100G",
    "prices": [
      {
        "state": "NSW",
        "price": "750",
        "price_per_unit": "150",
        "price_unit": "G"
      },
      {
        "state": "VIC",
        "price": "750",
        "price_per_unit": "150",
        "price_unit": "G"
      },
      {
        "state": "QLD",
        "price": "750",
        "price_per_unit": "150",
        "price_unit": "G"
      },
      {
        "state": "WA",
        "price": "750",
        "price_per_unit": "150",
        "price_unit": "G"
      },
      {
        "state": "SA",
        "price": "750",
        "price_per_unit": "150",
        "price_unit": "G"
      },
      {
        "state": "TAS",
        "price": "750",
        "price_per_unit": "150",
        "price_unit": "G"
      },
      {
        "state": "NT",
        "price": "750",
        "price_per_unit": "150",
        "price_unit": "G"
      }
    ]
  },
  {
    "source_url": "https://www.woolworths.com.au/shop/productdetails/552358/sunsol-toasted-muesli-almond-honey-dark-chocolate",
    "name": "Sunsol Toasted Muesli Almond Honey & Dark Chocolate 500g",
    "image_url": "https://cdn1.woolworths.media/content/wowproductimages/large/552358.jpg",
    "source_id": "Woolworths - 552358",
    "barcode": "9326666610430",
    "shop": "Woolworths",
    "weight": "100G",
    "prices": [
      {
        "state": "NSW",
        "price": "750",
        "price_per_unit": "150",
        "price_unit": "G"
      },
      {
        "state": "VIC",
        "price": "750",
        "price_per_unit": "150",
        "price_unit": "G"
      },
      {
        "state": "QLD",
        "price": "750",
        "price_per_unit": "150",
        "price_unit": "G"
      },
      {
        "state": "WA",
        "price": "750",
        "price_per_unit": "150",
        "price_unit": "G"
      },
      {
        "state": "SA",
        "price": "750",
        "price_per_unit": "150",
        "price_unit": "G"
      },
      {
        "state": "TAS",
        "price": "750",
        "price_per_unit": "150",
        "price_unit": "G"
      },
      {
        "state": "NT",
        "price": "750",
        "price_per_unit": "150",
        "price_unit": "G"
      }
    ]
  },
  {
    "source_url": "https://www.woolworths.com.au/shop/productdetails/603724/sunsol-toasted-muesli-strawberry-macadamia-coconut",
    "name": "Sunsol Toasted Muesli Strawberry, Macadamia & Coconut 500g",
    "image_url": "https://cdn1.woolworths.media/content/wowproductimages/large/603724.jpg",
    "source_id": "Woolworths - 603724",
    "barcode": "9326666710185",
    "shop": "Woolworths",
    "weight": "100G",
    "prices": [
      {
        "state": "NSW",
        "price": "750",
        "price_per_unit": "150",
        "price_unit": "G"
      },
      {
        "state": "VIC",
        "price": "750",
        "price_per_unit": "150",
        "price_unit": "G"
      },
      {
        "state": "QLD",
        "price": "750",
        "price_per_unit": "150",
        "price_unit": "G"
      },
      {
        "state": "WA",
        "price": "750",
        "price_per_unit": "150",
        "price_unit": "G"
      },
      {
        "state": "SA",
        "price": "750",
        "price_per_unit": "150",
        "price_unit": "G"
      },
      {
        "state": "TAS",
        "price": "750",
        "price_per_unit": "150",
        "price_unit": "G"
      },
      {
        "state": "NT",
        "price": "750",
        "price_per_unit": "150",
        "price_unit": "G"
      }
    ]
  },
  {
    "source_url": "https://www.woolworths.com.au/shop/productdetails/555344/table-of-plenty-australian-granola-oats-golden-honey-chai",
    "name": "Table Of Plenty Australian Granola Oats Golden Honey Chai 450g",
    "image_url": "https://cdn1.woolworths.media/content/wowproductimages/large/555344.jpg",
    "source_id": "Woolworths - 555344",
    "barcode": "9335777004236",
    "shop": "Woolworths",
    "weight": "100G",
    "prices": [
      {
        "state": "NSW",
        "price": "750",
        "price_per_unit": "167",
        "price_unit": "G"
      },
      {
        "state": "SA",
        "price": "750",
        "price_per_unit": "167",
        "price_unit": "G"
      },
      {
        "state": "TAS",
        "price": "750",
        "price_per_unit": "167",
        "price_unit": "G"
      }
    ]
  },
  {
    "source_url": "https://www.woolworths.com.au/shop/productdetails/554416/table-of-plenty-australian-granola-oats-spiced-apple-crumble",
    "name": "Table Of Plenty Australian Granola Oats Spiced Apple Crumble 450g",
    "image_url": "https://cdn1.woolworths.media/content/wowproductimages/large/554416.jpg",
    "source_id": "Woolworths - 554416",
    "barcode": "9335777004212",
    "shop": "Woolworths",
    "weight": "100G",
    "prices": [
      {
        "state": "NSW",
        "price": "750",
        "price_per_unit": "167",
        "price_unit": "G"
      },
      {
        "state": "SA",
        "price": "750",
        "price_per_unit": "167",
        "price_unit": "G"
      },
      {
        "state": "TAS",
        "price": "750",
        "price_per_unit": "167",
        "price_unit": "G"
      }
    ]
  },
  {
    "source_url": "https://www.woolworths.com.au/shop/productdetails/554614/table-of-plenty-australian-granola-oats-triple-berry-bliss",
    "name": "Table Of Plenty Australian Granola Oats Triple Berry Bliss 450g",
    "image_url": "https://cdn1.woolworths.media/content/wowproductimages/large/554614.jpg",
    "source_id": "Woolworths - 554614",
    "barcode": "9348219004510",
    "shop": "Woolworths",
    "weight": "100G",
    "prices": [
      {
        "state": "NSW",
        "price": "750",
        "price_per_unit": "167",
        "price_unit": "G"
      },
      {
        "state": "SA",
        "price": "750",
        "price_per_unit": "167",
        "price_unit": "G"
      },
      {
        "state": "TAS",
        "price": "750",
        "price_per_unit": "167",
        "price_unit": "G"
      }
    ]
  },
  {
    "source_url": "https://www.woolworths.com.au/shop/productdetails/513478/tasti-made-simple-forest-fruits",
    "name": "Tasti Made Simple Forest Fruits 150g",
    "image_url": "https://cdn1.woolworths.media/content/wowproductimages/large/513478.jpg",
    "source_id": "Woolworths - 513478",
    "barcode": "9403110042105",
    "shop": "Woolworths",
    "weight": "100G",
    "prices": [
      {
        "state": "NSW",
        "price": "550",
        "price_per_unit": "367",
        "price_unit": "G"
      },
      {
        "state": "VIC",
        "price": "550",
        "price_per_unit": "367",
        "price_unit": "G"
      },
      {
        "state": "QLD",
        "price": "550",
        "price_per_unit": "367",
        "price_unit": "G"
      },
      {
        "state": "WA",
        "price": "550",
        "price_per_unit": "367",
        "price_unit": "G"
      },
      {
        "state": "SA",
        "price": "550",
        "price_per_unit": "367",
        "price_unit": "G"
      },
      {
        "state": "TAS",
        "price": "550",
        "price_per_unit": "367",
        "price_unit": "G"
      },
      {
        "state": "NT",
        "price": "580",
        "price_per_unit": "387",
        "price_unit": "G"
      }
    ]
  },
  {
    "source_url": "https://www.woolworths.com.au/shop/productdetails/1075347450/the-monday-food-co-keto-granola-crunchy-peanut-butter-300g",
    "name": "THE MONDAY FOOD CO Keto Granola Crunchy Peanut Butter 300g",
    "image_url": "https://cdn1.woolworths.media/content/wowproductimages/large/1075347450.jpg",
    "source_id": "Woolworths - 1075347450",
    "barcode": null,
    "shop": "Woolworths",
    "weight": "100G",
    "prices": [
      {
        "state": "NSW",
        "price": "2195",
        "price_per_unit": "732",
        "price_unit": "G"
      },
      {
        "state": "VIC",
        "price": "2195",
        "price_per_unit": "732",
        "price_unit": "G"
      },
      {
        "state": "QLD",
        "price": "2195",
        "price_per_unit": "732",
        "price_unit": "G"
      },
      {
        "state": "WA",
        "price": "2195",
        "price_per_unit": "732",
        "price_unit": "G"
      },
      {
        "state": "SA",
        "price": "2195",
        "price_per_unit": "732",
        "price_unit": "G"
      },
      {
        "state": "TAS",
        "price": "2195",
        "price_per_unit": "732",
        "price_unit": "G"
      },
      {
        "state": "NT",
        "price": "2195",
        "price_per_unit": "732",
        "price_unit": "G"
      }
    ]
  },
  {
    "source_url": "https://www.woolworths.com.au/shop/productdetails/576157/uncle-tobys-big-bowl-quick-oats-protein-berry",
    "name": "Uncle Tobys Big Bowl Quick Oats Protein Berry 8 pack",
    "image_url": "https://cdn1.woolworths.media/content/wowproductimages/large/576157.jpg",
    "source_id": "Woolworths - 576157",
    "barcode": "9300605155398",
    "shop": "Woolworths",
    "weight": "100G",
    "prices": [
      {
        "state": "NSW",
        "price": "500",
        "price_per_unit": "136",
        "price_unit": "G"
      },
      {
        "state": "VIC",
        "price": "500",
        "price_per_unit": "136",
        "price_unit": "G"
      },
      {
        "state": "QLD",
        "price": "500",
        "price_per_unit": "136",
        "price_unit": "G"
      },
      {
        "state": "WA",
        "price": "500",
        "price_per_unit": "136",
        "price_unit": "G"
      },
      {
        "state": "SA",
        "price": "500",
        "price_per_unit": "136",
        "price_unit": "G"
      },
      {
        "state": "TAS",
        "price": "650",
        "price_per_unit": "177",
        "price_unit": "G"
      },
      {
        "state": "ACT",
        "price": "650",
        "price_per_unit": "177",
        "price_unit": "G"
      },
      {
        "state": "NT",
        "price": "650",
        "price_per_unit": "177",
        "price_unit": "G"
      }
    ]
  },
  {
    "source_url": "https://www.woolworths.com.au/shop/productdetails/583228/uncle-tobys-big-bowl-quick-oats-protein-vanilla",
    "name": "Uncle Tobys Big Bowl Quick Oats Protein Vanilla 8 pack",
    "image_url": "https://cdn1.woolworths.media/content/wowproductimages/large/583228.jpg",
    "source_id": "Woolworths - 583228",
    "barcode": "9300605155381",
    "shop": "Woolworths",
    "weight": "100G",
    "prices": [
      {
        "state": "NSW",
        "price": "500",
        "price_per_unit": "136",
        "price_unit": "G"
      },
      {
        "state": "VIC",
        "price": "500",
        "price_per_unit": "136",
        "price_unit": "G"
      },
      {
        "state": "QLD",
        "price": "500",
        "price_per_unit": "136",
        "price_unit": "G"
      },
      {
        "state": "WA",
        "price": "500",
        "price_per_unit": "136",
        "price_unit": "G"
      },
      {
        "state": "SA",
        "price": "500",
        "price_per_unit": "136",
        "price_unit": "G"
      },
      {
        "state": "TAS",
        "price": "650",
        "price_per_unit": "177",
        "price_unit": "G"
      },
      {
        "state": "ACT",
        "price": "650",
        "price_per_unit": "177",
        "price_unit": "G"
      },
      {
        "state": "NT",
        "price": "650",
        "price_per_unit": "177",
        "price_unit": "G"
      }
    ]
  },
  {
    "source_url": "https://www.woolworths.com.au/shop/productdetails/36370/uncle-tobys-natural-style-swiss-blend-muesli-breakfast-cereal",
    "name": "Uncle Tobys Natural Style Swiss Blend Muesli Breakfast Cereal 1kg",
    "image_url": "https://cdn1.woolworths.media/content/wowproductimages/large/036370.jpg",
    "source_id": "Woolworths - 36370",
    "barcode": "9310060050039",
    "shop": "Woolworths",
    "weight": "100G",
    "prices": [
      {
        "state": "NSW",
        "price": "900",
        "price_per_unit": "90",
        "price_unit": "G"
      },
      {
        "state": "VIC",
        "price": "900",
        "price_per_unit": "90",
        "price_unit": "G"
      },
      {
        "state": "QLD",
        "price": "900",
        "price_per_unit": "90",
        "price_unit": "G"
      },
      {
        "state": "WA",
        "price": "900",
        "price_per_unit": "90",
        "price_unit": "G"
      },
      {
        "state": "SA",
        "price": "900",
        "price_per_unit": "90",
        "price_unit": "G"
      },
      {
        "state": "TAS",
        "price": "900",
        "price_per_unit": "90",
        "price_unit": "G"
      },
      {
        "state": "ACT",
        "price": "900",
        "price_per_unit": "90",
        "price_unit": "G"
      },
      {
        "state": "NT",
        "price": "945",
        "price_per_unit": "95",
        "price_unit": "G"
      }
    ]
  },
  {
    "source_url": "https://www.woolworths.com.au/shop/productdetails/752352/uncle-tobys-oats-quick-cup-creamy-honey-porridge",
    "name": "Uncle Tobys Oats Quick Cup Creamy Honey Porridge 50g",
    "image_url": "https://cdn1.woolworths.media/content/wowproductimages/large/752352.jpg",
    "source_id": "Woolworths - 752352",
    "barcode": "9300605085220",
    "shop": "Woolworths",
    "weight": "100G",
    "prices": [
      {
        "state": "NSW",
        "price": "250",
        "price_per_unit": "500",
        "price_unit": "G"
      },
      {
        "state": "VIC",
        "price": "250",
        "price_per_unit": "500",
        "price_unit": "G"
      },
      {
        "state": "QLD",
        "price": "250",
        "price_per_unit": "500",
        "price_unit": "G"
      },
      {
        "state": "WA",
        "price": "250",
        "price_per_unit": "500",
        "price_unit": "G"
      },
      {
        "state": "SA",
        "price": "250",
        "price_per_unit": "500",
        "price_unit": "G"
      },
      {
        "state": "TAS",
        "price": "250",
        "price_per_unit": "500",
        "price_unit": "G"
      },
      {
        "state": "ACT",
        "price": "250",
        "price_per_unit": "500",
        "price_unit": "G"
      },
      {
        "state": "NT",
        "price": "250",
        "price_per_unit": "500",
        "price_unit": "G"
      }
    ]
  },
  {
    "source_url": "https://www.woolworths.com.au/shop/productdetails/31129/uncle-tobys-oats-quick-oats-porridge-porridge",
    "name": "Uncle Tobys Oats Quick Oats Porridge Porridge 500g",
    "image_url": "https://cdn1.woolworths.media/content/wowproductimages/large/031129.jpg",
    "source_id": "Woolworths - 31129",
    "barcode": "9310060012013",
    "shop": "Woolworths",
    "weight": "100G",
    "prices": [
      {
        "state": "NSW",
        "price": "360",
        "price_per_unit": "72",
        "price_unit": "G"
      },
      {
        "state": "VIC",
        "price": "360",
        "price_per_unit": "72",
        "price_unit": "G"
      },
      {
        "state": "QLD",
        "price": "360",
        "price_per_unit": "72",
        "price_unit": "G"
      },
      {
        "state": "WA",
        "price": "360",
        "price_per_unit": "72",
        "price_unit": "G"
      },
      {
        "state": "SA",
        "price": "360",
        "price_per_unit": "72",
        "price_unit": "G"
      },
      {
        "state": "TAS",
        "price": "450",
        "price_per_unit": "90",
        "price_unit": "G"
      },
      {
        "state": "ACT",
        "price": "450",
        "price_per_unit": "90",
        "price_unit": "G"
      },
      {
        "state": "NT",
        "price": "450",
        "price_per_unit": "90",
        "price_unit": "G"
      }
    ]
  },
  {
    "source_url": "https://www.woolworths.com.au/shop/productdetails/37562/uncle-tobys-oats-quick-rolled-oats-porridge",
    "name": "Uncle Tobys Oats Quick Rolled Oats Porridge 1kg",
    "image_url": "https://cdn1.woolworths.media/content/wowproductimages/large/037562.jpg",
    "source_id": "Woolworths - 37562",
    "barcode": "9310060012037",
    "shop": "Woolworths",
    "weight": "100G",
    "prices": [
      {
        "state": "NSW",
        "price": "650",
        "price_per_unit": "65",
        "price_unit": "G"
      },
      {
        "state": "VIC",
        "price": "650",
        "price_per_unit": "65",
        "price_unit": "G"
      },
      {
        "state": "QLD",
        "price": "650",
        "price_per_unit": "65",
        "price_unit": "G"
      },
      {
        "state": "WA",
        "price": "650",
        "price_per_unit": "65",
        "price_unit": "G"
      },
      {
        "state": "SA",
        "price": "650",
        "price_per_unit": "65",
        "price_unit": "G"
      },
      {
        "state": "TAS",
        "price": "650",
        "price_per_unit": "65",
        "price_unit": "G"
      },
      {
        "state": "ACT",
        "price": "650",
        "price_per_unit": "65",
        "price_unit": "G"
      },
      {
        "state": "NT",
        "price": "685",
        "price_per_unit": "69",
        "price_unit": "G"
      }
    ]
  },
  {
    "source_url": "https://www.woolworths.com.au/shop/productdetails/147406/uncle-tobys-oats-quick-sachets-berry-variety-porridge",
    "name": "Uncle Tobys Oats Quick Sachets Berry Variety Porridge 350g",
    "image_url": "https://cdn1.woolworths.media/content/wowproductimages/large/147406.jpg",
    "source_id": "Woolworths - 147406",
    "barcode": "9300605139626",
    "shop": "Woolworths",
    "weight": "100G",
    "prices": [
      {
        "state": "NSW",
        "price": "630",
        "price_per_unit": "180",
        "price_unit": "G"
      },
      {
        "state": "VIC",
        "price": "630",
        "price_per_unit": "180",
        "price_unit": "G"
      },
      {
        "state": "QLD",
        "price": "630",
        "price_per_unit": "180",
        "price_unit": "G"
      },
      {
        "state": "WA",
        "price": "630",
        "price_per_unit": "180",
        "price_unit": "G"
      },
      {
        "state": "SA",
        "price": "630",
        "price_per_unit": "180",
        "price_unit": "G"
      },
      {
        "state": "TAS",
        "price": "630",
        "price_per_unit": "180",
        "price_unit": "G"
      },
      {
        "state": "ACT",
        "price": "630",
        "price_per_unit": "180",
        "price_unit": "G"
      },
      {
        "state": "NT",
        "price": "660",
        "price_per_unit": "189",
        "price_unit": "G"
      }
    ]
  },
  {
    "source_url": "https://www.woolworths.com.au/shop/productdetails/147720/uncle-tobys-oats-quick-sachets-big-bowl-creamy-honey-porridge",
    "name": "Uncle Tobys Oats Quick Sachets Big Bowl Creamy Honey Porridge 368g",
    "image_url": "https://cdn1.woolworths.media/content/wowproductimages/large/147720.jpg",
    "source_id": "Woolworths - 147720",
    "barcode": "9300605139633",
    "shop": "Woolworths",
    "weight": "100G",
    "prices": [
      {
        "state": "NSW",
        "price": "500",
        "price_per_unit": "136",
        "price_unit": "G"
      },
      {
        "state": "VIC",
        "price": "500",
        "price_per_unit": "136",
        "price_unit": "G"
      },
      {
        "state": "QLD",
        "price": "500",
        "price_per_unit": "136",
        "price_unit": "G"
      },
      {
        "state": "WA",
        "price": "500",
        "price_per_unit": "136",
        "price_unit": "G"
      },
      {
        "state": "SA",
        "price": "500",
        "price_per_unit": "136",
        "price_unit": "G"
      },
      {
        "state": "TAS",
        "price": "650",
        "price_per_unit": "177",
        "price_unit": "G"
      },
      {
        "state": "ACT",
        "price": "650",
        "price_per_unit": "177",
        "price_unit": "G"
      },
      {
        "state": "NT",
        "price": "650",
        "price_per_unit": "177",
        "price_unit": "G"
      }
    ]
  },
  {
    "source_url": "https://www.woolworths.com.au/shop/productdetails/148281/uncle-tobys-oats-quick-sachets-big-bowl-original-porridge",
    "name": "Uncle Tobys Oats Quick Sachets Big Bowl Original Porridge 368g",
    "image_url": "https://cdn1.woolworths.media/content/wowproductimages/large/148281.jpg",
    "source_id": "Woolworths - 148281",
    "barcode": "9300605139794",
    "shop": "Woolworths",
    "weight": "100G",
    "prices": [
      {
        "state": "NSW",
        "price": "500",
        "price_per_unit": "136",
        "price_unit": "G"
      },
      {
        "state": "VIC",
        "price": "500",
        "price_per_unit": "136",
        "price_unit": "G"
      },
      {
        "state": "QLD",
        "price": "500",
        "price_per_unit": "136",
        "price_unit": "G"
      },
      {
        "state": "WA",
        "price": "500",
        "price_per_unit": "136",
        "price_unit": "G"
      },
      {
        "state": "SA",
        "price": "500",
        "price_per_unit": "136",
        "price_unit": "G"
      },
      {
        "state": "TAS",
        "price": "650",
        "price_per_unit": "177",
        "price_unit": "G"
      },
      {
        "state": "ACT",
        "price": "650",
        "price_per_unit": "177",
        "price_unit": "G"
      },
      {
        "state": "NT",
        "price": "650",
        "price_per_unit": "177",
        "price_unit": "G"
      }
    ]
  },
  {
    "source_url": "https://www.woolworths.com.au/shop/productdetails/148885/uncle-tobys-oats-quick-sachets-brown-sugar-cinnamon-porridge",
    "name": "Uncle Tobys Oats Quick Sachets Brown Sugar & Cinnamon Porridge 350g",
    "image_url": "https://cdn1.woolworths.media/content/wowproductimages/large/148885.jpg",
    "source_id": "Woolworths - 148885",
    "barcode": "9300605139718",
    "shop": "Woolworths",
    "weight": "100G",
    "prices": [
      {
        "state": "NSW",
        "price": "630",
        "price_per_unit": "180",
        "price_unit": "G"
      },
      {
        "state": "VIC",
        "price": "630",
        "price_per_unit": "180",
        "price_unit": "G"
      },
      {
        "state": "QLD",
        "price": "630",
        "price_per_unit": "180",
        "price_unit": "G"
      },
      {
        "state": "WA",
        "price": "630",
        "price_per_unit": "180",
        "price_unit": "G"
      },
      {
        "state": "SA",
        "price": "630",
        "price_per_unit": "180",
        "price_unit": "G"
      },
      {
        "state": "TAS",
        "price": "630",
        "price_per_unit": "180",
        "price_unit": "G"
      },
      {
        "state": "ACT",
        "price": "630",
        "price_per_unit": "180",
        "price_unit": "G"
      },
      {
        "state": "NT",
        "price": "660",
        "price_per_unit": "189",
        "price_unit": "G"
      }
    ]
  },
  {
    "source_url": "https://www.woolworths.com.au/shop/productdetails/148976/uncle-tobys-oats-quick-sachets-classic-variety-porridge",
    "name": "Uncle Tobys Oats Quick Sachets Classic Variety Porridge 350g",
    "image_url": "https://cdn1.woolworths.media/content/wowproductimages/large/148976.jpg",
    "source_id": "Woolworths - 148976",
    "barcode": "9300605139640",
    "shop": "Woolworths",
    "weight": "100G",
    "prices": [
      {
        "state": "NSW",
        "price": "630",
        "price_per_unit": "180",
        "price_unit": "G"
      },
      {
        "state": "VIC",
        "price": "630",
        "price_per_unit": "180",
        "price_unit": "G"
      },
      {
        "state": "QLD",
        "price": "630",
        "price_per_unit": "180",
        "price_unit": "G"
      },
      {
        "state": "WA",
        "price": "630",
        "price_per_unit": "180",
        "price_unit": "G"
      },
      {
        "state": "SA",
        "price": "630",
        "price_per_unit": "180",
        "price_unit": "G"
      },
      {
        "state": "TAS",
        "price": "630",
        "price_per_unit": "180",
        "price_unit": "G"
      },
      {
        "state": "ACT",
        "price": "630",
        "price_per_unit": "180",
        "price_unit": "G"
      },
      {
        "state": "NT",
        "price": "660",
        "price_per_unit": "189",
        "price_unit": "G"
      }
    ]
  },
  {
    "source_url": "https://www.woolworths.com.au/shop/productdetails/148396/uncle-tobys-oats-quick-sachets-hi-fibre-porridge",
    "name": "Uncle Tobys Oats Quick Sachets Hi-Fibre Porridge 320g",
    "image_url": "https://cdn1.woolworths.media/content/wowproductimages/large/148396.jpg",
    "source_id": "Woolworths - 148396",
    "barcode": "9300605139770",
    "shop": "Woolworths",
    "weight": "100G",
    "prices": [
      {
        "state": "NSW",
        "price": "630",
        "price_per_unit": "197",
        "price_unit": "G"
      },
      {
        "state": "VIC",
        "price": "630",
        "price_per_unit": "197",
        "price_unit": "G"
      },
      {
        "state": "QLD",
        "price": "630",
        "price_per_unit": "197",
        "price_unit": "G"
      },
      {
        "state": "WA",
        "price": "630",
        "price_per_unit": "197",
        "price_unit": "G"
      },
      {
        "state": "SA",
        "price": "630",
        "price_per_unit": "197",
        "price_unit": "G"
      },
      {
        "state": "TAS",
        "price": "630",
        "price_per_unit": "197",
        "price_unit": "G"
      },
      {
        "state": "ACT",
        "price": "630",
        "price_per_unit": "197",
        "price_unit": "G"
      },
      {
        "state": "NT",
        "price": "660",
        "price_per_unit": "206",
        "price_unit": "G"
      }
    ]
  },
  {
    "source_url": "https://www.woolworths.com.au/shop/productdetails/37678/uncle-tobys-oats-traditional-rolled-oats-porridge",
    "name": "Uncle Tobys Oats Traditional Rolled Oats Porridge 500g",
    "image_url": "https://cdn1.woolworths.media/content/wowproductimages/large/037678.jpg",
    "source_id": "Woolworths - 37678",
    "barcode": "9310060011016",
    "shop": "Woolworths",
    "weight": "100G",
    "prices": [
      {
        "state": "NSW",
        "price": "360",
        "price_per_unit": "72",
        "price_unit": "G"
      },
      {
        "state": "VIC",
        "price": "360",
        "price_per_unit": "72",
        "price_unit": "G"
      },
      {
        "state": "QLD",
        "price": "360",
        "price_per_unit": "72",
        "price_unit": "G"
      },
      {
        "state": "WA",
        "price": "360",
        "price_per_unit": "72",
        "price_unit": "G"
      },
      {
        "state": "SA",
        "price": "360",
        "price_per_unit": "72",
        "price_unit": "G"
      },
      {
        "state": "TAS",
        "price": "450",
        "price_per_unit": "90",
        "price_unit": "G"
      },
      {
        "state": "ACT",
        "price": "450",
        "price_per_unit": "90",
        "price_unit": "G"
      },
      {
        "state": "NT",
        "price": "450",
        "price_per_unit": "90",
        "price_unit": "G"
      }
    ]
  },
  {
    "source_url": "https://www.woolworths.com.au/shop/productdetails/33036/uncle-tobys-oats-traditonal-rolled-oats-porridge",
    "name": "Uncle Tobys Oats Traditonal Rolled Oats Porridge 1kg",
    "image_url": "https://cdn1.woolworths.media/content/wowproductimages/large/033036.jpg",
    "source_id": "Woolworths - 33036",
    "barcode": "9310060011030",
    "shop": "Woolworths",
    "weight": "100G",
    "prices": [
      {
        "state": "NSW",
        "price": "650",
        "price_per_unit": "65",
        "price_unit": "G"
      },
      {
        "state": "VIC",
        "price": "650",
        "price_per_unit": "65",
        "price_unit": "G"
      },
      {
        "state": "QLD",
        "price": "650",
        "price_per_unit": "65",
        "price_unit": "G"
      },
      {
        "state": "WA",
        "price": "650",
        "price_per_unit": "65",
        "price_unit": "G"
      },
      {
        "state": "SA",
        "price": "650",
        "price_per_unit": "65",
        "price_unit": "G"
      },
      {
        "state": "TAS",
        "price": "650",
        "price_per_unit": "65",
        "price_unit": "G"
      },
      {
        "state": "ACT",
        "price": "650",
        "price_per_unit": "65",
        "price_unit": "G"
      },
      {
        "state": "NT",
        "price": "685",
        "price_per_unit": "69",
        "price_unit": "G"
      }
    ]
  },
  {
    "source_url": "https://www.woolworths.com.au/shop/productdetails/610114/uncle-tobys-rolled-oats-ancient-grains-rye-puffed-quinoa-millet",
    "name": "Uncle Tobys Rolled Oats Ancient Grains Rye, Puffed Quinoa & Millet 490g",
    "image_url": "https://cdn1.woolworths.media/content/wowproductimages/large/610114.jpg",
    "source_id": "Woolworths - 610114",
    "barcode": "9300605155404",
    "shop": "Woolworths",
    "weight": "100G",
    "prices": [
      {
        "state": "NSW",
        "price": "500",
        "price_per_unit": "102",
        "price_unit": "G"
      },
      {
        "state": "VIC",
        "price": "500",
        "price_per_unit": "102",
        "price_unit": "G"
      },
      {
        "state": "QLD",
        "price": "500",
        "price_per_unit": "102",
        "price_unit": "G"
      },
      {
        "state": "WA",
        "price": "500",
        "price_per_unit": "102",
        "price_unit": "G"
      },
      {
        "state": "SA",
        "price": "500",
        "price_per_unit": "102",
        "price_unit": "G"
      },
      {
        "state": "TAS",
        "price": "500",
        "price_per_unit": "102",
        "price_unit": "G"
      },
      {
        "state": "ACT",
        "price": "500",
        "price_per_unit": "102",
        "price_unit": "G"
      },
      {
        "state": "NT",
        "price": "500",
        "price_per_unit": "102",
        "price_unit": "G"
      }
    ]
  },
  {
    "source_url": "https://www.woolworths.com.au/shop/productdetails/225942/vogel-s-low-carb-granola-apple-crumble-cinnamon",
    "name": "Vogel's Low Carb Granola Apple Crumble & Cinnamon 360g",
    "image_url": "https://cdn1.woolworths.media/content/wowproductimages/large/225942.jpg",
    "source_id": "Woolworths - 225942",
    "barcode": "9421021173060",
    "shop": "Woolworths",
    "weight": "100G",
    "prices": [
      {
        "state": "NSW",
        "price": "950",
        "price_per_unit": "264",
        "price_unit": "G"
      },
      {
        "state": "NT",
        "price": "720",
        "price_per_unit": "200",
        "price_unit": "G"
      }
    ]
  },
  {
    "source_url": "https://www.woolworths.com.au/shop/productdetails/225360/vogel-s-low-carb-granola-raspberry-blueberry-almond",
    "name": "Vogel's Low Carb Granola Raspberry, Blueberry & Almond 360g",
    "image_url": "https://cdn1.woolworths.media/content/wowproductimages/large/225360.jpg",
    "source_id": "Woolworths - 225360",
    "barcode": "9421021173053",
    "shop": "Woolworths",
    "weight": "100G",
    "prices": [
      {
        "state": "NSW",
        "price": "950",
        "price_per_unit": "264",
        "price_unit": "G"
      },
      {
        "state": "VIC",
        "price": "950",
        "price_per_unit": "264",
        "price_unit": "G"
      },
      {
        "state": "QLD",
        "price": "950",
        "price_per_unit": "264",
        "price_unit": "G"
      },
      {
        "state": "WA",
        "price": "950",
        "price_per_unit": "264",
        "price_unit": "G"
      },
      {
        "state": "SA",
        "price": "950",
        "price_per_unit": "264",
        "price_unit": "G"
      },
      {
        "state": "TAS",
        "price": "950",
        "price_per_unit": "264",
        "price_unit": "G"
      },
      {
        "state": "ACT",
        "price": "950",
        "price_per_unit": "264",
        "price_unit": "G"
      },
      {
        "state": "NT",
        "price": "720",
        "price_per_unit": "200",
        "price_unit": "G"
      },
      {
        "state": "TAS",
        "price": "720",
        "price_per_unit": "200",
        "price_unit": "G"
      },
      {
        "state": "ACT",
        "price": "720",
        "price_per_unit": "200",
        "price_unit": "G"
      },
      {
        "state": "NT",
        "price": "720",
        "price_per_unit": "200",
        "price_unit": "G"
      }
    ]
  },
  {
    "source_url": "https://www.woolworths.com.au/shop/productdetails/743270/woolworths-apricot-almond-and-date-muesli",
    "name": "Woolworths Apricot Almond And Date Muesli 750g",
    "image_url": "https://cdn1.woolworths.media/content/wowproductimages/large/743270.jpg",
    "source_id": "Woolworths - 743270",
    "barcode": "9300633364304",
    "shop": "Woolworths",
    "weight": "100G",
    "prices": [
      {
        "state": "NSW",
        "price": "400",
        "price_per_unit": "53",
        "price_unit": "G"
      },
      {
        "state": "VIC",
        "price": "400",
        "price_per_unit": "53",
        "price_unit": "G"
      },
      {
        "state": "QLD",
        "price": "400",
        "price_per_unit": "53",
        "price_unit": "G"
      },
      {
        "state": "WA",
        "price": "400",
        "price_per_unit": "53",
        "price_unit": "G"
      },
      {
        "state": "TAS",
        "price": "400",
        "price_per_unit": "53",
        "price_unit": "G"
      },
      {
        "state": "ACT",
        "price": "400",
        "price_per_unit": "53",
        "price_unit": "G"
      },
      {
        "state": "NT",
        "price": "400",
        "price_per_unit": "53",
        "price_unit": "G"
      }
    ]
  },
  {
    "source_url": "https://www.woolworths.com.au/shop/productdetails/196294/woolworths-australian-quick-oats",
    "name": "Woolworths Australian Quick Oats 1.5kg",
    "image_url": "https://cdn1.woolworths.media/content/wowproductimages/large/196294.jpg",
    "source_id": "Woolworths - 196294",
    "barcode": "9339687286287",
    "shop": "Woolworths",
    "weight": "100G",
    "prices": [
      {
        "state": "NSW",
        "price": "280",
        "price_per_unit": "19",
        "price_unit": "G"
      },
      {
        "state": "VIC",
        "price": "280",
        "price_per_unit": "19",
        "price_unit": "G"
      },
      {
        "state": "QLD",
        "price": "280",
        "price_per_unit": "19",
        "price_unit": "G"
      },
      {
        "state": "WA",
        "price": "280",
        "price_per_unit": "19",
        "price_unit": "G"
      },
      {
        "state": "TAS",
        "price": "280",
        "price_per_unit": "19",
        "price_unit": "G"
      },
      {
        "state": "ACT",
        "price": "280",
        "price_per_unit": "19",
        "price_unit": "G"
      },
      {
        "state": "NT",
        "price": "280",
        "price_per_unit": "19",
        "price_unit": "G"
      }
    ]
  },
  {
    "source_url": "https://www.woolworths.com.au/shop/productdetails/196293/woolworths-australian-rolled-oats",
    "name": "Woolworths Australian Rolled Oats 1.5kg",
    "image_url": "https://cdn1.woolworths.media/content/wowproductimages/large/196293.jpg",
    "source_id": "Woolworths - 196293",
    "barcode": "9339687286270",
    "shop": "Woolworths",
    "weight": "100G",
    "prices": [
      {
        "state": "VIC",
        "price": "280",
        "price_per_unit": "19",
        "price_unit": "G"
      },
      {
        "state": "QLD",
        "price": "280",
        "price_per_unit": "19",
        "price_unit": "G"
      },
      {
        "state": "WA",
        "price": "280",
        "price_per_unit": "19",
        "price_unit": "G"
      },
      {
        "state": "TAS",
        "price": "280",
        "price_per_unit": "19",
        "price_unit": "G"
      },
      {
        "state": "ACT",
        "price": "280",
        "price_per_unit": "19",
        "price_unit": "G"
      },
      {
        "state": "NT",
        "price": "280",
        "price_per_unit": "19",
        "price_unit": "G"
      }
    ]
  },
  {
    "source_url": "https://www.woolworths.com.au/shop/productdetails/95076/woolworths-australian-wheat-bran",
    "name": "Woolworths Australian Wheat Bran 500g",
    "image_url": "https://cdn1.woolworths.media/content/wowproductimages/large/095076.jpg",
    "source_id": "Woolworths - 95076",
    "barcode": "9300633950767",
    "shop": "Woolworths",
    "weight": "100G",
    "prices": [
      {
        "state": "NSW",
        "price": "180",
        "price_per_unit": "36",
        "price_unit": "G"
      },
      {
        "state": "VIC",
        "price": "180",
        "price_per_unit": "36",
        "price_unit": "G"
      },
      {
        "state": "QLD",
        "price": "180",
        "price_per_unit": "36",
        "price_unit": "G"
      },
      {
        "state": "WA",
        "price": "180",
        "price_per_unit": "36",
        "price_unit": "G"
      },
      {
        "state": "TAS",
        "price": "180",
        "price_per_unit": "36",
        "price_unit": "G"
      },
      {
        "state": "ACT",
        "price": "180",
        "price_per_unit": "36",
        "price_unit": "G"
      },
      {
        "state": "NT",
        "price": "180",
        "price_per_unit": "36",
        "price_unit": "G"
      }
    ]
  },
  {
    "source_url": "https://www.woolworths.com.au/shop/productdetails/343660/woolworths-essentials-traditional-muesli",
    "name": "Woolworths Essentials Traditional Muesli 900g",
    "image_url": "https://cdn1.woolworths.media/content/wowproductimages/large/343660.jpg",
    "source_id": "Woolworths - 343660",
    "barcode": "9300633203610",
    "shop": "Woolworths",
    "weight": "100G",
    "prices": [
      {
        "state": "NSW",
        "price": "250",
        "price_per_unit": "28",
        "price_unit": "G"
      },
      {
        "state": "VIC",
        "price": "250",
        "price_per_unit": "28",
        "price_unit": "G"
      },
      null,
      {
        "state": "ACT",
        "price": "250",
        "price_per_unit": "28",
        "price_unit": "G"
      },
      {
        "state": "NT",
        "price": "255",
        "price_per_unit": "28",
        "price_unit": "G"
      }
    ]
  },
  {
    "source_url": "https://www.woolworths.com.au/shop/productdetails/203867/woolworths-oat-bran",
    "name": "Woolworths Oat Bran 500g",
    "image_url": "https://cdn1.woolworths.media/content/wowproductimages/large/203867.jpg",
    "source_id": "Woolworths - 203867",
    "barcode": "9300633900038",
    "shop": "Woolworths",
    "weight": "100G",
    "prices": [
      {
        "state": "NSW",
        "price": "200",
        "price_per_unit": "40",
        "price_unit": "G"
      },
      {
        "state": "VIC",
        "price": "200",
        "price_per_unit": "40",
        "price_unit": "G"
      },
      {
        "state": "TAS",
        "price": "200",
        "price_per_unit": "40",
        "price_unit": "G"
      },
      {
        "state": "NT",
        "price": "200",
        "price_per_unit": "40",
        "price_unit": "G"
      }
    ]
  },
  {
    "source_url": "https://www.woolworths.com.au/shop/productdetails/321222/woolworths-quick-oats",
    "name": "Woolworths Quick Oats 750g",
    "image_url": "https://cdn1.woolworths.media/content/wowproductimages/large/321222.jpg",
    "source_id": "Woolworths - 321222",
    "barcode": "9300633989941",
    "shop": "Woolworths",
    "weight": "100G",
    "prices": [
      {
        "state": "NSW",
        "price": "170",
        "price_per_unit": "23",
        "price_unit": "G"
      },
      {
        "state": "VIC",
        "price": "170",
        "price_per_unit": "23",
        "price_unit": "G"
      },
      {
        "state": "TAS",
        "price": "170",
        "price_per_unit": "23",
        "price_unit": "G"
      },
      {
        "state": "NT",
        "price": "170",
        "price_per_unit": "23",
        "price_unit": "G"
      }
    ]
  },
  {
    "source_url": "https://www.woolworths.com.au/shop/productdetails/321220/woolworths-rolled-traditional-oats",
    "name": "Woolworths Rolled Traditional Oats 750g",
    "image_url": "https://cdn1.woolworths.media/content/wowproductimages/large/321220.jpg",
    "source_id": "Woolworths - 321220",
    "barcode": "9300633989934",
    "shop": "Woolworths",
    "weight": "100G",
    "prices": [
      {
        "state": "NSW",
        "price": "170",
        "price_per_unit": "23",
        "price_unit": "G"
      },
      {
        "state": "VIC",
        "price": "170",
        "price_per_unit": "23",
        "price_unit": "G"
      },
      {
        "state": "TAS",
        "price": "170",
        "price_per_unit": "23",
        "price_unit": "G"
      },
      {
        "state": "NT",
        "price": "170",
        "price_per_unit": "23",
        "price_unit": "G"
      }
    ]
  },
  {
    "source_url": "https://www.woolworths.com.au/shop/productdetails/743268/woolworths-toasted-honey-cinnamon-muesli",
    "name": "Woolworths Toasted Honey & Cinnamon Muesli 750g",
    "image_url": "https://cdn1.woolworths.media/content/wowproductimages/large/743268.jpg",
    "source_id": "Woolworths - 743268",
    "barcode": "9300633364281",
    "shop": "Woolworths",
    "weight": "100G",
    "prices": [
      {
        "state": "NSW",
        "price": "400",
        "price_per_unit": "53",
        "price_unit": "G"
      },
      {
        "state": "VIC",
        "price": "400",
        "price_per_unit": "53",
        "price_unit": "G"
      },
      {
        "state": "TAS",
        "price": "400",
        "price_per_unit": "53",
        "price_unit": "G"
      },
      {
        "state": "NT",
        "price": "400",
        "price_per_unit": "53",
        "price_unit": "G"
      }
    ]
  },
  {
    "source_url": "https://www.woolworths.com.au/shop/productdetails/243904/arnold-s-farm-clusters-cocoa-cookie-crumble",
    "name": "Arnold's Farm Clusters Cocoa Cookie Crumble 700g",
    "image_url": "https://cdn1.woolworths.media/content/wowproductimages/large/243904.jpg",
    "source_id": "Woolworths - 243904",
    "barcode": "9326666200105",
    "shop": "Woolworths",
    "weight": "100G",
    "prices": [
      {
        "state": "VIC",
        "price": "680",
        "price_per_unit": "97",
        "price_unit": "G"
      },
      {
        "state": "QLD",
        "price": "680",
        "price_per_unit": "97",
        "price_unit": "G"
      },
      {
        "state": "WA",
        "price": "680",
        "price_per_unit": "97",
        "price_unit": "G"
      },
      {
        "state": "SA",
        "price": "680",
        "price_per_unit": "97",
        "price_unit": "G"
      },
      {
        "state": "TAS",
        "price": "680",
        "price_per_unit": "97",
        "price_unit": "G"
      },
      {
        "state": "ACT",
        "price": "680",
        "price_per_unit": "97",
        "price_unit": "G"
      },
      {
        "state": "NT",
        "price": "680",
        "price_per_unit": "97",
        "price_unit": "G"
      }
    ]
  },
  {
    "source_url": "https://www.woolworths.com.au/shop/productdetails/377262/arnold-s-farm-porridge-sachets-apple-cinnamon",
    "name": "Arnold's Farm Porridge Sachets Apple & Cinnamon 8 Pack",
    "image_url": "https://cdn1.woolworths.media/content/wowproductimages/large/377262.jpg",
    "source_id": "Woolworths - 377262",
    "barcode": "9326666610591",
    "shop": "Woolworths",
    "weight": "100G",
    "prices": [
      {
        "state": "VIC",
        "price": "450",
        "price_per_unit": "122",
        "price_unit": "G"
      },
      {
        "state": "QLD",
        "price": "450",
        "price_per_unit": "122",
        "price_unit": "G"
      },
      {
        "state": "WA",
        "price": "450",
        "price_per_unit": "122",
        "price_unit": "G"
      },
      {
        "state": "SA",
        "price": "450",
        "price_per_unit": "122",
        "price_unit": "G"
      },
      {
        "state": "TAS",
        "price": "450",
        "price_per_unit": "122",
        "price_unit": "G"
      },
      {
        "state": "ACT",
        "price": "450",
        "price_per_unit": "122",
        "price_unit": "G"
      },
      {
        "state": "NT",
        "price": "450",
        "price_per_unit": "122",
        "price_unit": "G"
      }
    ]
  },
  {
    "source_url": "https://www.woolworths.com.au/shop/productdetails/205729/arnold-s-farm-porridge-sachets-berry-blend",
    "name": "Arnold's Farm Porridge Sachets Berry Blend 8 Pack",
    "image_url": "https://cdn1.woolworths.media/content/wowproductimages/large/205729.jpg",
    "source_id": "Woolworths - 205729",
    "barcode": "9326666210098",
    "shop": "Woolworths",
    "weight": "100G",
    "prices": [
      {
        "state": "VIC",
        "price": "450",
        "price_per_unit": "122",
        "price_unit": "G"
      },
      {
        "state": "QLD",
        "price": "450",
        "price_per_unit": "122",
        "price_unit": "G"
      },
      {
        "state": "WA",
        "price": "450",
        "price_per_unit": "122",
        "price_unit": "G"
      },
      {
        "state": "SA",
        "price": "450",
        "price_per_unit": "122",
        "price_unit": "G"
      },
      {
        "state": "TAS",
        "price": "450",
        "price_per_unit": "122",
        "price_unit": "G"
      },
      {
        "state": "ACT",
        "price": "450",
        "price_per_unit": "122",
        "price_unit": "G"
      },
      {
        "state": "NT",
        "price": "450",
        "price_per_unit": "122",
        "price_unit": "G"
      }
    ]
  },
  {
    "source_url": "https://www.woolworths.com.au/shop/productdetails/207996/arnold-s-farm-porridge-sachets-creamy-honey",
    "name": "Arnold's Farm Porridge Sachets Creamy Honey 8 Pack",
    "image_url": "https://cdn1.woolworths.media/content/wowproductimages/large/207996.jpg",
    "source_id": "Woolworths - 207996",
    "barcode": "9326666210081",
    "shop": "Woolworths",
    "weight": "100G",
    "prices": [
      {
        "state": "VIC",
        "price": "450",
        "price_per_unit": "122",
        "price_unit": "G"
      },
      {
        "state": "QLD",
        "price": "450",
        "price_per_unit": "122",
        "price_unit": "G"
      },
      {
        "state": "WA",
        "price": "450",
        "price_per_unit": "122",
        "price_unit": "G"
      },
      {
        "state": "SA",
        "price": "450",
        "price_per_unit": "122",
        "price_unit": "G"
      },
      {
        "state": "TAS",
        "price": "450",
        "price_per_unit": "122",
        "price_unit": "G"
      },
      {
        "state": "ACT",
        "price": "450",
        "price_per_unit": "122",
        "price_unit": "G"
      },
      {
        "state": "NT",
        "price": "450",
        "price_per_unit": "122",
        "price_unit": "G"
      }
    ]
  },
  {
    "source_url": "https://www.woolworths.com.au/shop/productdetails/554397/carman-s-aussie-oat-porridge-sachets-creamy-honey",
    "name": "Carman's Aussie Oat Porridge Sachets Creamy Honey 12 pack",
    "image_url": "https://cdn1.woolworths.media/content/wowproductimages/large/554397.jpg",
    "source_id": "Woolworths - 554397",
    "barcode": "9319133338487",
    "shop": "Woolworths",
    "weight": "100G",
    "prices": [
      {
        "state": "VIC",
        "price": "790",
        "price_per_unit": "165",
        "price_unit": "G"
      },
      {
        "state": "QLD",
        "price": "790",
        "price_per_unit": "165",
        "price_unit": "G"
      },
      {
        "state": "WA",
        "price": "790",
        "price_per_unit": "165",
        "price_unit": "G"
      },
      {
        "state": "SA",
        "price": "790",
        "price_per_unit": "165",
        "price_unit": "G"
      },
      {
        "state": "TAS",
        "price": "790",
        "price_per_unit": "165",
        "price_unit": "G"
      },
      null,
      {
        "state": "NT",
        "price": "790",
        "price_per_unit": "165",
        "price_unit": "G"
      }
    ]
  },
  {
    "source_url": "https://www.woolworths.com.au/shop/productdetails/571136/carman-s-aussie-oat-porridge-sachets-creamy-vanilla",
    "name": "Carman's Aussie Oat Porridge Sachets Creamy Vanilla 12 pack",
    "image_url": "https://cdn1.woolworths.media/content/wowproductimages/large/571136.jpg",
    "source_id": "Woolworths - 571136",
    "barcode": "9319133338463",
    "shop": "Woolworths",
    "weight": "100G",
    "prices": [
      {
        "state": "VIC",
        "price": "790",
        "price_per_unit": "165",
        "price_unit": "G"
      },
      {
        "state": "QLD",
        "price": "790",
        "price_per_unit": "165",
        "price_unit": "G"
      },
      {
        "state": "WA",
        "price": "790",
        "price_per_unit": "165",
        "price_unit": "G"
      },
      {
        "state": "SA",
        "price": "790",
        "price_per_unit": "165",
        "price_unit": "G"
      },
      {
        "state": "TAS",
        "price": "790",
        "price_per_unit": "165",
        "price_unit": "G"
      },
      {
        "state": "ACT",
        "price": "790",
        "price_per_unit": "165",
        "price_unit": "G"
      },
      {
        "state": "NT",
        "price": "790",
        "price_per_unit": "165",
        "price_unit": "G"
      }
    ]
  },
  {
    "source_url": "https://www.woolworths.com.au/shop/productdetails/383773/carman-s-gourmet-clusters-cinnamon-scroll",
    "name": "Carman's Gourmet Clusters Cinnamon Scroll 450g",
    "image_url": "https://cdn1.woolworths.media/content/wowproductimages/large/383773.jpg",
    "source_id": "Woolworths - 383773",
    "barcode": "9319133338043",
    "shop": "Woolworths",
    "weight": "100G",
    "prices": [
      {
        "state": "VIC",
        "price": "650",
        "price_per_unit": "144",
        "price_unit": "G"
      },
      {
        "state": "QLD",
        "price": "650",
        "price_per_unit": "144",
        "price_unit": "G"
      },
      {
        "state": "WA",
        "price": "650",
        "price_per_unit": "144",
        "price_unit": "G"
      },
      {
        "state": "SA",
        "price": "650",
        "price_per_unit": "144",
        "price_unit": "G"
      },
      {
        "state": "TAS",
        "price": "950",
        "price_per_unit": "211",
        "price_unit": "G"
      },
      {
        "state": "ACT",
        "price": "950",
        "price_per_unit": "211",
        "price_unit": "G"
      },
      {
        "state": "NT",
        "price": "950",
        "price_per_unit": "211",
        "price_unit": "G"
      }
    ]
  },
  {
    "source_url": "https://www.woolworths.com.au/shop/productdetails/143191/carman-s-low-sugar-granola-raspberry-coconut",
    "name": "Carman's Granola Raspberry & Coconut Low Sugar 450g",
    "image_url": "https://cdn1.woolworths.media/content/wowproductimages/large/143191.jpg",
    "source_id": "Woolworths - 143191",
    "barcode": "9319133335974",
    "shop": "Woolworths",
    "weight": "100G",
    "prices": [
      {
        "state": "VIC",
        "price": "680",
        "price_per_unit": "151",
        "price_unit": "G"
      },
      {
        "state": "QLD",
        "price": "680",
        "price_per_unit": "151",
        "price_unit": "G"
      },
      {
        "state": "WA",
        "price": "680",
        "price_per_unit": "151",
        "price_unit": "G"
      },
      {
        "state": "SA",
        "price": "680",
        "price_per_unit": "151",
        "price_unit": "G"
      },
      {
        "state": "TAS",
        "price": "850",
        "price_per_unit": "189",
        "price_unit": "G"
      },
      null,
      {
        "state": "NT",
        "price": "850",
        "price_per_unit": "189",
        "price_unit": "G"
      }
    ]
  },
  {
    "source_url": "https://www.woolworths.com.au/shop/productdetails/64137/carman-s-muesli-crispy-deluxe-almond-maple",
    "name": "Carman's Muesli Crispy Deluxe Almond & Maple 400g",
    "image_url": "https://cdn1.woolworths.media/content/wowproductimages/large/064137.jpg",
    "source_id": "Woolworths - 64137",
    "barcode": "9319133334311",
    "shop": "Woolworths",
    "weight": "100G",
    "prices": [
      {
        "state": "VIC",
        "price": "800",
        "price_per_unit": "200",
        "price_unit": "G"
      },
      {
        "state": "QLD",
        "price": "800",
        "price_per_unit": "200",
        "price_unit": "G"
      },
      {
        "state": "WA",
        "price": "800",
        "price_per_unit": "200",
        "price_unit": "G"
      },
      {
        "state": "SA",
        "price": "800",
        "price_per_unit": "200",
        "price_unit": "G"
      },
      {
        "state": "TAS",
        "price": "800",
        "price_per_unit": "200",
        "price_unit": "G"
      },
      {
        "state": "ACT",
        "price": "800",
        "price_per_unit": "200",
        "price_unit": "G"
      },
      {
        "state": "NT",
        "price": "800",
        "price_per_unit": "200",
        "price_unit": "G"
      }
    ]
  },
  {
    "source_url": "https://www.woolworths.com.au/shop/productdetails/146327/carman-s-muesli-natural-bircher-muesli",
    "name": "Carman's Muesli Natural Bircher 500g",
    "image_url": "https://cdn1.woolworths.media/content/wowproductimages/large/146327.jpg",
    "source_id": "Woolworths - 146327",
    "barcode": "9319133331396",
    "shop": "Woolworths",
    "weight": "100G",
    "prices": [
      {
        "state": "VIC",
        "price": "750",
        "price_per_unit": "150",
        "price_unit": "G"
      },
      {
        "state": "QLD",
        "price": "750",
        "price_per_unit": "150",
        "price_unit": "G"
      },
      {
        "state": "WA",
        "price": "750",
        "price_per_unit": "150",
        "price_unit": "G"
      },
      {
        "state": "SA",
        "price": "750",
        "price_per_unit": "150",
        "price_unit": "G"
      },
      {
        "state": "TAS",
        "price": "750",
        "price_per_unit": "150",
        "price_unit": "G"
      },
      {
        "state": "ACT",
        "price": "750",
        "price_per_unit": "150",
        "price_unit": "G"
      },
      {
        "state": "NT",
        "price": "750",
        "price_per_unit": "150",
        "price_unit": "G"
      }
    ]
  },
  {
    "source_url": "https://www.woolworths.com.au/shop/productdetails/146326/carman-s-muesli-toasted-classic-fruit-nut",
    "name": "Carman's Muesli Toasted Classic Fruit & Nut 500g",
    "image_url": "https://cdn1.woolworths.media/content/wowproductimages/large/146326.jpg",
    "source_id": "Woolworths - 146326",
    "barcode": "9319133331389",
    "shop": "Woolworths",
    "weight": "100G",
    "prices": [
      {
        "state": "VIC",
        "price": "750",
        "price_per_unit": "150",
        "price_unit": "G"
      },
      {
        "state": "QLD",
        "price": "750",
        "price_per_unit": "150",
        "price_unit": "G"
      },
      {
        "state": "WA",
        "price": "750",
        "price_per_unit": "150",
        "price_unit": "G"
      },
      {
        "state": "SA",
        "price": "750",
        "price_per_unit": "150",
        "price_unit": "G"
      },
      {
        "state": "TAS",
        "price": "750",
        "price_per_unit": "150",
        "price_unit": "G"
      },
      {
        "state": "ACT",
        "price": "750",
        "price_per_unit": "150",
        "price_unit": "G"
      },
      {
        "state": "NT",
        "price": "750",
        "price_per_unit": "150",
        "price_unit": "G"
      }
    ]
  },
  {
    "source_url": "https://www.woolworths.com.au/shop/productdetails/922530/carman-s-muesli-toasted-super-berry-cranberry-blueberry",
    "name": "Carman's Muesli Toasted Super Berry, Cranberry & Blueberry 500g",
    "image_url": "https://cdn1.woolworths.media/content/wowproductimages/large/922530.jpg",
    "source_id": "Woolworths - 922530",
    "barcode": "9319133333451",
    "shop": "Woolworths",
    "weight": "100G",
    "prices": [
      {
        "state": "VIC",
        "price": "750",
        "price_per_unit": "150",
        "price_unit": "G"
      },
      {
        "state": "QLD",
        "price": "750",
        "price_per_unit": "150",
        "price_unit": "G"
      },
      {
        "state": "WA",
        "price": "750",
        "price_per_unit": "150",
        "price_unit": "G"
      },
      {
        "state": "SA",
        "price": "750",
        "price_per_unit": "150",
        "price_unit": "G"
      },
      {
        "state": "TAS",
        "price": "750",
        "price_per_unit": "150",
        "price_unit": "G"
      },
      {
        "state": "ACT",
        "price": "750",
        "price_per_unit": "150",
        "price_unit": "G"
      },
      {
        "state": "NT",
        "price": "750",
        "price_per_unit": "150",
        "price_unit": "G"
      }
    ]
  },
  {
    "source_url": "https://www.woolworths.com.au/shop/productdetails/687777/carman-s-porridge-sachets-almond-pecan-hazelnut",
    "name": "Carman's Porridge Sachets Almond, Pecan & Hazelnut 8 pack",
    "image_url": "https://cdn1.woolworths.media/content/wowproductimages/large/687777.jpg",
    "source_id": "Woolworths - 687777",
    "barcode": "9319133334656",
    "shop": "Woolworths",
    "weight": "100G",
    "prices": [
      {
        "state": "VIC",
        "price": "750",
        "price_per_unit": "234",
        "price_unit": "G"
      },
      {
        "state": "QLD",
        "price": "750",
        "price_per_unit": "234",
        "price_unit": "G"
      },
      {
        "state": "WA",
        "price": "750",
        "price_per_unit": "234",
        "price_unit": "G"
      },
      {
        "state": "SA",
        "price": "750",
        "price_per_unit": "234",
        "price_unit": "G"
      },
      {
        "state": "TAS",
        "price": "750",
        "price_per_unit": "234",
        "price_unit": "G"
      },
      {
        "state": "ACT",
        "price": "750",
        "price_per_unit": "234",
        "price_unit": "G"
      },
      {
        "state": "NT",
        "price": "750",
        "price_per_unit": "234",
        "price_unit": "G"
      }
    ]
  },
  {
    "source_url": "https://www.woolworths.com.au/shop/productdetails/687790/carman-s-porridge-sachets-natural-5-grain-super-seed",
    "name": "Carman's Porridge Sachets Natural 5 Grain & Super Seed 8 pack",
    "image_url": "https://cdn1.woolworths.media/content/wowproductimages/large/687790.jpg",
    "source_id": "Woolworths - 687790",
    "barcode": "9319133334243",
    "shop": "Woolworths",
    "weight": "100G",
    "prices": [
      {
        "state": "VIC",
        "price": "750",
        "price_per_unit": "234",
        "price_unit": "G"
      },
      {
        "state": "QLD",
        "price": "750",
        "price_per_unit": "234",
        "price_unit": "G"
      },
      {
        "state": "WA",
        "price": "750",
        "price_per_unit": "234",
        "price_unit": "G"
      },
      {
        "state": "SA",
        "price": "750",
        "price_per_unit": "234",
        "price_unit": "G"
      },
      {
        "state": "TAS",
        "price": "750",
        "price_per_unit": "234",
        "price_unit": "G"
      },
      {
        "state": "ACT",
        "price": "750",
        "price_per_unit": "234",
        "price_unit": "G"
      },
      {
        "state": "NT",
        "price": "750",
        "price_per_unit": "234",
        "price_unit": "G"
      }
    ]
  },
  {
    "source_url": "https://www.woolworths.com.au/shop/productdetails/147895/farmer-jo-gluten-free-paleo-granola-salted-maple-cashew",
    "name": "Farmer Jo Gluten Free Paleo Granola Salted Maple Cashew 300g",
    "image_url": "https://cdn1.woolworths.media/content/wowproductimages/large/147895.jpg",
    "source_id": "Woolworths - 147895",
    "barcode": "9346430002308",
    "shop": "Woolworths",
    "weight": "100G",
    "prices": [
      {
        "state": "VIC",
        "price": "1000",
        "price_per_unit": "333",
        "price_unit": "G"
      },
      {
        "state": "QLD",
        "price": "1000",
        "price_per_unit": "333",
        "price_unit": "G"
      },
      {
        "state": "WA",
        "price": "1000",
        "price_per_unit": "333",
        "price_unit": "G"
      },
      {
        "state": "SA",
        "price": "1000",
        "price_per_unit": "333",
        "price_unit": "G"
      },
      {
        "state": "TAS",
        "price": "1000",
        "price_per_unit": "333",
        "price_unit": "G"
      },
      {
        "state": "ACT",
        "price": "850",
        "price_per_unit": "283",
        "price_unit": "G"
      },
      {
        "state": "NT",
        "price": "850",
        "price_per_unit": "283",
        "price_unit": "G"
      }
    ]
  },
  {
    "source_url": "https://www.woolworths.com.au/shop/productdetails/148981/hubbards-cocoa-coconut-toasted-granola",
    "name": "Hubbards Cocoa & Coconut Toasted Granola 450g",
    "image_url": "https://cdn1.woolworths.media/content/wowproductimages/large/148981.jpg",
    "source_id": "Woolworths - 148981",
    "barcode": "9414763003696",
    "shop": "Woolworths",
    "weight": "100G",
    "prices": [
      {
        "state": "VIC",
        "price": "510",
        "price_per_unit": "113",
        "price_unit": "G"
      },
      {
        "state": "QLD",
        "price": "510",
        "price_per_unit": "113",
        "price_unit": "G"
      },
      {
        "state": "WA",
        "price": "510",
        "price_per_unit": "113",
        "price_unit": "G"
      },
      {
        "state": "SA",
        "price": "510",
        "price_per_unit": "113",
        "price_unit": "G"
      },
      null,
      {
        "state": "ACT",
        "price": "850",
        "price_per_unit": "189",
        "price_unit": "G"
      },
      {
        "state": "NT",
        "price": "850",
        "price_per_unit": "189",
        "price_unit": "G"
      }
    ]
  },
  {
    "source_url": "https://www.woolworths.com.au/shop/productdetails/85599/jordans-cluster-bites-milk-chocolate",
    "name": "Jordans Cluster Bites Milk Chocolate 500g",
    "image_url": "https://cdn1.woolworths.media/content/wowproductimages/large/085599.jpg",
    "source_id": "Woolworths - 85599",
    "barcode": "5010477356192",
    "shop": "Woolworths",
    "weight": "100G",
    "prices": [
      {
        "state": "VIC",
        "price": "900",
        "price_per_unit": "180",
        "price_unit": "G"
      },
      {
        "state": "QLD",
        "price": "900",
        "price_per_unit": "180",
        "price_unit": "G"
      },
      {
        "state": "WA",
        "price": "900",
        "price_per_unit": "180",
        "price_unit": "G"
      },
      {
        "state": "SA",
        "price": "900",
        "price_per_unit": "180",
        "price_unit": "G"
      },
      {
        "state": "TAS",
        "price": "900",
        "price_per_unit": "180",
        "price_unit": "G"
      },
      {
        "state": "NT",
        "price": "900",
        "price_per_unit": "180",
        "price_unit": "G"
      }
    ]
  },
  {
    "source_url": "https://www.woolworths.com.au/shop/productdetails/147354/jordans-crispy-oat-clusters-wild-about-berries",
    "name": "Jordans Crispy Oat Clusters Wild About Berries 500g",
    "image_url": "https://cdn1.woolworths.media/content/wowproductimages/large/147354.jpg",
    "source_id": "Woolworths - 147354",
    "barcode": "5010477349637",
    "shop": "Woolworths",
    "weight": "100G",
    "prices": [
      {
        "state": "VIC",
        "price": "900",
        "price_per_unit": "180",
        "price_unit": "G"
      },
      {
        "state": "QLD",
        "price": "900",
        "price_per_unit": "180",
        "price_unit": "G"
      },
      {
        "state": "WA",
        "price": "900",
        "price_per_unit": "180",
        "price_unit": "G"
      },
      {
        "state": "SA",
        "price": "900",
        "price_per_unit": "180",
        "price_unit": "G"
      },
      {
        "state": "TAS",
        "price": "900",
        "price_per_unit": "180",
        "price_unit": "G"
      },
      {
        "state": "NT",
        "price": "900",
        "price_per_unit": "180",
        "price_unit": "G"
      }
    ]
  },
  {
    "source_url": "https://www.woolworths.com.au/shop/productdetails/321862/lowan-quick-whole-grain-oats",
    "name": "Lowan Quick Whole Grain Oats 1kg",
    "image_url": "https://cdn1.woolworths.media/content/wowproductimages/large/321862.jpg",
    "source_id": "Woolworths - 321862",
    "barcode": "9310273275007",
    "shop": "Woolworths",
    "weight": "100G",
    "prices": [
      {
        "state": "VIC",
        "price": "450",
        "price_per_unit": "45",
        "price_unit": "G"
      },
      {
        "state": "QLD",
        "price": "450",
        "price_per_unit": "45",
        "price_unit": "G"
      },
      {
        "state": "WA",
        "price": "450",
        "price_per_unit": "45",
        "price_unit": "G"
      },
      {
        "state": "SA",
        "price": "450",
        "price_per_unit": "45",
        "price_unit": "G"
      },
      {
        "state": "TAS",
        "price": "450",
        "price_per_unit": "45",
        "price_unit": "G"
      },
      {
        "state": "ACT",
        "price": "450",
        "price_per_unit": "45",
        "price_unit": "G"
      },
      {
        "state": "NT",
        "price": "450",
        "price_per_unit": "45",
        "price_unit": "G"
      }
    ]
  },
  {
    "source_url": "https://www.woolworths.com.au/shop/productdetails/149866/uncle-tobys-oats-quick-sachets-apple-cinnamon-porridge",
    "name": "Uncle Tobys Oats Quick Sachets Apple & Cinnamon Porridge 350g",
    "image_url": "https://cdn1.woolworths.media/content/wowproductimages/large/149866.jpg",
    "source_id": "Woolworths - 149866",
    "barcode": "9300605139732",
    "shop": "Woolworths",
    "weight": "100G",
    "prices": [
      {
        "state": "VIC",
        "price": "630",
        "price_per_unit": "180",
        "price_unit": "G"
      },
      {
        "state": "QLD",
        "price": "630",
        "price_per_unit": "180",
        "price_unit": "G"
      },
      {
        "state": "WA",
        "price": "630",
        "price_per_unit": "180",
        "price_unit": "G"
      },
      {
        "state": "SA",
        "price": "630",
        "price_per_unit": "180",
        "price_unit": "G"
      },
      {
        "state": "TAS",
        "price": "630",
        "price_per_unit": "180",
        "price_unit": "G"
      },
      {
        "state": "ACT",
        "price": "630",
        "price_per_unit": "180",
        "price_unit": "G"
      },
      {
        "state": "NT",
        "price": "660",
        "price_per_unit": "189",
        "price_unit": "G"
      }
    ]
  },
  {
    "source_url": "https://www.woolworths.com.au/shop/productdetails/148985/uncle-tobys-oats-quick-sachets-big-bowl-banana-honey-porridge",
    "name": "Uncle Tobys Oats Quick Sachets Big Bowl Banana & Honey Porridge 368g",
    "image_url": "https://cdn1.woolworths.media/content/wowproductimages/large/148985.jpg",
    "source_id": "Woolworths - 148985",
    "barcode": "9300605139756",
    "shop": "Woolworths",
    "weight": "100G",
    "prices": [
      {
        "state": "VIC",
        "price": "500",
        "price_per_unit": "136",
        "price_unit": "G"
      },
      {
        "state": "QLD",
        "price": "500",
        "price_per_unit": "136",
        "price_unit": "G"
      },
      {
        "state": "WA",
        "price": "500",
        "price_per_unit": "136",
        "price_unit": "G"
      },
      {
        "state": "ACT",
        "price": "650",
        "price_per_unit": "177",
        "price_unit": "G"
      },
      {
        "state": "NT",
        "price": "650",
        "price_per_unit": "177",
        "price_unit": "G"
      }
    ]
  },
  {
    "source_url": "https://www.woolworths.com.au/shop/productdetails/148364/uncle-tobys-oats-quick-sachets-creamy-honey-porridge",
    "name": "Uncle Tobys Oats Quick Sachets Creamy Honey Porridge 350g",
    "image_url": "https://cdn1.woolworths.media/content/wowproductimages/large/148364.jpg",
    "source_id": "Woolworths - 148364",
    "barcode": "9300605139619",
    "shop": "Woolworths",
    "weight": "100G",
    "prices": [
      {
        "state": "VIC",
        "price": "630",
        "price_per_unit": "180",
        "price_unit": "G"
      },
      {
        "state": "QLD",
        "price": "630",
        "price_per_unit": "180",
        "price_unit": "G"
      },
      {
        "state": "WA",
        "price": "630",
        "price_per_unit": "180",
        "price_unit": "G"
      },
      {
        "state": "SA",
        "price": "630",
        "price_per_unit": "180",
        "price_unit": "G"
      },
      {
        "state": "TAS",
        "price": "630",
        "price_per_unit": "180",
        "price_unit": "G"
      },
      {
        "state": "ACT",
        "price": "630",
        "price_per_unit": "180",
        "price_unit": "G"
      },
      {
        "state": "NT",
        "price": "660",
        "price_per_unit": "189",
        "price_unit": "G"
      }
    ]
  },
  {
    "source_url": "https://www.woolworths.com.au/shop/productdetails/147588/uncle-tobys-oats-quick-sachets-creamy-vanilla-porridge",
    "name": "Uncle Tobys Oats Quick Sachets Creamy Vanilla Porridge 350g",
    "image_url": "https://cdn1.woolworths.media/content/wowproductimages/large/147588.jpg",
    "source_id": "Woolworths - 147588",
    "barcode": "9300605139657",
    "shop": "Woolworths",
    "weight": "100G",
    "prices": [
      {
        "state": "VIC",
        "price": "630",
        "price_per_unit": "180",
        "price_unit": "G"
      },
      {
        "state": "QLD",
        "price": "630",
        "price_per_unit": "180",
        "price_unit": "G"
      },
      {
        "state": "WA",
        "price": "630",
        "price_per_unit": "180",
        "price_unit": "G"
      },
      {
        "state": "SA",
        "price": "630",
        "price_per_unit": "180",
        "price_unit": "G"
      },
      {
        "state": "TAS",
        "price": "630",
        "price_per_unit": "180",
        "price_unit": "G"
      },
      {
        "state": "ACT",
        "price": "630",
        "price_per_unit": "180",
        "price_unit": "G"
      },
      {
        "state": "NT",
        "price": "660",
        "price_per_unit": "189",
        "price_unit": "G"
      }
    ]
  },
  {
    "source_url": "https://www.woolworths.com.au/shop/productdetails/147896/uncle-tobys-oats-quick-sachets-family-pack-creamy-honey-porridge",
    "name": "Uncle Tobys Oats Quick Sachets Family Pack Creamy Honey Porridge 700g",
    "image_url": "https://cdn1.woolworths.media/content/wowproductimages/large/147896.jpg",
    "source_id": "Woolworths - 147896",
    "barcode": "9300605139688",
    "shop": "Woolworths",
    "weight": "100G",
    "prices": [
      {
        "state": "VIC",
        "price": "950",
        "price_per_unit": "136",
        "price_unit": "G"
      },
      {
        "state": "QLD",
        "price": "950",
        "price_per_unit": "136",
        "price_unit": "G"
      },
      {
        "state": "WA",
        "price": "950",
        "price_per_unit": "136",
        "price_unit": "G"
      },
      {
        "state": "SA",
        "price": "950",
        "price_per_unit": "136",
        "price_unit": "G"
      },
      {
        "state": "TAS",
        "price": "950",
        "price_per_unit": "136",
        "price_unit": "G"
      },
      {
        "state": "ACT",
        "price": "950",
        "price_per_unit": "136",
        "price_unit": "G"
      },
      {
        "state": "NT",
        "price": "950",
        "price_per_unit": "136",
        "price_unit": "G"
      }
    ]
  },
  {
    "source_url": "https://www.woolworths.com.au/shop/productdetails/149502/uncle-tobys-oats-quick-sachets-family-pack-original-porridge",
    "name": "Uncle Tobys Oats Quick Sachets Family Pack Original Porridge 680g",
    "image_url": "https://cdn1.woolworths.media/content/wowproductimages/large/149502.jpg",
    "source_id": "Woolworths - 149502",
    "barcode": "9300605139695",
    "shop": "Woolworths",
    "weight": "100G",
    "prices": [
      {
        "state": "VIC",
        "price": "950",
        "price_per_unit": "140",
        "price_unit": "G"
      },
      {
        "state": "QLD",
        "price": "950",
        "price_per_unit": "140",
        "price_unit": "G"
      },
      {
        "state": "WA",
        "price": "950",
        "price_per_unit": "140",
        "price_unit": "G"
      },
      {
        "state": "SA",
        "price": "950",
        "price_per_unit": "140",
        "price_unit": "G"
      },
      {
        "state": "TAS",
        "price": "950",
        "price_per_unit": "140",
        "price_unit": "G"
      },
      {
        "state": "ACT",
        "price": "950",
        "price_per_unit": "140",
        "price_unit": "G"
      },
      {
        "state": "NT",
        "price": "950",
        "price_per_unit": "140",
        "price_unit": "G"
      }
    ]
  },
  {
    "source_url": "https://www.woolworths.com.au/shop/productdetails/147398/uncle-tobys-oats-quick-sachets-fruit-variety-porridge",
    "name": "Uncle Tobys Oats Quick Sachets Fruit Variety Porridge 350g",
    "image_url": "https://cdn1.woolworths.media/content/wowproductimages/large/147398.jpg",
    "source_id": "Woolworths - 147398",
    "barcode": "9300605139725",
    "shop": "Woolworths",
    "weight": "100G",
    "prices": [
      {
        "state": "VIC",
        "price": "630",
        "price_per_unit": "180",
        "price_unit": "G"
      },
      {
        "state": "QLD",
        "price": "630",
        "price_per_unit": "180",
        "price_unit": "G"
      },
      {
        "state": "WA",
        "price": "630",
        "price_per_unit": "180",
        "price_unit": "G"
      },
      {
        "state": "SA",
        "price": "630",
        "price_per_unit": "180",
        "price_unit": "G"
      },
      {
        "state": "TAS",
        "price": "630",
        "price_per_unit": "180",
        "price_unit": "G"
      },
      {
        "state": "ACT",
        "price": "630",
        "price_per_unit": "180",
        "price_unit": "G"
      },
      {
        "state": "NT",
        "price": "660",
        "price_per_unit": "189",
        "price_unit": "G"
      }
    ]
  },
  {
    "source_url": "https://www.woolworths.com.au/shop/productdetails/204987/uncle-tobys-oats-quick-sachets-original-porridge",
    "name": "Uncle Tobys Oats Quick Sachets Original Porridge 340g",
    "image_url": "https://cdn1.woolworths.media/content/wowproductimages/large/204987.jpg",
    "source_id": "Woolworths - 204987",
    "barcode": "9310060403699",
    "shop": "Woolworths",
    "weight": "100G",
    "prices": [
      {
        "state": "VIC",
        "price": "630",
        "price_per_unit": "185",
        "price_unit": "G"
      },
      {
        "state": "QLD",
        "price": "630",
        "price_per_unit": "185",
        "price_unit": "G"
      },
      {
        "state": "WA",
        "price": "630",
        "price_per_unit": "185",
        "price_unit": "G"
      },
      {
        "state": "SA",
        "price": "630",
        "price_per_unit": "185",
        "price_unit": "G"
      },
      {
        "state": "TAS",
        "price": "630",
        "price_per_unit": "185",
        "price_unit": "G"
      },
      {
        "state": "ACT",
        "price": "630",
        "price_per_unit": "185",
        "price_unit": "G"
      },
      {
        "state": "NT",
        "price": "660",
        "price_per_unit": "194",
        "price_unit": "G"
      }
    ]
  },
  {
    "source_url": "https://www.woolworths.com.au/shop/productdetails/11709/woolworths-fruit-free-toasted-muesli",
    "name": "Woolworths Fruit Free Toasted Muesli 750g",
    "image_url": "https://cdn1.woolworths.media/content/wowproductimages/large/011709.jpg",
    "source_id": "Woolworths - 11709",
    "barcode": "9339687092840",
    "shop": "Woolworths",
    "weight": "100G",
    "prices": [
      {
        "state": "VIC",
        "price": "400",
        "price_per_unit": "53",
        "price_unit": "G"
      },
      {
        "state": "TAS",
        "price": "400",
        "price_per_unit": "53",
        "price_unit": "G"
      },
      {
        "state": "ACT",
        "price": "400",
        "price_per_unit": "53",
        "price_unit": "G"
      },
      {
        "state": "NT",
        "price": "400",
        "price_per_unit": "53",
        "price_unit": "G"
      }
    ]
  },
  {
    "source_url": "https://www.woolworths.com.au/shop/productdetails/739484/woolworths-honey-quick-oats-sachets",
    "name": "Woolworths Honey Quick Oats Sachets 12 Pack",
    "image_url": "https://cdn1.woolworths.media/content/wowproductimages/large/739484.jpg",
    "source_id": "Woolworths - 739484",
    "barcode": "9300633341213",
    "shop": "Woolworths",
    "weight": "100G",
    "prices": [
      {
        "state": "VIC",
        "price": "370",
        "price_per_unit": "88",
        "price_unit": "G"
      },
      {
        "state": "TAS",
        "price": "370",
        "price_per_unit": "88",
        "price_unit": "G"
      },
      {
        "state": "ACT",
        "price": "370",
        "price_per_unit": "88",
        "price_unit": "G"
      },
      {
        "state": "NT",
        "price": "370",
        "price_per_unit": "88",
        "price_unit": "G"
      }
    ]
  },
  {
    "source_url": "https://www.woolworths.com.au/shop/productdetails/743266/woolworths-summer-fruit-muesli",
    "name": "Woolworths Summer Fruit Muesli 750g",
    "image_url": "https://cdn1.woolworths.media/content/wowproductimages/large/743266.jpg",
    "source_id": "Woolworths - 743266",
    "barcode": "9300633364274",
    "shop": "Woolworths",
    "weight": "100G",
    "prices": [
      {
        "state": "VIC",
        "price": "400",
        "price_per_unit": "53",
        "price_unit": "G"
      },
      {
        "state": "TAS",
        "price": "400",
        "price_per_unit": "53",
        "price_unit": "G"
      },
      {
        "state": "NT",
        "price": "400",
        "price_per_unit": "53",
        "price_unit": "G"
      }
    ]
  },
  {
    "source_url": "https://www.woolworths.com.au/shop/productdetails/304776/irrewarra-all-natural-granola-original",
    "name": "Irrewarra All Natural Granola Original 500g",
    "image_url": "https://cdn1.woolworths.media/content/wowproductimages/large/304776.jpg",
    "source_id": "Woolworths - 304776",
    "barcode": "9335840000141",
    "shop": "Woolworths",
    "weight": "100G",
    "prices": [
      {
        "state": "VIC",
        "price": "1500",
        "price_per_unit": "300",
        "price_unit": "G"
      },
      {
        "state": "SA",
        "price": "1500",
        "price_per_unit": "300",
        "price_unit": "G"
      },
      {
        "state": "TAS",
        "price": "1500",
        "price_per_unit": "300",
        "price_unit": "G"
      },
      {
        "state": "ACT",
        "price": "1500",
        "price_per_unit": "300",
        "price_unit": "G"
      },
      {
        "state": "TAS",
        "price": "1500",
        "price_per_unit": "300",
        "price_unit": "G"
      },
      {
        "state": "ACT",
        "price": "1500",
        "price_per_unit": "300",
        "price_unit": "G"
      }
    ]
  },
  {
    "source_url": "https://www.woolworths.com.au/shop/productdetails/210092/freshness-fine-foods-cocoa-chia-granola",
    "name": "Freshness Fine Foods Cocoa & Chia Granola 450g",
    "image_url": "https://cdn1.woolworths.media/content/wowproductimages/large/210092.jpg",
    "source_id": "Woolworths - 210092",
    "barcode": "9343636000671",
    "shop": "Woolworths",
    "weight": "100G",
    "prices": [
      {
        "state": "SA",
        "price": "1500",
        "price_per_unit": "333",
        "price_unit": "G"
      },
      {
        "state": "TAS",
        "price": "1500",
        "price_per_unit": "333",
        "price_unit": "G"
      },
      {
        "state": "ACT",
        "price": "1500",
        "price_per_unit": "333",
        "price_unit": "G"
      }
    ]
  },
  {
    "source_url": "https://www.woolworths.com.au/shop/productdetails/888884/irrewarra-granola-fruit-free-just-chunks",
    "name": "Irrewarra Granola Fruit Free 500g",
    "image_url": "https://cdn1.woolworths.media/content/wowproductimages/large/888884.jpg",
    "source_id": "Woolworths - 888884",
    "barcode": "9335840000356",
    "shop": "Woolworths",
    "weight": "100G",
    "prices": [
      {
        "state": "SA",
        "price": "1500",
        "price_per_unit": "300",
        "price_unit": "G"
      },
      {
        "state": "TAS",
        "price": "1500",
        "price_per_unit": "300",
        "price_unit": "G"
      },
      {
        "state": "ACT",
        "price": "1500",
        "price_per_unit": "300",
        "price_unit": "G"
      }
    ]
  },
  {
    "source_url": "https://www.woolworths.com.au/shop/productdetails/345074/sonoma-honey-spice-granola",
    "name": "Sonoma Honey Spice Granola 500g",
    "image_url": "https://cdn1.woolworths.media/content/wowproductimages/large/345074.jpg",
    "source_id": "Woolworths - 345074",
    "barcode": "9340078000139",
    "shop": "Woolworths",
    "weight": "100G",
    "prices": [
      {
        "state": "SA",
        "price": "1170",
        "price_per_unit": "234",
        "price_unit": "G"
      },
      {
        "state": "ACT",
        "price": "1170",
        "price_per_unit": "234",
        "price_unit": "G"
      }
    ]
  },
  {
    "source_url": "https://www.woolworths.com.au/shop/productdetails/345076/sonoma-spelt-maple-almond-muesli",
    "name": "Sonoma Spelt Maple & Almond Muesli 500g",
    "image_url": "https://cdn1.woolworths.media/content/wowproductimages/large/345076.jpg",
    "source_id": "Woolworths - 345076",
    "barcode": "9340078000122",
    "shop": "Woolworths",
    "weight": "100G",
    "prices": [
      {
        "state": "SA",
        "price": "1480",
        "price_per_unit": "296",
        "price_unit": "G"
      },
      {
        "state": "ACT",
        "price": "1480",
        "price_per_unit": "296",
        "price_unit": "G"
      }
    ]
  }
]