[
  {
    "source_url": "https://www.woolworths.com.au/shop/productdetails/203086/artisanology-caramelised-fig-honey-vanilla-balsamic",
    "name": "Artisanology Caramelised  Fig Honey Vanilla Balsamic 250ml",
    "image_url": "https://cdn1.woolworths.media/content/wowproductimages/large/203086.jpg",
    "source_id": "Woolworths - 203086",
    "barcode": "9318939001670",
    "shop": "Woolworths",
    "weight": "100ML",
    "prices": [
      {
        "state": "NSW",
        "price": "1250",
        "price_per_unit": "500",
        "price_unit": "ML"
      },
      {
        "state": "VIC",
        "price": "1250",
        "price_per_unit": "500",
        "price_unit": "ML"
      },
      {
        "state": "QLD",
        "price": "1250",
        "price_per_unit": "500",
        "price_unit": "ML"
      },
      {
        "state": "WA",
        "price": "1250",
        "price_per_unit": "500",
        "price_unit": "ML"
      },
      {
        "state": "SA",
        "price": "1250",
        "price_per_unit": "500",
        "price_unit": "ML"
      },
      {
        "state": "TAS",
        "price": "1090",
        "price_per_unit": "436",
        "price_unit": "ML"
      },
      {
        "state": "ACT",
        "price": "1090",
        "price_per_unit": "436",
        "price_unit": "ML"
      }
    ]
  },
  {
    "source_url": "https://www.woolworths.com.au/shop/productdetails/203029/artisanology-caramelised-truffle-balsamic-dressing",
    "name": "Artisanology Caramelised Truffle Balsamic Dressing 100ml",
    "image_url": "https://cdn1.woolworths.media/content/wowproductimages/large/203029.jpg",
    "source_id": "Woolworths - 203029",
    "barcode": "9318939001595",
    "shop": "Woolworths",
    "weight": "100ML",
    "prices": [
      {
        "state": "NSW",
        "price": "1700",
        "price_per_unit": "1700",
        "price_unit": "ML"
      },
      {
        "state": "QLD",
        "price": "1700",
        "price_per_unit": "1700",
        "price_unit": "ML"
      },
      {
        "state": "WA",
        "price": "1700",
        "price_per_unit": "1700",
        "price_unit": "ML"
      },
      {
        "state": "SA",
        "price": "1700",
        "price_per_unit": "1700",
        "price_unit": "ML"
      },
      {
        "state": "TAS",
        "price": "1450",
        "price_per_unit": "1450",
        "price_unit": "ML"
      },
      {
        "state": "ACT",
        "price": "1450",
        "price_per_unit": "1450",
        "price_unit": "ML"
      }
    ]
  },
  {
    "source_url": "https://www.woolworths.com.au/shop/productdetails/1074721292/australian-bush-spices-kunzea-honey-mustard-sunrise-lime-mango-dressing",
    "name": "Australian Bush Spices Kunzea/Honey Mustard, Sunrise Lime/Mango Dressing",
    "image_url": "https://cdn1.woolworths.media/content/wowproductimages/large/1074721292.jpg",
    "source_id": "Woolworths - 1074721292",
    "barcode": null,
    "shop": "Woolworths",
    "weight": "1EA",
    "prices": [
      {
        "state": "NSW",
        "price": "4050",
        "price_per_unit": "2025",
        "price_unit": "EA"
      },
      {
        "state": "VIC",
        "price": "4050",
        "price_per_unit": "2025",
        "price_unit": "EA"
      },
      {
        "state": "QLD",
        "price": "4050",
        "price_per_unit": "2025",
        "price_unit": "EA"
      },
      {
        "state": "WA",
        "price": "4050",
        "price_per_unit": "2025",
        "price_unit": "EA"
      },
      {
        "state": "SA",
        "price": "4050",
        "price_per_unit": "2025",
        "price_unit": "EA"
      },
      {
        "state": "TAS",
        "price": "4050",
        "price_per_unit": "2025",
        "price_unit": "EA"
      },
      {
        "state": "ACT",
        "price": "4050",
        "price_per_unit": "2025",
        "price_unit": "EA"
      },
      {
        "state": "NT",
        "price": "4050",
        "price_per_unit": "2025",
        "price_unit": "EA"
      }
    ]
  },
  {
    "source_url": "https://www.woolworths.com.au/shop/productdetails/1074424906/australian-bush-spices-sunrise-lime-and-mango-salad-dressing-250ml-2pk",
    "name": "Australian Bush Spices Sunrise Lime and Mango Salad Dressing 250ml 2PK",
    "image_url": "https://cdn1.woolworths.media/content/wowproductimages/large/1074424906.jpg",
    "source_id": "Woolworths - 1074424906",
    "barcode": null,
    "shop": "Woolworths",
    "weight": "1EA",
    "prices": [
      {
        "state": "NSW",
        "price": "3780",
        "price_per_unit": "3780",
        "price_unit": "EA"
      },
      {
        "state": "VIC",
        "price": "3780",
        "price_per_unit": "3780",
        "price_unit": "EA"
      },
      {
        "state": "QLD",
        "price": "3780",
        "price_per_unit": "3780",
        "price_unit": "EA"
      },
      {
        "state": "WA",
        "price": "3780",
        "price_per_unit": "3780",
        "price_unit": "EA"
      },
      {
        "state": "SA",
        "price": "3780",
        "price_per_unit": "3780",
        "price_unit": "EA"
      },
      {
        "state": "TAS",
        "price": "3780",
        "price_per_unit": "3780",
        "price_unit": "EA"
      },
      {
        "state": "ACT",
        "price": "3780",
        "price_per_unit": "3780",
        "price_unit": "EA"
      },
      {
        "state": "NT",
        "price": "3780",
        "price_per_unit": "3780",
        "price_unit": "EA"
      }
    ]
  },
  {
    "source_url": "https://www.woolworths.com.au/shop/productdetails/1074424907/australian-bush-spices-white-kunzea-honey-mustard-salad-dressing-250ml-2pk",
    "name": "Australian Bush Spices White Kunzea & Honey Mustard Salad Dressing 250ml 2PK",
    "image_url": "https://cdn1.woolworths.media/content/wowproductimages/large/1074424907.jpg",
    "source_id": "Woolworths - 1074424907",
    "barcode": null,
    "shop": "Woolworths",
    "weight": "1EA",
    "prices": [
      {
        "state": "NSW",
        "price": "4320",
        "price_per_unit": "4320",
        "price_unit": "EA"
      },
      {
        "state": "VIC",
        "price": "4320",
        "price_per_unit": "4320",
        "price_unit": "EA"
      },
      {
        "state": "QLD",
        "price": "4320",
        "price_per_unit": "4320",
        "price_unit": "EA"
      },
      {
        "state": "WA",
        "price": "4320",
        "price_per_unit": "4320",
        "price_unit": "EA"
      },
      {
        "state": "SA",
        "price": "4320",
        "price_per_unit": "4320",
        "price_unit": "EA"
      },
      {
        "state": "TAS",
        "price": "4320",
        "price_per_unit": "4320",
        "price_unit": "EA"
      },
      {
        "state": "ACT",
        "price": "4320",
        "price_per_unit": "4320",
        "price_unit": "EA"
      },
      {
        "state": "NT",
        "price": "4320",
        "price_per_unit": "4320",
        "price_unit": "EA"
      }
    ]
  },
  {
    "source_url": "https://www.woolworths.com.au/shop/productdetails/710194/birch-waite-creamy-caesar-dressing",
    "name": "Birch & Waite Creamy Caesar Dressing 250ml",
    "image_url": "https://cdn1.woolworths.media/content/wowproductimages/large/710194.jpg",
    "source_id": "Woolworths - 710194",
    "barcode": "9300786050079",
    "shop": "Woolworths",
    "weight": "100ML",
    "prices": [
      {
        "state": "NSW",
        "price": "600",
        "price_per_unit": "240",
        "price_unit": "ML"
      },
      {
        "state": "VIC",
        "price": "600",
        "price_per_unit": "240",
        "price_unit": "ML"
      },
      {
        "state": "QLD",
        "price": "600",
        "price_per_unit": "240",
        "price_unit": "ML"
      },
      {
        "state": "WA",
        "price": "600",
        "price_per_unit": "240",
        "price_unit": "ML"
      },
      {
        "state": "SA",
        "price": "600",
        "price_per_unit": "240",
        "price_unit": "ML"
      },
      {
        "state": "TAS",
        "price": "550",
        "price_per_unit": "220",
        "price_unit": "ML"
      },
      {
        "state": "ACT",
        "price": "550",
        "price_per_unit": "220",
        "price_unit": "ML"
      },
      {
        "state": "NT",
        "price": "550",
        "price_per_unit": "220",
        "price_unit": "ML"
      }
    ]
  },
  {
    "source_url": "https://www.woolworths.com.au/shop/productdetails/710191/birch-waite-greek-lemon-dressing",
    "name": "Birch & Waite Greek Lemon Dressing 250ml",
    "image_url": "https://cdn1.woolworths.media/content/wowproductimages/large/710191.jpg",
    "source_id": "Woolworths - 710191",
    "barcode": "9300786050109",
    "shop": "Woolworths",
    "weight": "100ML",
    "prices": [
      {
        "state": "NSW",
        "price": "600",
        "price_per_unit": "240",
        "price_unit": "ML"
      },
      {
        "state": "VIC",
        "price": "600",
        "price_per_unit": "240",
        "price_unit": "ML"
      },
      {
        "state": "QLD",
        "price": "600",
        "price_per_unit": "240",
        "price_unit": "ML"
      },
      {
        "state": "WA",
        "price": "600",
        "price_per_unit": "240",
        "price_unit": "ML"
      },
      {
        "state": "SA",
        "price": "600",
        "price_per_unit": "240",
        "price_unit": "ML"
      },
      {
        "state": "TAS",
        "price": "550",
        "price_per_unit": "220",
        "price_unit": "ML"
      },
      {
        "state": "ACT",
        "price": "550",
        "price_per_unit": "220",
        "price_unit": "ML"
      },
      {
        "state": "NT",
        "price": "550",
        "price_per_unit": "220",
        "price_unit": "ML"
      }
    ]
  },
  {
    "source_url": "https://www.woolworths.com.au/shop/productdetails/802495/birch-waite-green-goddess-dressing-sauce",
    "name": "Birch & Waite Green Goddess Dressing & Sauce 250ml",
    "image_url": "https://cdn1.woolworths.media/content/wowproductimages/large/802495.jpg",
    "source_id": "Woolworths - 802495",
    "barcode": "9300786060290",
    "shop": "Woolworths",
    "weight": "100ML",
    "prices": [
      {
        "state": "VIC",
        "price": "600",
        "price_per_unit": "240",
        "price_unit": "ML"
      },
      {
        "state": "QLD",
        "price": "600",
        "price_per_unit": "240",
        "price_unit": "ML"
      },
      {
        "state": "WA",
        "price": "600",
        "price_per_unit": "240",
        "price_unit": "ML"
      },
      {
        "state": "SA",
        "price": "600",
        "price_per_unit": "240",
        "price_unit": "ML"
      },
      {
        "state": "TAS",
        "price": "550",
        "price_per_unit": "220",
        "price_unit": "ML"
      },
      {
        "state": "ACT",
        "price": "550",
        "price_per_unit": "220",
        "price_unit": "ML"
      },
      {
        "state": "NT",
        "price": "550",
        "price_per_unit": "220",
        "price_unit": "ML"
      }
    ]
  },
  {
    "source_url": "https://www.woolworths.com.au/shop/productdetails/289349/birch-waite-honey-mustard-dressing-sauce",
    "name": "Birch & Waite Honey Mustard Dressing Sauce 250ml",
    "image_url": "https://cdn1.woolworths.media/content/wowproductimages/large/289349.jpg",
    "source_id": "Woolworths - 289349",
    "barcode": "9300786666010",
    "shop": "Woolworths",
    "weight": "100ML",
    "prices": [
      {
        "state": "VIC",
        "price": "600",
        "price_per_unit": "240",
        "price_unit": "ML"
      },
      {
        "state": "QLD",
        "price": "600",
        "price_per_unit": "240",
        "price_unit": "ML"
      },
      {
        "state": "WA",
        "price": "600",
        "price_per_unit": "240",
        "price_unit": "ML"
      },
      {
        "state": "SA",
        "price": "600",
        "price_per_unit": "240",
        "price_unit": "ML"
      },
      {
        "state": "TAS",
        "price": "550",
        "price_per_unit": "220",
        "price_unit": "ML"
      },
      {
        "state": "ACT",
        "price": "550",
        "price_per_unit": "220",
        "price_unit": "ML"
      },
      {
        "state": "NT",
        "price": "550",
        "price_per_unit": "220",
        "price_unit": "ML"
      }
    ]
  },
  {
    "source_url": "https://www.woolworths.com.au/shop/productdetails/209676/birch-waite-lime-chipotle-dressing-sauce",
    "name": "Birch & Waite Lime Chipotle Dressing & Sauce 250ml",
    "image_url": "https://cdn1.woolworths.media/content/wowproductimages/large/209676.jpg",
    "source_id": "Woolworths - 209676",
    "barcode": "9300786065660",
    "shop": "Woolworths",
    "weight": "100ML",
    "prices": [
      {
        "state": "VIC",
        "price": "600",
        "price_per_unit": "240",
        "price_unit": "ML"
      },
      {
        "state": "QLD",
        "price": "600",
        "price_per_unit": "240",
        "price_unit": "ML"
      },
      {
        "state": "WA",
        "price": "600",
        "price_per_unit": "240",
        "price_unit": "ML"
      },
      {
        "state": "SA",
        "price": "600",
        "price_per_unit": "240",
        "price_unit": "ML"
      },
      {
        "state": "TAS",
        "price": "550",
        "price_per_unit": "220",
        "price_unit": "ML"
      },
      {
        "state": "ACT",
        "price": "550",
        "price_per_unit": "220",
        "price_unit": "ML"
      },
      {
        "state": "NT",
        "price": "550",
        "price_per_unit": "220",
        "price_unit": "ML"
      }
    ]
  },
  {
    "source_url": "https://www.woolworths.com.au/shop/productdetails/677857/birch-waite-roasted-sesame-dressing",
    "name": "Birch & Waite Roasted Sesame Dressing 250mL",
    "image_url": "https://cdn1.woolworths.media/content/wowproductimages/large/677857.jpg",
    "source_id": "Woolworths - 677857",
    "barcode": "9300786667024",
    "shop": "Woolworths",
    "weight": "100ML",
    "prices": [
      {
        "state": "VIC",
        "price": "600",
        "price_per_unit": "240",
        "price_unit": "ML"
      },
      {
        "state": "SA",
        "price": "600",
        "price_per_unit": "240",
        "price_unit": "ML"
      },
      {
        "state": "TAS",
        "price": "550",
        "price_per_unit": "220",
        "price_unit": "ML"
      },
      {
        "state": "ACT",
        "price": "550",
        "price_per_unit": "220",
        "price_unit": "ML"
      },
      {
        "state": "NT",
        "price": "550",
        "price_per_unit": "220",
        "price_unit": "ML"
      }
    ]
  },
  {
    "source_url": "https://www.woolworths.com.au/shop/productdetails/883612/birch-waite-salad-dressing-greek-yoghurt-feta-dill",
    "name": "Birch & Waite Salad Dressing Greek Yoghurt Feta & Dill 250ml",
    "image_url": "https://cdn1.woolworths.media/content/wowproductimages/large/883612.jpg",
    "source_id": "Woolworths - 883612",
    "barcode": "9300786054763",
    "shop": "Woolworths",
    "weight": "100ML",
    "prices": [
      {
        "state": "NSW",
        "price": "600",
        "price_per_unit": "240",
        "price_unit": "ML"
      },
      {
        "state": "VIC",
        "price": "600",
        "price_per_unit": "240",
        "price_unit": "ML"
      },
      {
        "state": "QLD",
        "price": "600",
        "price_per_unit": "240",
        "price_unit": "ML"
      },
      {
        "state": "WA",
        "price": "600",
        "price_per_unit": "240",
        "price_unit": "ML"
      },
      {
        "state": "SA",
        "price": "600",
        "price_per_unit": "240",
        "price_unit": "ML"
      },
      {
        "state": "TAS",
        "price": "550",
        "price_per_unit": "220",
        "price_unit": "ML"
      },
      {
        "state": "ACT",
        "price": "550",
        "price_per_unit": "220",
        "price_unit": "ML"
      },
      {
        "state": "NT",
        "price": "550",
        "price_per_unit": "220",
        "price_unit": "ML"
      }
    ]
  },
  {
    "source_url": "https://www.woolworths.com.au/shop/productdetails/964222/birch-waite-spiced-tahini-dressing",
    "name": "Birch & Waite Spiced Tahini Dressing 250mL",
    "image_url": "https://cdn1.woolworths.media/content/wowproductimages/large/964222.jpg",
    "source_id": "Woolworths - 964222",
    "barcode": "9300786667406",
    "shop": "Woolworths",
    "weight": "100ML",
    "prices": [
      {
        "state": "NSW",
        "price": "600",
        "price_per_unit": "240",
        "price_unit": "ML"
      },
      {
        "state": "VIC",
        "price": "600",
        "price_per_unit": "240",
        "price_unit": "ML"
      },
      {
        "state": "QLD",
        "price": "600",
        "price_per_unit": "240",
        "price_unit": "ML"
      },
      {
        "state": "WA",
        "price": "600",
        "price_per_unit": "240",
        "price_unit": "ML"
      },
      {
        "state": "SA",
        "price": "600",
        "price_per_unit": "240",
        "price_unit": "ML"
      },
      {
        "state": "TAS",
        "price": "550",
        "price_per_unit": "220",
        "price_unit": "ML"
      },
      {
        "state": "ACT",
        "price": "550",
        "price_per_unit": "220",
        "price_unit": "ML"
      },
      {
        "state": "NT",
        "price": "550",
        "price_per_unit": "220",
        "price_unit": "ML"
      }
    ]
  },
  {
    "source_url": "https://www.woolworths.com.au/shop/productdetails/118275/birch-waite-yoghurt-ranch-dressing-dip",
    "name": "Birch & Waite Yoghurt Ranch Dressing & Dip 250ml",
    "image_url": "https://cdn1.woolworths.media/content/wowproductimages/large/118275.jpg",
    "source_id": "Woolworths - 118275",
    "barcode": "9300786062775",
    "shop": "Woolworths",
    "weight": "100ML",
    "prices": [
      {
        "state": "NSW",
        "price": "600",
        "price_per_unit": "240",
        "price_unit": "ML"
      },
      {
        "state": "VIC",
        "price": "600",
        "price_per_unit": "240",
        "price_unit": "ML"
      },
      {
        "state": "QLD",
        "price": "600",
        "price_per_unit": "240",
        "price_unit": "ML"
      },
      {
        "state": "WA",
        "price": "600",
        "price_per_unit": "240",
        "price_unit": "ML"
      },
      {
        "state": "SA",
        "price": "600",
        "price_per_unit": "240",
        "price_unit": "ML"
      },
      {
        "state": "TAS",
        "price": "550",
        "price_per_unit": "220",
        "price_unit": "ML"
      },
      {
        "state": "ACT",
        "price": "550",
        "price_per_unit": "220",
        "price_unit": "ML"
      },
      {
        "state": "NT",
        "price": "550",
        "price_per_unit": "220",
        "price_unit": "ML"
      }
    ]
  },
  {
    "source_url": "https://www.woolworths.com.au/shop/productdetails/239522/caravan-foods-salad-topper-original-crouton",
    "name": "Caravan Foods Salad Topper Original Crouton 80g",
    "image_url": "https://cdn1.woolworths.media/content/wowproductimages/large/239522.jpg",
    "source_id": "Woolworths - 239522",
    "barcode": "9342937005828",
    "shop": "Woolworths",
    "weight": "100G",
    "prices": [
      {
        "state": "NSW",
        "price": "400",
        "price_per_unit": "500",
        "price_unit": "G"
      },
      {
        "state": "VIC",
        "price": "400",
        "price_per_unit": "500",
        "price_unit": "G"
      },
      {
        "state": "QLD",
        "price": "400",
        "price_per_unit": "500",
        "price_unit": "G"
      },
      {
        "state": "WA",
        "price": "400",
        "price_per_unit": "500",
        "price_unit": "G"
      },
      {
        "state": "SA",
        "price": "400",
        "price_per_unit": "500",
        "price_unit": "G"
      },
      {
        "state": "TAS",
        "price": "400",
        "price_per_unit": "500",
        "price_unit": "G"
      },
      {
        "state": "ACT",
        "price": "250",
        "price_per_unit": "313",
        "price_unit": "G"
      },
      {
        "state": "NT",
        "price": "420",
        "price_per_unit": "525",
        "price_unit": "G"
      }
    ]
  },
  {
    "source_url": "https://www.woolworths.com.au/shop/productdetails/16928/cornwell-s-white-vinegar-white",
    "name": "Cornwell's White Vinegar White 750ml",
    "image_url": "https://cdn1.woolworths.media/content/wowproductimages/large/016928.jpg",
    "source_id": "Woolworths - 16928",
    "barcode": "9310159531906",
    "shop": "Woolworths",
    "weight": "100ML",
    "prices": [
      {
        "state": "NSW",
        "price": "250",
        "price_per_unit": "33",
        "price_unit": "ML"
      },
      {
        "state": "VIC",
        "price": "250",
        "price_per_unit": "33",
        "price_unit": "ML"
      },
      {
        "state": "QLD",
        "price": "250",
        "price_per_unit": "33",
        "price_unit": "ML"
      },
      {
        "state": "WA",
        "price": "250",
        "price_per_unit": "33",
        "price_unit": "ML"
      },
      {
        "state": "SA",
        "price": "250",
        "price_per_unit": "33",
        "price_unit": "ML"
      },
      {
        "state": "TAS",
        "price": "350",
        "price_per_unit": "47",
        "price_unit": "ML"
      },
      {
        "state": "ACT",
        "price": "350",
        "price_per_unit": "47",
        "price_unit": "ML"
      },
      {
        "state": "NT",
        "price": "350",
        "price_per_unit": "47",
        "price_unit": "ML"
      }
    ]
  },
  {
    "source_url": "https://www.woolworths.com.au/shop/productdetails/30322/essentials-brown-vinegar",
    "name": "Essentials Brown Vinegar 1l",
    "image_url": "https://cdn1.woolworths.media/content/wowproductimages/large/030322.jpg",
    "source_id": "Woolworths - 30322",
    "barcode": "9300633614034",
    "shop": "Woolworths",
    "weight": "100ML",
    "prices": [
      {
        "state": "NSW",
        "price": "150",
        "price_per_unit": "15",
        "price_unit": "ML"
      },
      {
        "state": "VIC",
        "price": "150",
        "price_per_unit": "15",
        "price_unit": "ML"
      },
      {
        "state": "QLD",
        "price": "150",
        "price_per_unit": "15",
        "price_unit": "ML"
      },
      {
        "state": "WA",
        "price": "150",
        "price_per_unit": "15",
        "price_unit": "ML"
      },
      {
        "state": "SA",
        "price": "150",
        "price_per_unit": "15",
        "price_unit": "ML"
      },
      {
        "state": "TAS",
        "price": "150",
        "price_per_unit": "15",
        "price_unit": "ML"
      },
      {
        "state": "ACT",
        "price": "150",
        "price_per_unit": "15",
        "price_unit": "ML"
      },
      {
        "state": "NT",
        "price": "160",
        "price_per_unit": "16",
        "price_unit": "ML"
      }
    ]
  },
  {
    "source_url": "https://www.woolworths.com.au/shop/productdetails/94706/essentials-white-vinegar",
    "name": "Essentials White Vinegar 2l",
    "image_url": "https://cdn1.woolworths.media/content/wowproductimages/large/094706.jpg",
    "source_id": "Woolworths - 94706",
    "barcode": "9300633947064",
    "shop": "Woolworths",
    "weight": "100ML",
    "prices": [
      {
        "state": "NSW",
        "price": "185",
        "price_per_unit": "9",
        "price_unit": "ML"
      },
      {
        "state": "VIC",
        "price": "185",
        "price_per_unit": "9",
        "price_unit": "ML"
      },
      {
        "state": "QLD",
        "price": "185",
        "price_per_unit": "9",
        "price_unit": "ML"
      },
      {
        "state": "WA",
        "price": "185",
        "price_per_unit": "9",
        "price_unit": "ML"
      },
      {
        "state": "SA",
        "price": "185",
        "price_per_unit": "9",
        "price_unit": "ML"
      },
      {
        "state": "TAS",
        "price": "185",
        "price_per_unit": "9",
        "price_unit": "ML"
      },
      {
        "state": "ACT",
        "price": "185",
        "price_per_unit": "9",
        "price_unit": "ML"
      },
      {
        "state": "NT",
        "price": "195",
        "price_per_unit": "10",
        "price_unit": "ML"
      }
    ]
  },
  {
    "source_url": "https://www.woolworths.com.au/shop/productdetails/35067/heinz-salad-cream-with-natural-flavours-no-preservatives",
    "name": "Heinz Salad Cream With Natural Flavours & No Preservatives 250g",
    "image_url": "https://cdn1.woolworths.media/content/wowproductimages/large/035067.jpg",
    "source_id": "Woolworths - 35067",
    "barcode": "93657778",
    "shop": "Woolworths",
    "weight": "100G",
    "prices": [
      {
        "state": "NSW",
        "price": "400",
        "price_per_unit": "160",
        "price_unit": "G"
      },
      {
        "state": "VIC",
        "price": "400",
        "price_per_unit": "160",
        "price_unit": "G"
      },
      {
        "state": "QLD",
        "price": "400",
        "price_per_unit": "160",
        "price_unit": "G"
      },
      {
        "state": "WA",
        "price": "400",
        "price_per_unit": "160",
        "price_unit": "G"
      },
      {
        "state": "SA",
        "price": "400",
        "price_per_unit": "160",
        "price_unit": "G"
      },
      {
        "state": "TAS",
        "price": "400",
        "price_per_unit": "160",
        "price_unit": "G"
      },
      {
        "state": "ACT",
        "price": "400",
        "price_per_unit": "160",
        "price_unit": "G"
      },
      {
        "state": "NT",
        "price": "420",
        "price_per_unit": "168",
        "price_unit": "G"
      },
      {
        "state": "NT",
        "price": "400",
        "price_per_unit": "160",
        "price_unit": "G"
      }
    ]
  },
  {
    "source_url": "https://www.woolworths.com.au/shop/productdetails/706158/heinz-seriously-good-garlic-aioli-mayonnaise-mayo",
    "name": "Heinz Seriously Good Garlic Aioli Mayonnaise Mayo 295ml",
    "image_url": "https://cdn1.woolworths.media/content/wowproductimages/large/706158.jpg",
    "source_id": "Woolworths - 706158",
    "barcode": "9300657021450",
    "shop": "Woolworths",
    "weight": "100ML",
    "prices": [
      {
        "state": "NSW",
        "price": "550",
        "price_per_unit": "186",
        "price_unit": "ML"
      },
      {
        "state": "VIC",
        "price": "550",
        "price_per_unit": "186",
        "price_unit": "ML"
      },
      {
        "state": "QLD",
        "price": "550",
        "price_per_unit": "186",
        "price_unit": "ML"
      },
      {
        "state": "WA",
        "price": "550",
        "price_per_unit": "186",
        "price_unit": "ML"
      },
      {
        "state": "SA",
        "price": "550",
        "price_per_unit": "186",
        "price_unit": "ML"
      },
      {
        "state": "TAS",
        "price": "550",
        "price_per_unit": "186",
        "price_unit": "ML"
      },
      {
        "state": "ACT",
        "price": "450",
        "price_per_unit": "153",
        "price_unit": "ML"
      },
      {
        "state": "NT",
        "price": "480",
        "price_per_unit": "163",
        "price_unit": "ML"
      },
      {
        "state": "NT",
        "price": "450",
        "price_per_unit": "153",
        "price_unit": "ML"
      }
    ]
  },
  {
    "source_url": "https://www.woolworths.com.au/shop/productdetails/799459/heinz-seriously-good-mayonnaise-garlic-aioli-mayo",
    "name": "Heinz Seriously Good Mayonnaise Garlic Aioli Mayo 500ml",
    "image_url": "https://cdn1.woolworths.media/content/wowproductimages/large/799459.jpg",
    "source_id": "Woolworths - 799459",
    "barcode": "9300657021870",
    "shop": "Woolworths",
    "weight": "100ML",
    "prices": [
      {
        "state": "NSW",
        "price": "650",
        "price_per_unit": "130",
        "price_unit": "ML"
      },
      {
        "state": "VIC",
        "price": "650",
        "price_per_unit": "130",
        "price_unit": "ML"
      },
      {
        "state": "QLD",
        "price": "650",
        "price_per_unit": "130",
        "price_unit": "ML"
      },
      {
        "state": "WA",
        "price": "650",
        "price_per_unit": "130",
        "price_unit": "ML"
      },
      {
        "state": "SA",
        "price": "650",
        "price_per_unit": "130",
        "price_unit": "ML"
      },
      {
        "state": "TAS",
        "price": "650",
        "price_per_unit": "130",
        "price_unit": "ML"
      },
      {
        "state": "ACT",
        "price": "830",
        "price_per_unit": "166",
        "price_unit": "ML"
      },
      {
        "state": "NT",
        "price": "870",
        "price_per_unit": "174",
        "price_unit": "ML"
      },
      {
        "state": "NT",
        "price": "830",
        "price_per_unit": "166",
        "price_unit": "ML"
      }
    ]
  },
  {
    "source_url": "https://www.woolworths.com.au/shop/productdetails/535642/heinz-seriously-good-mayonnaise-garlic-lovers-aioli-mayo",
    "name": "Heinz Seriously Good Mayonnaise Garlic Lovers Aioli Mayo 295ml",
    "image_url": "https://cdn1.woolworths.media/content/wowproductimages/large/535642.jpg",
    "source_id": "Woolworths - 535642",
    "barcode": "9300657021825",
    "shop": "Woolworths",
    "weight": "100ML",
    "prices": [
      {
        "state": "NSW",
        "price": "550",
        "price_per_unit": "186",
        "price_unit": "ML"
      },
      {
        "state": "VIC",
        "price": "550",
        "price_per_unit": "186",
        "price_unit": "ML"
      },
      {
        "state": "QLD",
        "price": "550",
        "price_per_unit": "186",
        "price_unit": "ML"
      },
      {
        "state": "WA",
        "price": "550",
        "price_per_unit": "186",
        "price_unit": "ML"
      },
      {
        "state": "SA",
        "price": "550",
        "price_per_unit": "186",
        "price_unit": "ML"
      },
      {
        "state": "TAS",
        "price": "550",
        "price_per_unit": "186",
        "price_unit": "ML"
      },
      {
        "state": "ACT",
        "price": "450",
        "price_per_unit": "153",
        "price_unit": "ML"
      },
      {
        "state": "NT",
        "price": "480",
        "price_per_unit": "163",
        "price_unit": "ML"
      },
      {
        "state": "NT",
        "price": "450",
        "price_per_unit": "153",
        "price_unit": "ML"
      }
    ]
  },
  {
    "source_url": "https://www.woolworths.com.au/shop/productdetails/332185/heinz-seriously-good-mayonnaise-original-mayo",
    "name": "Heinz Seriously Good Mayonnaise Original Mayo 295ml",
    "image_url": "https://cdn1.woolworths.media/content/wowproductimages/large/332185.jpg",
    "source_id": "Woolworths - 332185",
    "barcode": "9300657021443",
    "shop": "Woolworths",
    "weight": "100ML",
    "prices": [
      {
        "state": "NSW",
        "price": "550",
        "price_per_unit": "186",
        "price_unit": "ML"
      },
      {
        "state": "VIC",
        "price": "550",
        "price_per_unit": "186",
        "price_unit": "ML"
      },
      {
        "state": "QLD",
        "price": "550",
        "price_per_unit": "186",
        "price_unit": "ML"
      },
      {
        "state": "WA",
        "price": "550",
        "price_per_unit": "186",
        "price_unit": "ML"
      },
      {
        "state": "SA",
        "price": "550",
        "price_per_unit": "186",
        "price_unit": "ML"
      },
      {
        "state": "TAS",
        "price": "550",
        "price_per_unit": "186",
        "price_unit": "ML"
      },
      {
        "state": "ACT",
        "price": "450",
        "price_per_unit": "153",
        "price_unit": "ML"
      },
      {
        "state": "NT",
        "price": "480",
        "price_per_unit": "163",
        "price_unit": "ML"
      },
      {
        "state": "NT",
        "price": "450",
        "price_per_unit": "153",
        "price_unit": "ML"
      }
    ]
  },
  {
    "source_url": "https://www.woolworths.com.au/shop/productdetails/787154/heinz-seriously-good-mayonnaise-spicy-peri-peri-mayo",
    "name": "Heinz Seriously Good Mayonnaise Spicy Peri Peri Mayo 295ml",
    "image_url": "https://cdn1.woolworths.media/content/wowproductimages/large/787154.jpg",
    "source_id": "Woolworths - 787154",
    "barcode": "9300657021696",
    "shop": "Woolworths",
    "weight": "100ML",
    "prices": [
      {
        "state": "NSW",
        "price": "550",
        "price_per_unit": "186",
        "price_unit": "ML"
      },
      {
        "state": "VIC",
        "price": "550",
        "price_per_unit": "186",
        "price_unit": "ML"
      },
      {
        "state": "QLD",
        "price": "550",
        "price_per_unit": "186",
        "price_unit": "ML"
      },
      {
        "state": "WA",
        "price": "550",
        "price_per_unit": "186",
        "price_unit": "ML"
      },
      {
        "state": "SA",
        "price": "550",
        "price_per_unit": "186",
        "price_unit": "ML"
      },
      {
        "state": "TAS",
        "price": "550",
        "price_per_unit": "186",
        "price_unit": "ML"
      },
      {
        "state": "ACT",
        "price": "450",
        "price_per_unit": "153",
        "price_unit": "ML"
      },
      {
        "state": "NT",
        "price": "480",
        "price_per_unit": "163",
        "price_unit": "ML"
      },
      {
        "state": "NT",
        "price": "450",
        "price_per_unit": "153",
        "price_unit": "ML"
      }
    ]
  },
  {
    "source_url": "https://www.woolworths.com.au/shop/productdetails/164662/heinz-seriously-good-mayonnaise-vegan-aioli-mayo",
    "name": "Heinz Seriously Good Mayonnaise Vegan Aioli Mayo 270ml",
    "image_url": "https://cdn1.woolworths.media/content/wowproductimages/large/164662.jpg",
    "source_id": "Woolworths - 164662",
    "barcode": "9300657022228",
    "shop": "Woolworths",
    "weight": "100ML",
    "prices": [
      {
        "state": "NSW",
        "price": "480",
        "price_per_unit": "178",
        "price_unit": "ML"
      },
      {
        "state": "VIC",
        "price": "480",
        "price_per_unit": "178",
        "price_unit": "ML"
      },
      {
        "state": "QLD",
        "price": "480",
        "price_per_unit": "178",
        "price_unit": "ML"
      },
      {
        "state": "WA",
        "price": "480",
        "price_per_unit": "178",
        "price_unit": "ML"
      },
      {
        "state": "SA",
        "price": "480",
        "price_per_unit": "178",
        "price_unit": "ML"
      },
      {
        "state": "TAS",
        "price": "600",
        "price_per_unit": "222",
        "price_unit": "ML"
      },
      {
        "state": "ACT",
        "price": "600",
        "price_per_unit": "222",
        "price_unit": "ML"
      },
      {
        "state": "NT",
        "price": "630",
        "price_per_unit": "233",
        "price_unit": "ML"
      },
      {
        "state": "NT",
        "price": "600",
        "price_per_unit": "222",
        "price_unit": "ML"
      }
    ]
  },
  {
    "source_url": "https://www.woolworths.com.au/shop/productdetails/364435/kewpie-japanese-mayonnaise",
    "name": "Kewpie Japanese Mayonnaise 500g",
    "image_url": "https://cdn1.woolworths.media/content/wowproductimages/large/364435.jpg",
    "source_id": "Woolworths - 364435",
    "barcode": "8852511011448",
    "shop": "Woolworths",
    "weight": "100G",
    "prices": [
      {
        "state": "NSW",
        "price": "800",
        "price_per_unit": "160",
        "price_unit": "G"
      },
      {
        "state": "VIC",
        "price": "800",
        "price_per_unit": "160",
        "price_unit": "G"
      },
      {
        "state": "QLD",
        "price": "800",
        "price_per_unit": "160",
        "price_unit": "G"
      },
      {
        "state": "WA",
        "price": "800",
        "price_per_unit": "160",
        "price_unit": "G"
      },
      {
        "state": "SA",
        "price": "800",
        "price_per_unit": "160",
        "price_unit": "G"
      },
      {
        "state": "TAS",
        "price": "800",
        "price_per_unit": "160",
        "price_unit": "G"
      },
      {
        "state": "ACT",
        "price": "800",
        "price_per_unit": "160",
        "price_unit": "G"
      },
      {
        "state": "ACT",
        "price": "800",
        "price_per_unit": "160",
        "price_unit": "G"
      },
      {
        "state": "NT",
        "price": "800",
        "price_per_unit": "160",
        "price_unit": "G"
      }
    ]
  },
  {
    "source_url": "https://www.woolworths.com.au/shop/productdetails/700632/macro-apple-cider-vinegar",
    "name": "Macro Apple Cider Vinegar 500ml",
    "image_url": "https://cdn1.woolworths.media/content/wowproductimages/large/700632.jpg",
    "source_id": "Woolworths - 700632",
    "barcode": "9300633227227",
    "shop": "Woolworths",
    "weight": "100ML",
    "prices": [
      {
        "state": "NSW",
        "price": "350",
        "price_per_unit": "70",
        "price_unit": "ML"
      },
      {
        "state": "VIC",
        "price": "350",
        "price_per_unit": "70",
        "price_unit": "ML"
      },
      {
        "state": "QLD",
        "price": "350",
        "price_per_unit": "70",
        "price_unit": "ML"
      },
      {
        "state": "WA",
        "price": "350",
        "price_per_unit": "70",
        "price_unit": "ML"
      },
      {
        "state": "SA",
        "price": "350",
        "price_per_unit": "70",
        "price_unit": "ML"
      },
      {
        "state": "TAS",
        "price": "350",
        "price_per_unit": "70",
        "price_unit": "ML"
      },
      {
        "state": "ACT",
        "price": "350",
        "price_per_unit": "70",
        "price_unit": "ML"
      },
      {
        "state": "NT",
        "price": "350",
        "price_per_unit": "70",
        "price_unit": "ML"
      }
    ]
  },
  {
    "source_url": "https://www.woolworths.com.au/shop/productdetails/1075557240/masterfoods-caesar-salad-dressing-2-6kg-bulk",
    "name": "Masterfoods Caesar Salad Dressing 2.6kg Bulk",
    "image_url": "https://cdn1.woolworths.media/content/wowproductimages/large/1075557240.jpg",
    "source_id": "Woolworths - 1075557240",
    "barcode": null,
    "shop": "Woolworths",
    "weight": "1EA",
    "prices": [
      {
        "state": "NSW",
        "price": "5000",
        "price_per_unit": "5000",
        "price_unit": "EA"
      },
      {
        "state": "VIC",
        "price": "5000",
        "price_per_unit": "5000",
        "price_unit": "EA"
      },
      {
        "state": "QLD",
        "price": "5000",
        "price_per_unit": "5000",
        "price_unit": "EA"
      },
      {
        "state": "WA",
        "price": "5000",
        "price_per_unit": "5000",
        "price_unit": "EA"
      },
      {
        "state": "SA",
        "price": "5000",
        "price_per_unit": "5000",
        "price_unit": "EA"
      },
      {
        "state": "TAS",
        "price": "5000",
        "price_per_unit": "5000",
        "price_unit": "EA"
      },
      {
        "state": "ACT",
        "price": "5000",
        "price_per_unit": "5000",
        "price_unit": "EA"
      },
      {
        "state": "NT",
        "price": "5000",
        "price_per_unit": "5000",
        "price_unit": "EA"
      }
    ]
  },
  {
    "source_url": "https://www.woolworths.com.au/shop/productdetails/1075501748/masterfoods-caesar-salad-dressing-sauce-squeezy-individual-portions-14g-100-carton-squeeze-bulk-box",
    "name": "Masterfoods Caesar Salad Dressing Sauce Squeezy Individual Portions 14g 100 Carton Squeeze Bulk Box",
    "image_url": "https://cdn1.woolworths.media/content/wowproductimages/large/1075501748.jpg",
    "source_id": "Woolworths - 1075501748",
    "barcode": null,
    "shop": "Woolworths",
    "weight": "1EA",
    "prices": [
      {
        "state": "NSW",
        "price": "5495",
        "price_per_unit": "55",
        "price_unit": "EA"
      },
      {
        "state": "VIC",
        "price": "5495",
        "price_per_unit": "55",
        "price_unit": "EA"
      },
      {
        "state": "QLD",
        "price": "5495",
        "price_per_unit": "55",
        "price_unit": "EA"
      },
      {
        "state": "WA",
        "price": "5495",
        "price_per_unit": "55",
        "price_unit": "EA"
      },
      {
        "state": "SA",
        "price": "5495",
        "price_per_unit": "55",
        "price_unit": "EA"
      },
      {
        "state": "TAS",
        "price": "5495",
        "price_per_unit": "55",
        "price_unit": "EA"
      },
      {
        "state": "ACT",
        "price": "5495",
        "price_per_unit": "55",
        "price_unit": "EA"
      },
      {
        "state": "NT",
        "price": "5495",
        "price_per_unit": "55",
        "price_unit": "EA"
      }
    ]
  },
  {
    "source_url": "https://www.woolworths.com.au/shop/productdetails/1075557248/masterfoods-chilli-and-lime-salad-dressing-3l-bulk",
    "name": "Masterfoods Chilli And Lime Salad Dressing 3L Bulk",
    "image_url": "https://cdn1.woolworths.media/content/wowproductimages/large/1075557248.jpg",
    "source_id": "Woolworths - 1075557248",
    "barcode": null,
    "shop": "Woolworths",
    "weight": "1EA",
    "prices": [
      {
        "state": "NSW",
        "price": "5000",
        "price_per_unit": "5000",
        "price_unit": "EA"
      },
      {
        "state": "VIC",
        "price": "5000",
        "price_per_unit": "5000",
        "price_unit": "EA"
      },
      {
        "state": "QLD",
        "price": "5000",
        "price_per_unit": "5000",
        "price_unit": "EA"
      },
      {
        "state": "WA",
        "price": "5000",
        "price_per_unit": "5000",
        "price_unit": "EA"
      },
      {
        "state": "SA",
        "price": "5000",
        "price_per_unit": "5000",
        "price_unit": "EA"
      },
      {
        "state": "TAS",
        "price": "5000",
        "price_per_unit": "5000",
        "price_unit": "EA"
      },
      {
        "state": "ACT",
        "price": "5000",
        "price_per_unit": "5000",
        "price_unit": "EA"
      },
      {
        "state": "NT",
        "price": "5000",
        "price_per_unit": "5000",
        "price_unit": "EA"
      }
    ]
  },
  {
    "source_url": "https://www.woolworths.com.au/shop/productdetails/1075557232/masterfoods-coleslaw-salad-dressing-2-5kg-bulk",
    "name": "Masterfoods Coleslaw Salad Dressing 2.5kg Bulk",
    "image_url": "https://cdn1.woolworths.media/content/wowproductimages/large/1075557232.jpg",
    "source_id": "Woolworths - 1075557232",
    "barcode": null,
    "shop": "Woolworths",
    "weight": "1EA",
    "prices": [
      {
        "state": "NSW",
        "price": "5000",
        "price_per_unit": "5000",
        "price_unit": "EA"
      },
      {
        "state": "VIC",
        "price": "5000",
        "price_per_unit": "5000",
        "price_unit": "EA"
      },
      {
        "state": "QLD",
        "price": "5000",
        "price_per_unit": "5000",
        "price_unit": "EA"
      },
      {
        "state": "WA",
        "price": "5000",
        "price_per_unit": "5000",
        "price_unit": "EA"
      },
      {
        "state": "SA",
        "price": "5000",
        "price_per_unit": "5000",
        "price_unit": "EA"
      },
      {
        "state": "TAS",
        "price": "5000",
        "price_per_unit": "5000",
        "price_unit": "EA"
      },
      {
        "state": "ACT",
        "price": "5000",
        "price_per_unit": "5000",
        "price_unit": "EA"
      },
      {
        "state": "NT",
        "price": "5000",
        "price_per_unit": "5000",
        "price_unit": "EA"
      }
    ]
  },
  {
    "source_url": "https://www.woolworths.com.au/shop/productdetails/1075557235/masterfoods-french-vinagrette-salad-dressing-3l-bulk",
    "name": "Masterfoods French Vinagrette Salad Dressing 3L Bulk",
    "image_url": "https://cdn1.woolworths.media/content/wowproductimages/large/1075557235.jpg",
    "source_id": "Woolworths - 1075557235",
    "barcode": null,
    "shop": "Woolworths",
    "weight": "1EA",
    "prices": [
      {
        "state": "NSW",
        "price": "5000",
        "price_per_unit": "5000",
        "price_unit": "EA"
      },
      {
        "state": "VIC",
        "price": "5000",
        "price_per_unit": "5000",
        "price_unit": "EA"
      },
      {
        "state": "QLD",
        "price": "5000",
        "price_per_unit": "5000",
        "price_unit": "EA"
      },
      {
        "state": "WA",
        "price": "5000",
        "price_per_unit": "5000",
        "price_unit": "EA"
      },
      {
        "state": "SA",
        "price": "5000",
        "price_per_unit": "5000",
        "price_unit": "EA"
      },
      {
        "state": "TAS",
        "price": "5000",
        "price_per_unit": "5000",
        "price_unit": "EA"
      },
      {
        "state": "ACT",
        "price": "5000",
        "price_per_unit": "5000",
        "price_unit": "EA"
      },
      {
        "state": "NT",
        "price": "5000",
        "price_per_unit": "5000",
        "price_unit": "EA"
      }
    ]
  },
  {
    "source_url": "https://www.woolworths.com.au/shop/productdetails/32831/masterfoods-horseradish-cream",
    "name": "MasterFoods Horseradish Cream 175g",
    "image_url": "https://cdn1.woolworths.media/content/wowproductimages/large/032831.jpg",
    "source_id": "Woolworths - 32831",
    "barcode": "93718738",
    "shop": "Woolworths",
    "weight": "100G",
    "prices": [
      {
        "state": "NSW",
        "price": "290",
        "price_per_unit": "166",
        "price_unit": "G"
      },
      {
        "state": "VIC",
        "price": "290",
        "price_per_unit": "166",
        "price_unit": "G"
      },
      {
        "state": "QLD",
        "price": "290",
        "price_per_unit": "166",
        "price_unit": "G"
      },
      {
        "state": "WA",
        "price": "290",
        "price_per_unit": "166",
        "price_unit": "G"
      },
      {
        "state": "SA",
        "price": "290",
        "price_per_unit": "166",
        "price_unit": "G"
      },
      {
        "state": "TAS",
        "price": "290",
        "price_per_unit": "166",
        "price_unit": "G"
      },
      {
        "state": "ACT",
        "price": "290",
        "price_per_unit": "166",
        "price_unit": "G"
      },
      {
        "state": "NT",
        "price": "290",
        "price_per_unit": "166",
        "price_unit": "G"
      }
    ]
  },
  {
    "source_url": "https://www.woolworths.com.au/shop/productdetails/1075557238/masterfoods-italian-salad-dressing-3l-bulk",
    "name": "Masterfoods Italian Salad Dressing 3L Bulk",
    "image_url": "https://cdn1.woolworths.media/content/wowproductimages/large/1075557238.jpg",
    "source_id": "Woolworths - 1075557238",
    "barcode": null,
    "shop": "Woolworths",
    "weight": "1EA",
    "prices": [
      {
        "state": "NSW",
        "price": "5000",
        "price_per_unit": "5000",
        "price_unit": "EA"
      },
      {
        "state": "VIC",
        "price": "5000",
        "price_per_unit": "5000",
        "price_unit": "EA"
      },
      {
        "state": "QLD",
        "price": "5000",
        "price_per_unit": "5000",
        "price_unit": "EA"
      },
      {
        "state": "WA",
        "price": "5000",
        "price_per_unit": "5000",
        "price_unit": "EA"
      },
      {
        "state": "SA",
        "price": "5000",
        "price_per_unit": "5000",
        "price_unit": "EA"
      },
      {
        "state": "TAS",
        "price": "5000",
        "price_per_unit": "5000",
        "price_unit": "EA"
      },
      {
        "state": "ACT",
        "price": "5000",
        "price_per_unit": "5000",
        "price_unit": "EA"
      },
      {
        "state": "NT",
        "price": "5000",
        "price_per_unit": "5000",
        "price_unit": "EA"
      }
    ]
  },
  {
    "source_url": "https://www.woolworths.com.au/shop/productdetails/1075501745/masterfoods-italian-vinaigrette-dressing-sauce-squeezy-individual-portions-13g-100-carton-squeeze-bulk-box",
    "name": "Masterfoods Italian Vinaigrette Dressing Sauce Squeezy Individual Portions 13g 100 Carton Squeeze Bulk Box",
    "image_url": "https://cdn1.woolworths.media/content/wowproductimages/large/1075501745.jpg",
    "source_id": "Woolworths - 1075501745",
    "barcode": null,
    "shop": "Woolworths",
    "weight": "1EA",
    "prices": [
      {
        "state": "NSW",
        "price": "5000",
        "price_per_unit": "50",
        "price_unit": "EA"
      },
      {
        "state": "VIC",
        "price": "5000",
        "price_per_unit": "50",
        "price_unit": "EA"
      },
      {
        "state": "QLD",
        "price": "5000",
        "price_per_unit": "50",
        "price_unit": "EA"
      },
      {
        "state": "WA",
        "price": "5000",
        "price_per_unit": "50",
        "price_unit": "EA"
      },
      {
        "state": "SA",
        "price": "5000",
        "price_per_unit": "50",
        "price_unit": "EA"
      },
      {
        "state": "TAS",
        "price": "5000",
        "price_per_unit": "50",
        "price_unit": "EA"
      },
      {
        "state": "ACT",
        "price": "5000",
        "price_per_unit": "50",
        "price_unit": "EA"
      },
      {
        "state": "NT",
        "price": "5000",
        "price_per_unit": "50",
        "price_unit": "EA"
      }
    ]
  },
  {
    "source_url": "https://www.woolworths.com.au/shop/productdetails/1075557236/masterfoods-roast-garlic-aioli-salad-dressing-2-2kg-bottle-bulk",
    "name": "Masterfoods Roast Garlic Aioli Salad Dressing 2.2kg Bottle Bulk",
    "image_url": "https://cdn1.woolworths.media/content/wowproductimages/large/1075557236.jpg",
    "source_id": "Woolworths - 1075557236",
    "barcode": null,
    "shop": "Woolworths",
    "weight": "1EA",
    "prices": [
      {
        "state": "NSW",
        "price": "5495",
        "price_per_unit": "5495",
        "price_unit": "EA"
      },
      {
        "state": "VIC",
        "price": "5495",
        "price_per_unit": "5495",
        "price_unit": "EA"
      },
      {
        "state": "QLD",
        "price": "5495",
        "price_per_unit": "5495",
        "price_unit": "EA"
      },
      {
        "state": "WA",
        "price": "5495",
        "price_per_unit": "5495",
        "price_unit": "EA"
      },
      {
        "state": "SA",
        "price": "5495",
        "price_per_unit": "5495",
        "price_unit": "EA"
      },
      {
        "state": "TAS",
        "price": "5495",
        "price_per_unit": "5495",
        "price_unit": "EA"
      },
      {
        "state": "ACT",
        "price": "5495",
        "price_per_unit": "5495",
        "price_unit": "EA"
      },
      {
        "state": "NT",
        "price": "5495",
        "price_per_unit": "5495",
        "price_unit": "EA"
      }
    ]
  },
  {
    "source_url": "https://www.woolworths.com.au/shop/productdetails/1075557231/masterfoods-thousand-island-salad-dressing-2-5kg-bulk",
    "name": "Masterfoods Thousand Island Salad Dressing 2.5kg Bulk",
    "image_url": "https://cdn1.woolworths.media/content/wowproductimages/large/1075557231.jpg",
    "source_id": "Woolworths - 1075557231",
    "barcode": null,
    "shop": "Woolworths",
    "weight": "1EA",
    "prices": [
      {
        "state": "NSW",
        "price": "5000",
        "price_per_unit": "5000",
        "price_unit": "EA"
      },
      {
        "state": "VIC",
        "price": "5000",
        "price_per_unit": "5000",
        "price_unit": "EA"
      },
      {
        "state": "QLD",
        "price": "5000",
        "price_per_unit": "5000",
        "price_unit": "EA"
      },
      {
        "state": "WA",
        "price": "5000",
        "price_per_unit": "5000",
        "price_unit": "EA"
      },
      {
        "state": "SA",
        "price": "5000",
        "price_per_unit": "5000",
        "price_unit": "EA"
      },
      {
        "state": "TAS",
        "price": "5000",
        "price_per_unit": "5000",
        "price_unit": "EA"
      },
      {
        "state": "ACT",
        "price": "5000",
        "price_per_unit": "5000",
        "price_unit": "EA"
      },
      {
        "state": "NT",
        "price": "5000",
        "price_per_unit": "5000",
        "price_unit": "EA"
      }
    ]
  },
  {
    "source_url": "https://www.woolworths.com.au/shop/productdetails/99917/mazzetti-balsamic-vinegar-of-modena",
    "name": "Mazzetti Balsamic Vinegar Of Modena 250ml",
    "image_url": "https://cdn1.woolworths.media/content/wowproductimages/large/099917.jpg",
    "source_id": "Woolworths - 99917",
    "barcode": "8006050090352",
    "shop": "Woolworths",
    "weight": "100ML",
    "prices": [
      {
        "state": "NSW",
        "price": "300",
        "price_per_unit": "120",
        "price_unit": "ML"
      },
      {
        "state": "VIC",
        "price": "300",
        "price_per_unit": "120",
        "price_unit": "ML"
      },
      {
        "state": "QLD",
        "price": "300",
        "price_per_unit": "120",
        "price_unit": "ML"
      },
      {
        "state": "WA",
        "price": "300",
        "price_per_unit": "120",
        "price_unit": "ML"
      },
      {
        "state": "SA",
        "price": "300",
        "price_per_unit": "120",
        "price_unit": "ML"
      },
      {
        "state": "TAS",
        "price": "350",
        "price_per_unit": "140",
        "price_unit": "ML"
      },
      {
        "state": "ACT",
        "price": "350",
        "price_per_unit": "140",
        "price_unit": "ML"
      },
      {
        "state": "NT",
        "price": "350",
        "price_per_unit": "140",
        "price_unit": "ML"
      }
    ]
  },
  {
    "source_url": "https://www.woolworths.com.au/shop/productdetails/767044/moro-dressings-italian-glaze",
    "name": "Moro Dressings Italian Glaze 118ml",
    "image_url": "https://cdn1.woolworths.media/content/wowproductimages/large/767044.jpg",
    "source_id": "Woolworths - 767044",
    "barcode": "9310175700843",
    "shop": "Woolworths",
    "weight": "100ML",
    "prices": [
      {
        "state": "NSW",
        "price": "530",
        "price_per_unit": "449",
        "price_unit": "ML"
      },
      {
        "state": "VIC",
        "price": "530",
        "price_per_unit": "449",
        "price_unit": "ML"
      },
      {
        "state": "QLD",
        "price": "530",
        "price_per_unit": "449",
        "price_unit": "ML"
      },
      {
        "state": "WA",
        "price": "530",
        "price_per_unit": "449",
        "price_unit": "ML"
      },
      {
        "state": "SA",
        "price": "530",
        "price_per_unit": "449",
        "price_unit": "ML"
      },
      {
        "state": "TAS",
        "price": "460",
        "price_per_unit": "390",
        "price_unit": "ML"
      },
      {
        "state": "ACT",
        "price": "460",
        "price_per_unit": "390",
        "price_unit": "ML"
      },
      {
        "state": "NT",
        "price": "460",
        "price_per_unit": "390",
        "price_unit": "ML"
      }
    ]
  },
  {
    "source_url": "https://www.woolworths.com.au/shop/productdetails/187422/poppy-s-favourite-extra-virgin-olive-oil-dressing",
    "name": "Poppy's Favourite Extra Virgin Olive Oil Dressing 375ml",
    "image_url": "https://cdn1.woolworths.media/content/wowproductimages/large/187422.jpg",
    "source_id": "Woolworths - 187422",
    "barcode": "9331250000986",
    "shop": "Woolworths",
    "weight": "100ML",
    "prices": [
      {
        "state": "NSW",
        "price": "1500",
        "price_per_unit": "400",
        "price_unit": "ML"
      },
      {
        "state": "SA",
        "price": "1500",
        "price_per_unit": "400",
        "price_unit": "ML"
      },
      {
        "state": "ACT",
        "price": "1700",
        "price_per_unit": "453",
        "price_unit": "ML"
      }
    ]
  },
  {
    "source_url": "https://www.woolworths.com.au/shop/productdetails/919323/praise-99-fat-free-mayo",
    "name": "Praise 99% Fat Free Mayo 280g",
    "image_url": "https://cdn1.woolworths.media/content/wowproductimages/large/919323.jpg",
    "source_id": "Woolworths - 919323",
    "barcode": "9310047223807",
    "shop": "Woolworths",
    "weight": "100G",
    "prices": [
      {
        "state": "NSW",
        "price": "350",
        "price_per_unit": "125",
        "price_unit": "G"
      },
      {
        "state": "VIC",
        "price": "350",
        "price_per_unit": "125",
        "price_unit": "G"
      },
      {
        "state": "QLD",
        "price": "350",
        "price_per_unit": "125",
        "price_unit": "G"
      },
      {
        "state": "WA",
        "price": "350",
        "price_per_unit": "125",
        "price_unit": "G"
      },
      {
        "state": "SA",
        "price": "350",
        "price_per_unit": "125",
        "price_unit": "G"
      },
      {
        "state": "TAS",
        "price": "250",
        "price_per_unit": "89",
        "price_unit": "G"
      },
      {
        "state": "ACT",
        "price": "250",
        "price_per_unit": "89",
        "price_unit": "G"
      },
      {
        "state": "NT",
        "price": "250",
        "price_per_unit": "89",
        "price_unit": "G"
      }
    ]
  },
  {
    "source_url": "https://www.woolworths.com.au/shop/productdetails/136649/praise-99-fat-free-squeeze-mayonnaise",
    "name": "Praise 99% Fat Free Squeeze Mayonnaise 555g",
    "image_url": "https://cdn1.woolworths.media/content/wowproductimages/large/136649.jpg",
    "source_id": "Woolworths - 136649",
    "barcode": "9310047203496",
    "shop": "Woolworths",
    "weight": "100G",
    "prices": [
      {
        "state": "NSW",
        "price": "450",
        "price_per_unit": "81",
        "price_unit": "G"
      },
      {
        "state": "VIC",
        "price": "450",
        "price_per_unit": "81",
        "price_unit": "G"
      },
      {
        "state": "QLD",
        "price": "450",
        "price_per_unit": "81",
        "price_unit": "G"
      },
      {
        "state": "WA",
        "price": "450",
        "price_per_unit": "81",
        "price_unit": "G"
      },
      {
        "state": "SA",
        "price": "450",
        "price_per_unit": "81",
        "price_unit": "G"
      },
      {
        "state": "TAS",
        "price": "450",
        "price_per_unit": "81",
        "price_unit": "G"
      },
      {
        "state": "ACT",
        "price": "450",
        "price_per_unit": "81",
        "price_unit": "G"
      },
      {
        "state": "NT",
        "price": "475",
        "price_per_unit": "86",
        "price_unit": "G"
      }
    ]
  },
  {
    "source_url": "https://www.woolworths.com.au/shop/productdetails/766230/praise-aioli-mayonnaise-deli-style-chipotle",
    "name": "Praise Aioli Mayonnaise Deli Style Chipotle 250ml",
    "image_url": "https://cdn1.woolworths.media/content/wowproductimages/large/766230.jpg",
    "source_id": "Woolworths - 766230",
    "barcode": "9310047214294",
    "shop": "Woolworths",
    "weight": "100ML",
    "prices": [
      {
        "state": "NSW",
        "price": "300",
        "price_per_unit": "120",
        "price_unit": "ML"
      },
      {
        "state": "VIC",
        "price": "300",
        "price_per_unit": "120",
        "price_unit": "ML"
      },
      {
        "state": "QLD",
        "price": "300",
        "price_per_unit": "120",
        "price_unit": "ML"
      },
      {
        "state": "WA",
        "price": "300",
        "price_per_unit": "120",
        "price_unit": "ML"
      },
      {
        "state": "SA",
        "price": "300",
        "price_per_unit": "120",
        "price_unit": "ML"
      },
      {
        "state": "TAS",
        "price": "450",
        "price_per_unit": "180",
        "price_unit": "ML"
      },
      {
        "state": "ACT",
        "price": "450",
        "price_per_unit": "180",
        "price_unit": "ML"
      },
      {
        "state": "NT",
        "price": "420",
        "price_per_unit": "168",
        "price_unit": "ML"
      }
    ]
  },
  {
    "source_url": "https://www.woolworths.com.au/shop/productdetails/766214/praise-aioli-mayonnaise-deli-style-classic",
    "name": "Praise Aioli Mayonnaise Deli Style Classic 250ml",
    "image_url": "https://cdn1.woolworths.media/content/wowproductimages/large/766214.jpg",
    "source_id": "Woolworths - 766214",
    "barcode": "9310047214287",
    "shop": "Woolworths",
    "weight": "100ML",
    "prices": [
      {
        "state": "NSW",
        "price": "300",
        "price_per_unit": "120",
        "price_unit": "ML"
      },
      {
        "state": "VIC",
        "price": "300",
        "price_per_unit": "120",
        "price_unit": "ML"
      },
      {
        "state": "QLD",
        "price": "300",
        "price_per_unit": "120",
        "price_unit": "ML"
      },
      {
        "state": "WA",
        "price": "300",
        "price_per_unit": "120",
        "price_unit": "ML"
      },
      {
        "state": "SA",
        "price": "300",
        "price_per_unit": "120",
        "price_unit": "ML"
      },
      {
        "state": "TAS",
        "price": "450",
        "price_per_unit": "180",
        "price_unit": "ML"
      },
      {
        "state": "ACT",
        "price": "450",
        "price_per_unit": "180",
        "price_unit": "ML"
      },
      {
        "state": "NT",
        "price": "420",
        "price_per_unit": "168",
        "price_unit": "ML"
      }
    ]
  },
  {
    "source_url": "https://www.woolworths.com.au/shop/productdetails/312737/praise-dressings-balsamic",
    "name": "Praise Dressings Balsamic 330ml",
    "image_url": "https://cdn1.woolworths.media/content/wowproductimages/large/312737.jpg",
    "source_id": "Woolworths - 312737",
    "barcode": "9310047211880",
    "shop": "Woolworths",
    "weight": "100ML",
    "prices": [
      {
        "state": "NSW",
        "price": "360",
        "price_per_unit": "109",
        "price_unit": "ML"
      },
      {
        "state": "VIC",
        "price": "360",
        "price_per_unit": "109",
        "price_unit": "ML"
      },
      {
        "state": "QLD",
        "price": "360",
        "price_per_unit": "109",
        "price_unit": "ML"
      },
      {
        "state": "WA",
        "price": "360",
        "price_per_unit": "109",
        "price_unit": "ML"
      },
      {
        "state": "SA",
        "price": "360",
        "price_per_unit": "109",
        "price_unit": "ML"
      },
      {
        "state": "TAS",
        "price": "360",
        "price_per_unit": "109",
        "price_unit": "ML"
      },
      {
        "state": "ACT",
        "price": "300",
        "price_per_unit": "91",
        "price_unit": "ML"
      },
      {
        "state": "NT",
        "price": "300",
        "price_per_unit": "91",
        "price_unit": "ML"
      }
    ]
  },
  {
    "source_url": "https://www.woolworths.com.au/shop/productdetails/274308/praise-dressings-caesar",
    "name": "Praise Dressings Caesar 330ml",
    "image_url": "https://cdn1.woolworths.media/content/wowproductimages/large/274308.jpg",
    "source_id": "Woolworths - 274308",
    "barcode": "9310047206305",
    "shop": "Woolworths",
    "weight": "100ML",
    "prices": [
      {
        "state": "NSW",
        "price": "360",
        "price_per_unit": "109",
        "price_unit": "ML"
      },
      {
        "state": "VIC",
        "price": "360",
        "price_per_unit": "109",
        "price_unit": "ML"
      },
      {
        "state": "QLD",
        "price": "360",
        "price_per_unit": "109",
        "price_unit": "ML"
      },
      {
        "state": "WA",
        "price": "360",
        "price_per_unit": "109",
        "price_unit": "ML"
      },
      {
        "state": "SA",
        "price": "360",
        "price_per_unit": "109",
        "price_unit": "ML"
      },
      {
        "state": "TAS",
        "price": "360",
        "price_per_unit": "109",
        "price_unit": "ML"
      },
      {
        "state": "ACT",
        "price": "300",
        "price_per_unit": "91",
        "price_unit": "ML"
      },
      {
        "state": "NT",
        "price": "300",
        "price_per_unit": "91",
        "price_unit": "ML"
      }
    ]
  },
  {
    "source_url": "https://www.woolworths.com.au/shop/productdetails/212347/praise-dressings-french-original",
    "name": "Praise Dressings French Original 330ml",
    "image_url": "https://cdn1.woolworths.media/content/wowproductimages/large/212347.jpg",
    "source_id": "Woolworths - 212347",
    "barcode": "9310047206244",
    "shop": "Woolworths",
    "weight": "100ML",
    "prices": [
      {
        "state": "NSW",
        "price": "360",
        "price_per_unit": "109",
        "price_unit": "ML"
      },
      {
        "state": "VIC",
        "price": "360",
        "price_per_unit": "109",
        "price_unit": "ML"
      },
      {
        "state": "QLD",
        "price": "360",
        "price_per_unit": "109",
        "price_unit": "ML"
      },
      {
        "state": "WA",
        "price": "360",
        "price_per_unit": "109",
        "price_unit": "ML"
      },
      {
        "state": "SA",
        "price": "360",
        "price_per_unit": "109",
        "price_unit": "ML"
      },
      {
        "state": "TAS",
        "price": "360",
        "price_per_unit": "109",
        "price_unit": "ML"
      },
      {
        "state": "ACT",
        "price": "300",
        "price_per_unit": "91",
        "price_unit": "ML"
      },
      {
        "state": "NT",
        "price": "300",
        "price_per_unit": "91",
        "price_unit": "ML"
      }
    ]
  },
  {
    "source_url": "https://www.woolworths.com.au/shop/productdetails/212343/praise-dressings-italian-original",
    "name": "Praise Dressings Italian Original 330ml",
    "image_url": "https://cdn1.woolworths.media/content/wowproductimages/large/212343.jpg",
    "source_id": "Woolworths - 212343",
    "barcode": "9310047206268",
    "shop": "Woolworths",
    "weight": "100ML",
    "prices": [
      {
        "state": "NSW",
        "price": "360",
        "price_per_unit": "109",
        "price_unit": "ML"
      },
      {
        "state": "VIC",
        "price": "360",
        "price_per_unit": "109",
        "price_unit": "ML"
      },
      {
        "state": "QLD",
        "price": "360",
        "price_per_unit": "109",
        "price_unit": "ML"
      },
      {
        "state": "WA",
        "price": "360",
        "price_per_unit": "109",
        "price_unit": "ML"
      },
      {
        "state": "SA",
        "price": "360",
        "price_per_unit": "109",
        "price_unit": "ML"
      },
      {
        "state": "TAS",
        "price": "360",
        "price_per_unit": "109",
        "price_unit": "ML"
      },
      {
        "state": "ACT",
        "price": "300",
        "price_per_unit": "91",
        "price_unit": "ML"
      },
      {
        "state": "NT",
        "price": "300",
        "price_per_unit": "91",
        "price_unit": "ML"
      }
    ]
  },
  {
    "source_url": "https://www.woolworths.com.au/shop/productdetails/494145/praise-potato-salad-dressing",
    "name": "Praise Potato Salad Dressing 330ml",
    "image_url": "https://cdn1.woolworths.media/content/wowproductimages/large/494145.jpg",
    "source_id": "Woolworths - 494145",
    "barcode": "9310047215055",
    "shop": "Woolworths",
    "weight": "100ML",
    "prices": [
      {
        "state": "NSW",
        "price": "360",
        "price_per_unit": "109",
        "price_unit": "ML"
      },
      {
        "state": "VIC",
        "price": "360",
        "price_per_unit": "109",
        "price_unit": "ML"
      },
      {
        "state": "QLD",
        "price": "360",
        "price_per_unit": "109",
        "price_unit": "ML"
      },
      {
        "state": "WA",
        "price": "360",
        "price_per_unit": "109",
        "price_unit": "ML"
      },
      {
        "state": "SA",
        "price": "360",
        "price_per_unit": "109",
        "price_unit": "ML"
      },
      {
        "state": "TAS",
        "price": "360",
        "price_per_unit": "109",
        "price_unit": "ML"
      },
      {
        "state": "ACT",
        "price": "300",
        "price_per_unit": "91",
        "price_unit": "ML"
      },
      {
        "state": "NT",
        "price": "300",
        "price_per_unit": "91",
        "price_unit": "ML"
      }
    ]
  },
  {
    "source_url": "https://www.woolworths.com.au/shop/productdetails/136644/praise-traditional-mayonnaise-squeeze-bottle",
    "name": "Praise Traditional Mayonnaise Squeeze Bottle 490g",
    "image_url": "https://cdn1.woolworths.media/content/wowproductimages/large/136644.jpg",
    "source_id": "Woolworths - 136644",
    "barcode": "9310047203489",
    "shop": "Woolworths",
    "weight": "100G",
    "prices": [
      {
        "state": "NSW",
        "price": "450",
        "price_per_unit": "92",
        "price_unit": "G"
      },
      {
        "state": "VIC",
        "price": "450",
        "price_per_unit": "92",
        "price_unit": "G"
      },
      {
        "state": "QLD",
        "price": "450",
        "price_per_unit": "92",
        "price_unit": "G"
      },
      {
        "state": "WA",
        "price": "450",
        "price_per_unit": "92",
        "price_unit": "G"
      },
      {
        "state": "SA",
        "price": "450",
        "price_per_unit": "92",
        "price_unit": "G"
      },
      {
        "state": "TAS",
        "price": "450",
        "price_per_unit": "92",
        "price_unit": "G"
      },
      {
        "state": "ACT",
        "price": "450",
        "price_per_unit": "92",
        "price_unit": "G"
      },
      {
        "state": "NT",
        "price": "475",
        "price_per_unit": "97",
        "price_unit": "G"
      }
    ]
  },
  {
    "source_url": "https://www.woolworths.com.au/shop/productdetails/926813/praise-whole-egg-creamy-mayo",
    "name": "Praise Whole Egg Creamy Mayo 230g",
    "image_url": "https://cdn1.woolworths.media/content/wowproductimages/large/926813.jpg",
    "source_id": "Woolworths - 926813",
    "barcode": "9310047223791",
    "shop": "Woolworths",
    "weight": "100G",
    "prices": [
      {
        "state": "NSW",
        "price": "300",
        "price_per_unit": "130",
        "price_unit": "G"
      },
      {
        "state": "VIC",
        "price": "300",
        "price_per_unit": "130",
        "price_unit": "G"
      },
      {
        "state": "QLD",
        "price": "300",
        "price_per_unit": "130",
        "price_unit": "G"
      },
      {
        "state": "WA",
        "price": "300",
        "price_per_unit": "130",
        "price_unit": "G"
      },
      {
        "state": "SA",
        "price": "300",
        "price_per_unit": "130",
        "price_unit": "G"
      },
      {
        "state": "TAS",
        "price": "450",
        "price_per_unit": "196",
        "price_unit": "G"
      },
      {
        "state": "ACT",
        "price": "450",
        "price_per_unit": "196",
        "price_unit": "G"
      },
      {
        "state": "NT",
        "price": "450",
        "price_per_unit": "196",
        "price_unit": "G"
      }
    ]
  },
  {
    "source_url": "https://www.woolworths.com.au/shop/productdetails/919315/praise-whole-egg-light-mayo",
    "name": "Praise Whole Egg Light Mayo 250g",
    "image_url": "https://cdn1.woolworths.media/content/wowproductimages/large/919315.jpg",
    "source_id": "Woolworths - 919315",
    "barcode": "9310047223814",
    "shop": "Woolworths",
    "weight": "100G",
    "prices": [
      {
        "state": "NSW",
        "price": "300",
        "price_per_unit": "120",
        "price_unit": "G"
      },
      {
        "state": "VIC",
        "price": "300",
        "price_per_unit": "120",
        "price_unit": "G"
      },
      {
        "state": "QLD",
        "price": "300",
        "price_per_unit": "120",
        "price_unit": "G"
      },
      {
        "state": "WA",
        "price": "300",
        "price_per_unit": "120",
        "price_unit": "G"
      },
      {
        "state": "SA",
        "price": "300",
        "price_per_unit": "120",
        "price_unit": "G"
      },
      {
        "state": "TAS",
        "price": "450",
        "price_per_unit": "180",
        "price_unit": "G"
      },
      {
        "state": "ACT",
        "price": "450",
        "price_per_unit": "180",
        "price_unit": "G"
      },
      {
        "state": "NT",
        "price": "450",
        "price_per_unit": "180",
        "price_unit": "G"
      }
    ]
  },
  {
    "source_url": "https://www.woolworths.com.au/shop/productdetails/293958/s-w-mayonnaise-whole-egg",
    "name": "S&W Mayonnaise Whole Egg 440g",
    "image_url": "https://cdn1.woolworths.media/content/wowproductimages/large/293958.jpg",
    "source_id": "Woolworths - 293958",
    "barcode": "9310560014883",
    "shop": "Woolworths",
    "weight": "100G",
    "prices": [
      {
        "state": "NSW",
        "price": "500",
        "price_per_unit": "114",
        "price_unit": "G"
      },
      {
        "state": "VIC",
        "price": "500",
        "price_per_unit": "114",
        "price_unit": "G"
      },
      {
        "state": "QLD",
        "price": "500",
        "price_per_unit": "114",
        "price_unit": "G"
      },
      {
        "state": "WA",
        "price": "500",
        "price_per_unit": "114",
        "price_unit": "G"
      },
      {
        "state": "SA",
        "price": "500",
        "price_per_unit": "114",
        "price_unit": "G"
      },
      {
        "state": "TAS",
        "price": "500",
        "price_per_unit": "114",
        "price_unit": "G"
      },
      {
        "state": "ACT",
        "price": "500",
        "price_per_unit": "114",
        "price_unit": "G"
      },
      {
        "state": "NT",
        "price": "535",
        "price_per_unit": "122",
        "price_unit": "G"
      }
    ]
  },
  {
    "source_url": "https://www.woolworths.com.au/shop/productdetails/256878/woolworths-balsamic-vinegar",
    "name": "Woolworths Balsamic Vinegar 500ml",
    "image_url": "https://cdn1.woolworths.media/content/wowproductimages/large/256878.jpg",
    "source_id": "Woolworths - 256878",
    "barcode": "9300633947835",
    "shop": "Woolworths",
    "weight": "100ML",
    "prices": [
      {
        "state": "NSW",
        "price": "270",
        "price_per_unit": "54",
        "price_unit": "ML"
      },
      {
        "state": "VIC",
        "price": "270",
        "price_per_unit": "54",
        "price_unit": "ML"
      },
      {
        "state": "QLD",
        "price": "270",
        "price_per_unit": "54",
        "price_unit": "ML"
      },
      {
        "state": "WA",
        "price": "270",
        "price_per_unit": "54",
        "price_unit": "ML"
      },
      {
        "state": "TAS",
        "price": "270",
        "price_per_unit": "54",
        "price_unit": "ML"
      },
      {
        "state": "ACT",
        "price": "270",
        "price_per_unit": "54",
        "price_unit": "ML"
      },
      {
        "state": "NT",
        "price": "270",
        "price_per_unit": "54",
        "price_unit": "ML"
      }
    ]
  },
  {
    "source_url": "https://www.woolworths.com.au/shop/productdetails/720425/woolworths-citrus-juice-lime-bottle",
    "name": "Woolworths Citrus Juice Lime Bottle 250mL",
    "image_url": "https://cdn1.woolworths.media/content/wowproductimages/large/720425.jpg",
    "source_id": "Woolworths - 720425",
    "barcode": "9300633292379",
    "shop": "Woolworths",
    "weight": "100ML",
    "prices": [
      {
        "state": "NSW",
        "price": "100",
        "price_per_unit": "40",
        "price_unit": "ML"
      },
      {
        "state": "VIC",
        "price": "100",
        "price_per_unit": "40",
        "price_unit": "ML"
      },
      {
        "state": "QLD",
        "price": "100",
        "price_per_unit": "40",
        "price_unit": "ML"
      },
      {
        "state": "WA",
        "price": "100",
        "price_per_unit": "40",
        "price_unit": "ML"
      },
      {
        "state": "TAS",
        "price": "100",
        "price_per_unit": "40",
        "price_unit": "ML"
      },
      {
        "state": "ACT",
        "price": "100",
        "price_per_unit": "40",
        "price_unit": "ML"
      },
      {
        "state": "NT",
        "price": "105",
        "price_per_unit": "42",
        "price_unit": "ML"
      }
    ]
  },
  {
    "source_url": "https://www.woolworths.com.au/shop/productdetails/846488/woolworths-dressing-coleslaw",
    "name": "Woolworths Dressing Coleslaw 290ml",
    "image_url": "https://cdn1.woolworths.media/content/wowproductimages/large/846488.jpg",
    "source_id": "Woolworths - 846488",
    "barcode": "9300633503024",
    "shop": "Woolworths",
    "weight": "100ML",
    "prices": [
      {
        "state": "NSW",
        "price": "180",
        "price_per_unit": "62",
        "price_unit": "ML"
      },
      {
        "state": "VIC",
        "price": "180",
        "price_per_unit": "62",
        "price_unit": "ML"
      },
      {
        "state": "TAS",
        "price": "180",
        "price_per_unit": "62",
        "price_unit": "ML"
      },
      {
        "state": "ACT",
        "price": "180",
        "price_per_unit": "62",
        "price_unit": "ML"
      },
      {
        "state": "NT",
        "price": "190",
        "price_per_unit": "66",
        "price_unit": "ML"
      }
    ]
  },
  {
    "source_url": "https://www.woolworths.com.au/shop/productdetails/567738/woolworths-garlic-aioli",
    "name": "Woolworths Garlic Aioli 250ml",
    "image_url": "https://cdn1.woolworths.media/content/wowproductimages/large/567738.jpg",
    "source_id": "Woolworths - 567738",
    "barcode": "9300633630751",
    "shop": "Woolworths",
    "weight": "100ML",
    "prices": [
      {
        "state": "NSW",
        "price": "200",
        "price_per_unit": "80",
        "price_unit": "ML"
      },
      {
        "state": "VIC",
        "price": "200",
        "price_per_unit": "80",
        "price_unit": "ML"
      },
      {
        "state": "TAS",
        "price": "200",
        "price_per_unit": "80",
        "price_unit": "ML"
      },
      {
        "state": "ACT",
        "price": "200",
        "price_per_unit": "80",
        "price_unit": "ML"
      },
      {
        "state": "NT",
        "price": "200",
        "price_per_unit": "80",
        "price_unit": "ML"
      }
    ]
  },
  {
    "source_url": "https://www.woolworths.com.au/shop/productdetails/467269/woolworths-traditional-mayonnaise",
    "name": "Woolworths Traditional Mayonnaise 470g",
    "image_url": "https://cdn1.woolworths.media/content/wowproductimages/large/467269.jpg",
    "source_id": "Woolworths - 467269",
    "barcode": "9300633583835",
    "shop": "Woolworths",
    "weight": "100G",
    "prices": [
      {
        "state": "NSW",
        "price": "400",
        "price_per_unit": "85",
        "price_unit": "G"
      },
      {
        "state": "VIC",
        "price": "400",
        "price_per_unit": "85",
        "price_unit": "G"
      },
      {
        "state": "TAS",
        "price": "400",
        "price_per_unit": "85",
        "price_unit": "G"
      },
      {
        "state": "NT",
        "price": "400",
        "price_per_unit": "85",
        "price_unit": "G"
      }
    ]
  },
  {
    "source_url": "https://www.woolworths.com.au/shop/productdetails/360680/woolworths-whole-egg-mayonnaise",
    "name": "Woolworths Whole Egg Mayonnaise 440g",
    "image_url": "https://cdn1.woolworths.media/content/wowproductimages/large/360680.jpg",
    "source_id": "Woolworths - 360680",
    "barcode": "9300633210311",
    "shop": "Woolworths",
    "weight": "100G",
    "prices": [
      {
        "state": "NSW",
        "price": "370",
        "price_per_unit": "84",
        "price_unit": "G"
      },
      {
        "state": "VIC",
        "price": "370",
        "price_per_unit": "84",
        "price_unit": "G"
      },
      {
        "state": "TAS",
        "price": "370",
        "price_per_unit": "84",
        "price_unit": "G"
      },
      {
        "state": "NT",
        "price": "390",
        "price_per_unit": "89",
        "price_unit": "G"
      }
    ]
  },
  {
    "source_url": "https://www.woolworths.com.au/shop/productdetails/272761/anchor-margaret-river-verjuice",
    "name": "Anchor Margaret River Verjuice 375ml",
    "image_url": "https://cdn1.woolworths.media/content/wowproductimages/large/272761.jpg",
    "source_id": "Woolworths - 272761",
    "barcode": "9300609213643",
    "shop": "Woolworths",
    "weight": "100ML",
    "prices": [
      {
        "state": "VIC",
        "price": "670",
        "price_per_unit": "179",
        "price_unit": "ML"
      },
      {
        "state": "SA",
        "price": "670",
        "price_per_unit": "179",
        "price_unit": "ML"
      },
      {
        "state": "TAS",
        "price": "670",
        "price_per_unit": "179",
        "price_unit": "ML"
      },
      {
        "state": "ACT",
        "price": "670",
        "price_per_unit": "179",
        "price_unit": "ML"
      },
      {
        "state": "NT",
        "price": "665",
        "price_per_unit": "177",
        "price_unit": "ML"
      }
    ]
  },
  {
    "source_url": "https://www.woolworths.com.au/shop/productdetails/374575/beerenberg-dressings-parmesan-caesar",
    "name": "Beerenberg Dressings Parmesan Caesar 300ml",
    "image_url": "https://cdn1.woolworths.media/content/wowproductimages/large/374575.jpg",
    "source_id": "Woolworths - 374575",
    "barcode": "9311485001699",
    "shop": "Woolworths",
    "weight": "100ML",
    "prices": [
      {
        "state": "VIC",
        "price": "670",
        "price_per_unit": "223",
        "price_unit": "ML"
      },
      {
        "state": "QLD",
        "price": "670",
        "price_per_unit": "223",
        "price_unit": "ML"
      },
      {
        "state": "WA",
        "price": "670",
        "price_per_unit": "223",
        "price_unit": "ML"
      },
      {
        "state": "SA",
        "price": "670",
        "price_per_unit": "223",
        "price_unit": "ML"
      },
      {
        "state": "TAS",
        "price": "670",
        "price_per_unit": "223",
        "price_unit": "ML"
      },
      {
        "state": "ACT",
        "price": "670",
        "price_per_unit": "223",
        "price_unit": "ML"
      }
    ]
  },
  {
    "source_url": "https://www.woolworths.com.au/shop/productdetails/636346/beerenberg-honey-mustard-dressing",
    "name": "Beerenberg Honey Mustard Dressing 300ml",
    "image_url": "https://cdn1.woolworths.media/content/wowproductimages/large/636346.jpg",
    "source_id": "Woolworths - 636346",
    "barcode": "9311485001873",
    "shop": "Woolworths",
    "weight": "100ML",
    "prices": [
      {
        "state": "VIC",
        "price": "670",
        "price_per_unit": "223",
        "price_unit": "ML"
      },
      {
        "state": "QLD",
        "price": "670",
        "price_per_unit": "223",
        "price_unit": "ML"
      },
      {
        "state": "WA",
        "price": "670",
        "price_per_unit": "223",
        "price_unit": "ML"
      },
      {
        "state": "SA",
        "price": "670",
        "price_per_unit": "223",
        "price_unit": "ML"
      },
      {
        "state": "TAS",
        "price": "670",
        "price_per_unit": "223",
        "price_unit": "ML"
      },
      {
        "state": "ACT",
        "price": "670",
        "price_per_unit": "223",
        "price_unit": "ML"
      }
    ]
  },
  {
    "source_url": "https://www.woolworths.com.au/shop/productdetails/919317/beerenberg-lemon-caper-dressing",
    "name": "Beerenberg Lemon & Caper Dressing 300ml",
    "image_url": "https://cdn1.woolworths.media/content/wowproductimages/large/919317.jpg",
    "source_id": "Woolworths - 919317",
    "barcode": "9311485004294",
    "shop": "Woolworths",
    "weight": "100ML",
    "prices": [
      {
        "state": "VIC",
        "price": "670",
        "price_per_unit": "223",
        "price_unit": "ML"
      },
      {
        "state": "QLD",
        "price": "670",
        "price_per_unit": "223",
        "price_unit": "ML"
      },
      {
        "state": "WA",
        "price": "670",
        "price_per_unit": "223",
        "price_unit": "ML"
      },
      {
        "state": "SA",
        "price": "670",
        "price_per_unit": "223",
        "price_unit": "ML"
      },
      {
        "state": "TAS",
        "price": "670",
        "price_per_unit": "223",
        "price_unit": "ML"
      }
    ]
  },
  {
    "source_url": "https://www.woolworths.com.au/shop/productdetails/789815/beerenberg-mango-lime-chilli-dressing",
    "name": "Beerenberg Mango, Lime & Chilli Dressing 300ml",
    "image_url": "https://cdn1.woolworths.media/content/wowproductimages/large/789815.jpg",
    "source_id": "Woolworths - 789815",
    "barcode": "9311485001866",
    "shop": "Woolworths",
    "weight": "100ML",
    "prices": [
      {
        "state": "VIC",
        "price": "670",
        "price_per_unit": "223",
        "price_unit": "ML"
      },
      {
        "state": "QLD",
        "price": "670",
        "price_per_unit": "223",
        "price_unit": "ML"
      },
      {
        "state": "WA",
        "price": "670",
        "price_per_unit": "223",
        "price_unit": "ML"
      },
      {
        "state": "SA",
        "price": "670",
        "price_per_unit": "223",
        "price_unit": "ML"
      },
      {
        "state": "TAS",
        "price": "670",
        "price_per_unit": "223",
        "price_unit": "ML"
      },
      {
        "state": "ACT",
        "price": "670",
        "price_per_unit": "223",
        "price_unit": "ML"
      }
    ]
  },
  {
    "source_url": "https://www.woolworths.com.au/shop/productdetails/167516/belladotti-salad-toppers-bacon-bits",
    "name": "Belladotti Salad Toppers Bacon Bits 90g",
    "image_url": "https://cdn1.woolworths.media/content/wowproductimages/large/167516.jpg",
    "source_id": "Woolworths - 167516",
    "barcode": "9349990000708",
    "shop": "Woolworths",
    "weight": "100G",
    "prices": [
      {
        "state": "VIC",
        "price": "390",
        "price_per_unit": "433",
        "price_unit": "G"
      },
      {
        "state": "QLD",
        "price": "390",
        "price_per_unit": "433",
        "price_unit": "G"
      },
      {
        "state": "WA",
        "price": "390",
        "price_per_unit": "433",
        "price_unit": "G"
      },
      {
        "state": "SA",
        "price": "390",
        "price_per_unit": "433",
        "price_unit": "G"
      },
      {
        "state": "TAS",
        "price": "390",
        "price_per_unit": "433",
        "price_unit": "G"
      },
      {
        "state": "ACT",
        "price": "390",
        "price_per_unit": "433",
        "price_unit": "G"
      },
      {
        "state": "NT",
        "price": "410",
        "price_per_unit": "456",
        "price_unit": "G"
      }
    ]
  },
  {
    "source_url": "https://www.woolworths.com.au/shop/productdetails/167586/belladotti-salad-toppers-crispy-onions",
    "name": "Belladotti Salad Toppers Crispy Onions 90g",
    "image_url": "https://cdn1.woolworths.media/content/wowproductimages/large/167586.jpg",
    "source_id": "Woolworths - 167586",
    "barcode": "9349990000692",
    "shop": "Woolworths",
    "weight": "100G",
    "prices": [
      {
        "state": "VIC",
        "price": "390",
        "price_per_unit": "433",
        "price_unit": "G"
      },
      {
        "state": "QLD",
        "price": "390",
        "price_per_unit": "433",
        "price_unit": "G"
      },
      {
        "state": "WA",
        "price": "390",
        "price_per_unit": "433",
        "price_unit": "G"
      },
      {
        "state": "SA",
        "price": "390",
        "price_per_unit": "433",
        "price_unit": "G"
      },
      {
        "state": "TAS",
        "price": "390",
        "price_per_unit": "433",
        "price_unit": "G"
      },
      {
        "state": "ACT",
        "price": "390",
        "price_per_unit": "433",
        "price_unit": "G"
      }
    ]
  },
  {
    "source_url": "https://www.woolworths.com.au/shop/productdetails/304977/best-foods-real-mayonnaise-jar",
    "name": "Best Foods Real Mayonnaise Jar 405g",
    "image_url": "https://cdn1.woolworths.media/content/wowproductimages/large/304977.jpg",
    "source_id": "Woolworths - 304977",
    "barcode": "9415559040017",
    "shop": "Woolworths",
    "weight": "100G",
    "prices": [
      {
        "state": "VIC",
        "price": "650",
        "price_per_unit": "160",
        "price_unit": "G"
      },
      {
        "state": "QLD",
        "price": "650",
        "price_per_unit": "160",
        "price_unit": "G"
      },
      {
        "state": "WA",
        "price": "650",
        "price_per_unit": "160",
        "price_unit": "G"
      },
      {
        "state": "SA",
        "price": "650",
        "price_per_unit": "160",
        "price_unit": "G"
      },
      {
        "state": "TAS",
        "price": "525",
        "price_per_unit": "130",
        "price_unit": "G"
      },
      {
        "state": "ACT",
        "price": "525",
        "price_per_unit": "130",
        "price_unit": "G"
      },
      {
        "state": "NT",
        "price": "560",
        "price_per_unit": "138",
        "price_unit": "G"
      }
    ]
  },
  {
    "source_url": "https://www.woolworths.com.au/shop/productdetails/332183/best-foods-real-mayonnaise-jar",
    "name": "Best Foods Real Mayonnaise Jar 810g",
    "image_url": "https://cdn1.woolworths.media/content/wowproductimages/large/332183.jpg",
    "source_id": "Woolworths - 332183",
    "barcode": "9415559040031",
    "shop": "Woolworths",
    "weight": "100G",
    "prices": [
      {
        "state": "VIC",
        "price": "850",
        "price_per_unit": "105",
        "price_unit": "G"
      },
      {
        "state": "QLD",
        "price": "850",
        "price_per_unit": "105",
        "price_unit": "G"
      },
      {
        "state": "WA",
        "price": "850",
        "price_per_unit": "105",
        "price_unit": "G"
      },
      {
        "state": "SA",
        "price": "850",
        "price_per_unit": "105",
        "price_unit": "G"
      },
      {
        "state": "TAS",
        "price": "850",
        "price_per_unit": "105",
        "price_unit": "G"
      },
      {
        "state": "ACT",
        "price": "850",
        "price_per_unit": "105",
        "price_unit": "G"
      },
      {
        "state": "NT",
        "price": "850",
        "price_per_unit": "105",
        "price_unit": "G"
      }
    ]
  },
  {
    "source_url": "https://www.woolworths.com.au/shop/productdetails/169015/calbee-harvest-snaps-tasty-toppers-garlic-rosemary-flavour",
    "name": "Calbee Harvest Snaps Tasty Toppers Garlic & Rosemary Flavour 60g",
    "image_url": "https://cdn1.woolworths.media/content/wowproductimages/large/169015.jpg",
    "source_id": "Woolworths - 169015",
    "barcode": "9351585000574",
    "shop": "Woolworths",
    "weight": "100G",
    "prices": [
      {
        "state": "VIC",
        "price": "300",
        "price_per_unit": "500",
        "price_unit": "G"
      },
      {
        "state": "QLD",
        "price": "300",
        "price_per_unit": "500",
        "price_unit": "G"
      },
      {
        "state": "WA",
        "price": "300",
        "price_per_unit": "500",
        "price_unit": "G"
      },
      {
        "state": "SA",
        "price": "300",
        "price_per_unit": "500",
        "price_unit": "G"
      },
      {
        "state": "TAS",
        "price": "300",
        "price_per_unit": "500",
        "price_unit": "G"
      },
      {
        "state": "ACT",
        "price": "300",
        "price_per_unit": "500",
        "price_unit": "G"
      },
      {
        "state": "NT",
        "price": "300",
        "price_per_unit": "500",
        "price_unit": "G"
      }
    ]
  },
  {
    "source_url": "https://www.woolworths.com.au/shop/productdetails/347583/calbee-harvest-snaps-tasty-toppers-parmesan-black-pepper",
    "name": "Calbee Harvest Snaps Tasty Toppers Parmesan & Black Pepper 60g",
    "image_url": "https://cdn1.woolworths.media/content/wowproductimages/large/347583.jpg",
    "source_id": "Woolworths - 347583",
    "barcode": "9351585001335",
    "shop": "Woolworths",
    "weight": "100G",
    "prices": [
      {
        "state": "VIC",
        "price": "300",
        "price_per_unit": "500",
        "price_unit": "G"
      },
      {
        "state": "QLD",
        "price": "300",
        "price_per_unit": "500",
        "price_unit": "G"
      },
      {
        "state": "WA",
        "price": "300",
        "price_per_unit": "500",
        "price_unit": "G"
      },
      {
        "state": "TAS",
        "price": "300",
        "price_per_unit": "500",
        "price_unit": "G"
      },
      {
        "state": "ACT",
        "price": "300",
        "price_per_unit": "500",
        "price_unit": "G"
      },
      {
        "state": "NT",
        "price": "300",
        "price_per_unit": "500",
        "price_unit": "G"
      }
    ]
  },
  {
    "source_url": "https://www.woolworths.com.au/shop/productdetails/922946/celebrate-health-vegan-mayo",
    "name": "Celebrate Health Vegan Mayo 250g",
    "image_url": "https://cdn1.woolworths.media/content/wowproductimages/large/922946.jpg",
    "source_id": "Woolworths - 922946",
    "barcode": "9337484003427",
    "shop": "Woolworths",
    "weight": "100G",
    "prices": [
      {
        "state": "VIC",
        "price": "400",
        "price_per_unit": "160",
        "price_unit": "G"
      },
      {
        "state": "QLD",
        "price": "400",
        "price_per_unit": "160",
        "price_unit": "G"
      },
      {
        "state": "WA",
        "price": "400",
        "price_per_unit": "160",
        "price_unit": "G"
      },
      {
        "state": "SA",
        "price": "400",
        "price_per_unit": "160",
        "price_unit": "G"
      },
      {
        "state": "TAS",
        "price": "400",
        "price_per_unit": "160",
        "price_unit": "G"
      },
      {
        "state": "ACT",
        "price": "400",
        "price_per_unit": "160",
        "price_unit": "G"
      },
      {
        "state": "NT",
        "price": "400",
        "price_per_unit": "160",
        "price_unit": "G"
      }
    ]
  },
  {
    "source_url": "https://www.woolworths.com.au/shop/productdetails/496355/cornwell-s-apple-cider-vinegar",
    "name": "Cornwell's Apple Cider Vinegar 375ml",
    "image_url": "https://cdn1.woolworths.media/content/wowproductimages/large/496355.jpg",
    "source_id": "Woolworths - 496355",
    "barcode": "93217347",
    "shop": "Woolworths",
    "weight": "100ML",
    "prices": [
      {
        "state": "VIC",
        "price": "300",
        "price_per_unit": "80",
        "price_unit": "ML"
      },
      {
        "state": "QLD",
        "price": "300",
        "price_per_unit": "80",
        "price_unit": "ML"
      },
      {
        "state": "WA",
        "price": "300",
        "price_per_unit": "80",
        "price_unit": "ML"
      },
      {
        "state": "SA",
        "price": "300",
        "price_per_unit": "80",
        "price_unit": "ML"
      },
      {
        "state": "TAS",
        "price": "300",
        "price_per_unit": "80",
        "price_unit": "ML"
      },
      {
        "state": "ACT",
        "price": "300",
        "price_per_unit": "80",
        "price_unit": "ML"
      },
      {
        "state": "NT",
        "price": "300",
        "price_per_unit": "80",
        "price_unit": "ML"
      }
    ]
  },
  {
    "source_url": "https://www.woolworths.com.au/shop/productdetails/32523/cornwell-s-apple-cider-vinegar-cider",
    "name": "Cornwell's Apple Cider Vinegar Cider 2l",
    "image_url": "https://cdn1.woolworths.media/content/wowproductimages/large/032523.jpg",
    "source_id": "Woolworths - 32523",
    "barcode": "9310159603405",
    "shop": "Woolworths",
    "weight": "100ML",
    "prices": [
      {
        "state": "VIC",
        "price": "700",
        "price_per_unit": "35",
        "price_unit": "ML"
      },
      {
        "state": "QLD",
        "price": "700",
        "price_per_unit": "35",
        "price_unit": "ML"
      },
      {
        "state": "WA",
        "price": "700",
        "price_per_unit": "35",
        "price_unit": "ML"
      },
      {
        "state": "SA",
        "price": "700",
        "price_per_unit": "35",
        "price_unit": "ML"
      },
      {
        "state": "TAS",
        "price": "700",
        "price_per_unit": "35",
        "price_unit": "ML"
      },
      {
        "state": "ACT",
        "price": "700",
        "price_per_unit": "35",
        "price_unit": "ML"
      },
      {
        "state": "NT",
        "price": "700",
        "price_per_unit": "35",
        "price_unit": "ML"
      }
    ]
  },
  {
    "source_url": "https://www.woolworths.com.au/shop/productdetails/78652/cornwell-s-apple-cider-vinegar-cider",
    "name": "Cornwell's Apple Cider Vinegar Cider 750ml",
    "image_url": "https://cdn1.woolworths.media/content/wowproductimages/large/078652.jpg",
    "source_id": "Woolworths - 78652",
    "barcode": "9310159526100",
    "shop": "Woolworths",
    "weight": "100ML",
    "prices": [
      {
        "state": "VIC",
        "price": "350",
        "price_per_unit": "47",
        "price_unit": "ML"
      },
      {
        "state": "QLD",
        "price": "350",
        "price_per_unit": "47",
        "price_unit": "ML"
      },
      {
        "state": "WA",
        "price": "350",
        "price_per_unit": "47",
        "price_unit": "ML"
      },
      {
        "state": "SA",
        "price": "350",
        "price_per_unit": "47",
        "price_unit": "ML"
      },
      {
        "state": "TAS",
        "price": "350",
        "price_per_unit": "47",
        "price_unit": "ML"
      },
      {
        "state": "ACT",
        "price": "450",
        "price_per_unit": "60",
        "price_unit": "ML"
      },
      null
    ]
  },
  {
    "source_url": "https://www.woolworths.com.au/shop/productdetails/694836/cornwell-s-organic-apple-cider-vinegar",
    "name": "Cornwell's Organic Apple Cider Vinegar 500ml",
    "image_url": "https://cdn1.woolworths.media/content/wowproductimages/large/694836.jpg",
    "source_id": "Woolworths - 694836",
    "barcode": "9310047218124",
    "shop": "Woolworths",
    "weight": "100ML",
    "prices": [
      {
        "state": "VIC",
        "price": "565",
        "price_per_unit": "113",
        "price_unit": "ML"
      },
      {
        "state": "QLD",
        "price": "565",
        "price_per_unit": "113",
        "price_unit": "ML"
      },
      {
        "state": "WA",
        "price": "565",
        "price_per_unit": "113",
        "price_unit": "ML"
      },
      {
        "state": "SA",
        "price": "565",
        "price_per_unit": "113",
        "price_unit": "ML"
      },
      {
        "state": "TAS",
        "price": "565",
        "price_per_unit": "113",
        "price_unit": "ML"
      },
      {
        "state": "ACT",
        "price": "565",
        "price_per_unit": "113",
        "price_unit": "ML"
      },
      {
        "state": "NT",
        "price": "565",
        "price_per_unit": "113",
        "price_unit": "ML"
      }
    ]
  },
  {
    "source_url": "https://www.woolworths.com.au/shop/productdetails/16927/cornwell-s-vinegar-malt",
    "name": "Cornwell's Vinegar Malt 750ml",
    "image_url": "https://cdn1.woolworths.media/content/wowproductimages/large/016927.jpg",
    "source_id": "Woolworths - 16927",
    "barcode": "9310159522300",
    "shop": "Woolworths",
    "weight": "100ML",
    "prices": [
      {
        "state": "VIC",
        "price": "250",
        "price_per_unit": "33",
        "price_unit": "ML"
      },
      {
        "state": "QLD",
        "price": "250",
        "price_per_unit": "33",
        "price_unit": "ML"
      },
      {
        "state": "WA",
        "price": "250",
        "price_per_unit": "33",
        "price_unit": "ML"
      },
      {
        "state": "SA",
        "price": "250",
        "price_per_unit": "33",
        "price_unit": "ML"
      },
      {
        "state": "TAS",
        "price": "350",
        "price_per_unit": "47",
        "price_unit": "ML"
      },
      {
        "state": "ACT",
        "price": "350",
        "price_per_unit": "47",
        "price_unit": "ML"
      },
      {
        "state": "NT",
        "price": "350",
        "price_per_unit": "47",
        "price_unit": "ML"
      }
    ]
  },
  {
    "source_url": "https://www.woolworths.com.au/shop/productdetails/25671/cornwell-s-white-vinegar-white",
    "name": "Cornwell's White Vinegar White 2l",
    "image_url": "https://cdn1.woolworths.media/content/wowproductimages/large/025671.jpg",
    "source_id": "Woolworths - 25671",
    "barcode": "9310159538608",
    "shop": "Woolworths",
    "weight": "100ML",
    "prices": [
      {
        "state": "VIC",
        "price": "450",
        "price_per_unit": "23",
        "price_unit": "ML"
      },
      {
        "state": "QLD",
        "price": "450",
        "price_per_unit": "23",
        "price_unit": "ML"
      },
      {
        "state": "WA",
        "price": "450",
        "price_per_unit": "23",
        "price_unit": "ML"
      },
      {
        "state": "SA",
        "price": "450",
        "price_per_unit": "23",
        "price_unit": "ML"
      },
      {
        "state": "TAS",
        "price": "450",
        "price_per_unit": "23",
        "price_unit": "ML"
      },
      {
        "state": "ACT",
        "price": "450",
        "price_per_unit": "23",
        "price_unit": "ML"
      },
      {
        "state": "NT",
        "price": "450",
        "price_per_unit": "23",
        "price_unit": "ML"
      }
    ]
  },
  {
    "source_url": "https://www.woolworths.com.au/shop/productdetails/91367/cornwell-s-white-vinegar-white",
    "name": "Cornwell's White Vinegar White 375ml",
    "image_url": "https://cdn1.woolworths.media/content/wowproductimages/large/091367.jpg",
    "source_id": "Woolworths - 91367",
    "barcode": "93203906",
    "shop": "Woolworths",
    "weight": "100ML",
    "prices": [
      {
        "state": "VIC",
        "price": "250",
        "price_per_unit": "67",
        "price_unit": "ML"
      },
      {
        "state": "QLD",
        "price": "250",
        "price_per_unit": "67",
        "price_unit": "ML"
      },
      {
        "state": "WA",
        "price": "250",
        "price_per_unit": "67",
        "price_unit": "ML"
      },
      {
        "state": "SA",
        "price": "250",
        "price_per_unit": "67",
        "price_unit": "ML"
      },
      {
        "state": "TAS",
        "price": "250",
        "price_per_unit": "67",
        "price_unit": "ML"
      },
      {
        "state": "ACT",
        "price": "250",
        "price_per_unit": "67",
        "price_unit": "ML"
      },
      {
        "state": "NT",
        "price": "250",
        "price_per_unit": "67",
        "price_unit": "ML"
      }
    ]
  },
  {
    "source_url": "https://www.woolworths.com.au/shop/productdetails/32502/eta-dressings-potato-salad",
    "name": "Eta Dressings Potato Salad 365g",
    "image_url": "https://cdn1.woolworths.media/content/wowproductimages/large/032502.jpg",
    "source_id": "Woolworths - 32502",
    "barcode": "9310057606003",
    "shop": "Woolworths",
    "weight": "100G",
    "prices": [
      {
        "state": "VIC",
        "price": "400",
        "price_per_unit": "110",
        "price_unit": "G"
      },
      {
        "state": "QLD",
        "price": "400",
        "price_per_unit": "110",
        "price_unit": "G"
      },
      {
        "state": "WA",
        "price": "400",
        "price_per_unit": "110",
        "price_unit": "G"
      },
      {
        "state": "NT",
        "price": "420",
        "price_per_unit": "115",
        "price_unit": "G"
      }
    ]
  },
  {
    "source_url": "https://www.woolworths.com.au/shop/productdetails/919098/heinz-margherita-pizza-mayonnaise",
    "name": "Heinz Margherita Pizza Mayonnaise 295mL",
    "image_url": "https://cdn1.woolworths.media/content/wowproductimages/large/919098.jpg",
    "source_id": "Woolworths - 919098",
    "barcode": "9300657023607",
    "shop": "Woolworths",
    "weight": "100ML",
    "prices": [
      {
        "state": "VIC",
        "price": "550",
        "price_per_unit": "186",
        "price_unit": "ML"
      },
      {
        "state": "QLD",
        "price": "550",
        "price_per_unit": "186",
        "price_unit": "ML"
      },
      {
        "state": "WA",
        "price": "550",
        "price_per_unit": "186",
        "price_unit": "ML"
      },
      {
        "state": "SA",
        "price": "550",
        "price_per_unit": "186",
        "price_unit": "ML"
      },
      {
        "state": "TAS",
        "price": "550",
        "price_per_unit": "186",
        "price_unit": "ML"
      },
      {
        "state": "ACT",
        "price": "450",
        "price_per_unit": "153",
        "price_unit": "ML"
      },
      {
        "state": "NT",
        "price": "480",
        "price_per_unit": "163",
        "price_unit": "ML"
      },
      {
        "state": "NT",
        "price": "450",
        "price_per_unit": "153",
        "price_unit": "ML"
      }
    ]
  },
  {
    "source_url": "https://www.woolworths.com.au/shop/productdetails/919475/heinz-seriously-good-caramelised-onion-aioli",
    "name": "Heinz Seriously Good Caramelised Onion Aioli 295mL",
    "image_url": "https://cdn1.woolworths.media/content/wowproductimages/large/919475.jpg",
    "source_id": "Woolworths - 919475",
    "barcode": "9300657023621",
    "shop": "Woolworths",
    "weight": "100ML",
    "prices": [
      {
        "state": "VIC",
        "price": "550",
        "price_per_unit": "186",
        "price_unit": "ML"
      },
      {
        "state": "QLD",
        "price": "550",
        "price_per_unit": "186",
        "price_unit": "ML"
      },
      {
        "state": "WA",
        "price": "550",
        "price_per_unit": "186",
        "price_unit": "ML"
      },
      {
        "state": "SA",
        "price": "550",
        "price_per_unit": "186",
        "price_unit": "ML"
      },
      {
        "state": "TAS",
        "price": "550",
        "price_per_unit": "186",
        "price_unit": "ML"
      },
      {
        "state": "ACT",
        "price": "450",
        "price_per_unit": "153",
        "price_unit": "ML"
      },
      {
        "state": "NT",
        "price": "480",
        "price_per_unit": "163",
        "price_unit": "ML"
      },
      {
        "state": "NT",
        "price": "450",
        "price_per_unit": "153",
        "price_unit": "ML"
      }
    ]
  },
  {
    "source_url": "https://www.woolworths.com.au/shop/productdetails/919585/heinz-seriously-good-cheesy-garlic-bread-aioli",
    "name": "Heinz Seriously Good Cheesy Garlic Bread Aioli 295mL",
    "image_url": "https://cdn1.woolworths.media/content/wowproductimages/large/919585.jpg",
    "source_id": "Woolworths - 919585",
    "barcode": "9300657023638",
    "shop": "Woolworths",
    "weight": "100ML",
    "prices": [
      {
        "state": "VIC",
        "price": "550",
        "price_per_unit": "186",
        "price_unit": "ML"
      },
      {
        "state": "QLD",
        "price": "550",
        "price_per_unit": "186",
        "price_unit": "ML"
      },
      {
        "state": "WA",
        "price": "550",
        "price_per_unit": "186",
        "price_unit": "ML"
      },
      {
        "state": "SA",
        "price": "550",
        "price_per_unit": "186",
        "price_unit": "ML"
      },
      {
        "state": "TAS",
        "price": "550",
        "price_per_unit": "186",
        "price_unit": "ML"
      },
      {
        "state": "ACT",
        "price": "450",
        "price_per_unit": "153",
        "price_unit": "ML"
      },
      {
        "state": "NT",
        "price": "480",
        "price_per_unit": "163",
        "price_unit": "ML"
      },
      {
        "state": "NT",
        "price": "450",
        "price_per_unit": "153",
        "price_unit": "ML"
      }
    ]
  },
  {
    "source_url": "https://www.woolworths.com.au/shop/productdetails/787156/heinz-seriously-good-lite-aioli",
    "name": "Heinz Seriously Good Lite Aioli 295mL",
    "image_url": "https://cdn1.woolworths.media/content/wowproductimages/large/787156.jpg",
    "source_id": "Woolworths - 787156",
    "barcode": "9300657021702",
    "shop": "Woolworths",
    "weight": "100ML",
    "prices": [
      {
        "state": "VIC",
        "price": "550",
        "price_per_unit": "186",
        "price_unit": "ML"
      },
      {
        "state": "QLD",
        "price": "550",
        "price_per_unit": "186",
        "price_unit": "ML"
      },
      {
        "state": "WA",
        "price": "550",
        "price_per_unit": "186",
        "price_unit": "ML"
      },
      {
        "state": "SA",
        "price": "550",
        "price_per_unit": "186",
        "price_unit": "ML"
      },
      {
        "state": "TAS",
        "price": "550",
        "price_per_unit": "186",
        "price_unit": "ML"
      },
      {
        "state": "ACT",
        "price": "450",
        "price_per_unit": "153",
        "price_unit": "ML"
      },
      {
        "state": "NT",
        "price": "480",
        "price_per_unit": "163",
        "price_unit": "ML"
      },
      {
        "state": "NT",
        "price": "450",
        "price_per_unit": "153",
        "price_unit": "ML"
      }
    ]
  },
  {
    "source_url": "https://www.woolworths.com.au/shop/productdetails/799368/heinz-seriously-good-mayonnaise-original-mayo",
    "name": "Heinz Seriously Good Mayonnaise Original Mayo 500ml",
    "image_url": "https://cdn1.woolworths.media/content/wowproductimages/large/799368.jpg",
    "source_id": "Woolworths - 799368",
    "barcode": "9300657021863",
    "shop": "Woolworths",
    "weight": "100ML",
    "prices": [
      {
        "state": "VIC",
        "price": "650",
        "price_per_unit": "130",
        "price_unit": "ML"
      },
      {
        "state": "QLD",
        "price": "650",
        "price_per_unit": "130",
        "price_unit": "ML"
      },
      {
        "state": "WA",
        "price": "650",
        "price_per_unit": "130",
        "price_unit": "ML"
      },
      {
        "state": "SA",
        "price": "650",
        "price_per_unit": "130",
        "price_unit": "ML"
      },
      {
        "state": "TAS",
        "price": "830",
        "price_per_unit": "166",
        "price_unit": "ML"
      },
      {
        "state": "ACT",
        "price": "830",
        "price_per_unit": "166",
        "price_unit": "ML"
      },
      {
        "state": "NT",
        "price": "870",
        "price_per_unit": "174",
        "price_unit": "ML"
      },
      {
        "state": "NT",
        "price": "830",
        "price_per_unit": "166",
        "price_unit": "ML"
      }
    ]
  },
  {
    "source_url": "https://www.woolworths.com.au/shop/productdetails/164531/heinz-seriously-good-mayonnaise-vegan-mayo",
    "name": "Heinz Seriously Good Mayonnaise Vegan Mayo 270ml",
    "image_url": "https://cdn1.woolworths.media/content/wowproductimages/large/164531.jpg",
    "source_id": "Woolworths - 164531",
    "barcode": "9300657022211",
    "shop": "Woolworths",
    "weight": "100ML",
    "prices": [
      {
        "state": "VIC",
        "price": "480",
        "price_per_unit": "178",
        "price_unit": "ML"
      },
      {
        "state": "QLD",
        "price": "480",
        "price_per_unit": "178",
        "price_unit": "ML"
      },
      {
        "state": "WA",
        "price": "480",
        "price_per_unit": "178",
        "price_unit": "ML"
      },
      {
        "state": "SA",
        "price": "480",
        "price_per_unit": "178",
        "price_unit": "ML"
      },
      {
        "state": "TAS",
        "price": "600",
        "price_per_unit": "222",
        "price_unit": "ML"
      },
      {
        "state": "ACT",
        "price": "600",
        "price_per_unit": "222",
        "price_unit": "ML"
      },
      {
        "state": "NT",
        "price": "630",
        "price_per_unit": "233",
        "price_unit": "ML"
      },
      {
        "state": "NT",
        "price": "600",
        "price_per_unit": "222",
        "price_unit": "ML"
      }
    ]
  },
  {
    "source_url": "https://www.woolworths.com.au/shop/productdetails/347516/heinz-vegan-smokey-mayo",
    "name": "Heinz Vegan Smokey Mayo 270ml",
    "image_url": "https://cdn1.woolworths.media/content/wowproductimages/large/347516.jpg",
    "source_id": "Woolworths - 347516",
    "barcode": "9300657022266",
    "shop": "Woolworths",
    "weight": "100ML",
    "prices": [
      {
        "state": "VIC",
        "price": "480",
        "price_per_unit": "178",
        "price_unit": "ML"
      },
      {
        "state": "QLD",
        "price": "480",
        "price_per_unit": "178",
        "price_unit": "ML"
      },
      {
        "state": "WA",
        "price": "480",
        "price_per_unit": "178",
        "price_unit": "ML"
      },
      {
        "state": "TAS",
        "price": "480",
        "price_per_unit": "178",
        "price_unit": "ML"
      },
      {
        "state": "ACT",
        "price": "600",
        "price_per_unit": "222",
        "price_unit": "ML"
      },
      {
        "state": "NT",
        "price": "630",
        "price_per_unit": "233",
        "price_unit": "ML"
      },
      {
        "state": "NT",
        "price": "600",
        "price_per_unit": "222",
        "price_unit": "ML"
      }
    ]
  },
  {
    "source_url": "https://www.woolworths.com.au/shop/productdetails/919597/heinz-zesty-lime-herb-mayonnaise",
    "name": "Heinz Zesty Lime & Herb Mayonnaise 295mL",
    "image_url": "https://cdn1.woolworths.media/content/wowproductimages/large/919597.jpg",
    "source_id": "Woolworths - 919597",
    "barcode": "9300657023614",
    "shop": "Woolworths",
    "weight": "100ML",
    "prices": [
      {
        "state": "VIC",
        "price": "550",
        "price_per_unit": "186",
        "price_unit": "ML"
      },
      {
        "state": "QLD",
        "price": "550",
        "price_per_unit": "186",
        "price_unit": "ML"
      },
      {
        "state": "WA",
        "price": "550",
        "price_per_unit": "186",
        "price_unit": "ML"
      },
      {
        "state": "SA",
        "price": "550",
        "price_per_unit": "186",
        "price_unit": "ML"
      },
      {
        "state": "TAS",
        "price": "550",
        "price_per_unit": "186",
        "price_unit": "ML"
      },
      {
        "state": "ACT",
        "price": "450",
        "price_per_unit": "153",
        "price_unit": "ML"
      },
      {
        "state": "NT",
        "price": "480",
        "price_per_unit": "163",
        "price_unit": "ML"
      },
      {
        "state": "NT",
        "price": "450",
        "price_per_unit": "153",
        "price_unit": "ML"
      }
    ]
  },
  {
    "source_url": "https://www.woolworths.com.au/shop/productdetails/232562/hellmann-s-garlic-aioli-squeeze-mayo",
    "name": "Hellmann's Garlic Aioli Squeeze Mayo 252 g",
    "image_url": "https://cdn1.woolworths.media/content/wowproductimages/large/232562.jpg",
    "source_id": "Woolworths - 232562",
    "barcode": "8720182344267",
    "shop": "Woolworths",
    "weight": "100G",
    "prices": [
      {
        "state": "VIC",
        "price": "600",
        "price_per_unit": "238",
        "price_unit": "G"
      },
      {
        "state": "QLD",
        "price": "600",
        "price_per_unit": "238",
        "price_unit": "G"
      },
      {
        "state": "WA",
        "price": "600",
        "price_per_unit": "238",
        "price_unit": "G"
      },
      {
        "state": "SA",
        "price": "600",
        "price_per_unit": "238",
        "price_unit": "G"
      },
      {
        "state": "TAS",
        "price": "600",
        "price_per_unit": "238",
        "price_unit": "G"
      },
      {
        "state": "ACT",
        "price": "400",
        "price_per_unit": "159",
        "price_unit": "G"
      },
      {
        "state": "NT",
        "price": "400",
        "price_per_unit": "159",
        "price_unit": "G"
      },
      {
        "state": "NT",
        "price": "400",
        "price_per_unit": "159",
        "price_unit": "G"
      }
    ]
  },
  {
    "source_url": "https://www.woolworths.com.au/shop/productdetails/232236/hellmann-s-light-mayo-squeeze-bottle",
    "name": "Hellmann's Light Mayo Squeeze Bottle 432g",
    "image_url": "https://cdn1.woolworths.media/content/wowproductimages/large/232236.jpg",
    "source_id": "Woolworths - 232236",
    "barcode": "8720182343819",
    "shop": "Woolworths",
    "weight": "100G",
    "prices": [
      {
        "state": "VIC",
        "price": "800",
        "price_per_unit": "185",
        "price_unit": "G"
      },
      {
        "state": "QLD",
        "price": "800",
        "price_per_unit": "185",
        "price_unit": "G"
      },
      {
        "state": "WA",
        "price": "800",
        "price_per_unit": "185",
        "price_unit": "G"
      },
      {
        "state": "SA",
        "price": "800",
        "price_per_unit": "185",
        "price_unit": "G"
      },
      {
        "state": "TAS",
        "price": "550",
        "price_per_unit": "127",
        "price_unit": "G"
      },
      {
        "state": "ACT",
        "price": "550",
        "price_per_unit": "127",
        "price_unit": "G"
      },
      {
        "state": "NT",
        "price": "580",
        "price_per_unit": "134",
        "price_unit": "G"
      },
      {
        "state": "NT",
        "price": "550",
        "price_per_unit": "127",
        "price_unit": "G"
      }
    ]
  },
  {
    "source_url": "https://www.woolworths.com.au/shop/productdetails/232563/hellmann-s-light-mayonnaise-jar",
    "name": "Hellmann's Light Mayonnaise Jar 400g",
    "image_url": "https://cdn1.woolworths.media/content/wowproductimages/large/232563.jpg",
    "source_id": "Woolworths - 232563",
    "barcode": "8720182344656",
    "shop": "Woolworths",
    "weight": "100G",
    "prices": [
      {
        "state": "VIC",
        "price": "500",
        "price_per_unit": "125",
        "price_unit": "G"
      },
      {
        "state": "QLD",
        "price": "500",
        "price_per_unit": "125",
        "price_unit": "G"
      },
      {
        "state": "WA",
        "price": "500",
        "price_per_unit": "125",
        "price_unit": "G"
      },
      {
        "state": "SA",
        "price": "500",
        "price_per_unit": "125",
        "price_unit": "G"
      },
      {
        "state": "TAS",
        "price": "500",
        "price_per_unit": "125",
        "price_unit": "G"
      },
      {
        "state": "ACT",
        "price": "750",
        "price_per_unit": "188",
        "price_unit": "G"
      },
      {
        "state": "NT",
        "price": "790",
        "price_per_unit": "198",
        "price_unit": "G"
      },
      {
        "state": "NT",
        "price": "750",
        "price_per_unit": "188",
        "price_unit": "G"
      }
    ]
  },
  {
    "source_url": "https://www.woolworths.com.au/shop/productdetails/919474/hellmann-s-plant-based-mayo",
    "name": "Hellmann's Plant Based Mayo 320g",
    "image_url": "https://cdn1.woolworths.media/content/wowproductimages/large/919474.jpg",
    "source_id": "Woolworths - 919474",
    "barcode": "8720182839428",
    "shop": "Woolworths",
    "weight": "100G",
    "prices": [
      {
        "state": "VIC",
        "price": "850",
        "price_per_unit": "266",
        "price_unit": "G"
      },
      {
        "state": "QLD",
        "price": "850",
        "price_per_unit": "266",
        "price_unit": "G"
      },
      {
        "state": "WA",
        "price": "850",
        "price_per_unit": "266",
        "price_unit": "G"
      },
      {
        "state": "TAS",
        "price": "850",
        "price_per_unit": "266",
        "price_unit": "G"
      },
      {
        "state": "ACT",
        "price": "850",
        "price_per_unit": "266",
        "price_unit": "G"
      },
      {
        "state": "NT",
        "price": "850",
        "price_per_unit": "266",
        "price_unit": "G"
      },
      {
        "state": "NT",
        "price": "850",
        "price_per_unit": "266",
        "price_unit": "G"
      }
    ]
  },
  {
    "source_url": "https://www.woolworths.com.au/shop/productdetails/634893/hellmann-s-real-mayonnaise-jar",
    "name": "Hellmann's Real Mayonnaise Jar 800 g",
    "image_url": "https://cdn1.woolworths.media/content/wowproductimages/large/634893.jpg",
    "source_id": "Woolworths - 634893",
    "barcode": "9300830083268",
    "shop": "Woolworths",
    "weight": "100G",
    "prices": [
      {
        "state": "VIC",
        "price": "1000",
        "price_per_unit": "125",
        "price_unit": "G"
      },
      {
        "state": "QLD",
        "price": "1000",
        "price_per_unit": "125",
        "price_unit": "G"
      },
      {
        "state": "WA",
        "price": "1000",
        "price_per_unit": "125",
        "price_unit": "G"
      },
      {
        "state": "SA",
        "price": "1000",
        "price_per_unit": "125",
        "price_unit": "G"
      },
      {
        "state": "TAS",
        "price": "1100",
        "price_per_unit": "138",
        "price_unit": "G"
      },
      {
        "state": "ACT",
        "price": "1100",
        "price_per_unit": "138",
        "price_unit": "G"
      },
      {
        "state": "NT",
        "price": "1100",
        "price_per_unit": "138",
        "price_unit": "G"
      },
      {
        "state": "NT",
        "price": "1100",
        "price_per_unit": "138",
        "price_unit": "G"
      }
    ]
  },
  {
    "source_url": "https://www.woolworths.com.au/shop/productdetails/305383/hellmann-s-real-mayonnaise-jar-real-mayonnaise",
    "name": "Hellmann's Real Mayonnaise Jar Real Mayonnaise 400 g",
    "image_url": "https://cdn1.woolworths.media/content/wowproductimages/large/305383.jpg",
    "source_id": "Woolworths - 305383",
    "barcode": "5000184321064",
    "shop": "Woolworths",
    "weight": "100G",
    "prices": [
      {
        "state": "VIC",
        "price": "500",
        "price_per_unit": "125",
        "price_unit": "G"
      },
      {
        "state": "QLD",
        "price": "500",
        "price_per_unit": "125",
        "price_unit": "G"
      },
      {
        "state": "WA",
        "price": "500",
        "price_per_unit": "125",
        "price_unit": "G"
      },
      {
        "state": "SA",
        "price": "500",
        "price_per_unit": "125",
        "price_unit": "G"
      },
      {
        "state": "TAS",
        "price": "500",
        "price_per_unit": "125",
        "price_unit": "G"
      },
      {
        "state": "ACT",
        "price": "750",
        "price_per_unit": "188",
        "price_unit": "G"
      },
      {
        "state": "NT",
        "price": "790",
        "price_per_unit": "198",
        "price_unit": "G"
      },
      {
        "state": "NT",
        "price": "750",
        "price_per_unit": "188",
        "price_unit": "G"
      }
    ]
  },
  {
    "source_url": "https://www.woolworths.com.au/shop/productdetails/529030/hellmann-s-real-mayonnaise-squeeze",
    "name": "Hellmann's Real Mayonnaise Squeeze 400 g",
    "image_url": "https://cdn1.woolworths.media/content/wowproductimages/large/529030.jpg",
    "source_id": "Woolworths - 529030",
    "barcode": "8722700479475",
    "shop": "Woolworths",
    "weight": "100G",
    "prices": [
      {
        "state": "VIC",
        "price": "800",
        "price_per_unit": "200",
        "price_unit": "G"
      },
      {
        "state": "QLD",
        "price": "800",
        "price_per_unit": "200",
        "price_unit": "G"
      },
      {
        "state": "WA",
        "price": "800",
        "price_per_unit": "200",
        "price_unit": "G"
      },
      {
        "state": "SA",
        "price": "800",
        "price_per_unit": "200",
        "price_unit": "G"
      },
      {
        "state": "TAS",
        "price": "550",
        "price_per_unit": "138",
        "price_unit": "G"
      },
      {
        "state": "ACT",
        "price": "550",
        "price_per_unit": "138",
        "price_unit": "G"
      },
      {
        "state": "NT",
        "price": "580",
        "price_per_unit": "145",
        "price_unit": "G"
      },
      {
        "state": "NT",
        "price": "550",
        "price_per_unit": "138",
        "price_unit": "G"
      }
    ]
  },
  {
    "source_url": "https://www.woolworths.com.au/shop/productdetails/349106/hellmann-s-real-mayonnaise-squeeze-bottle",
    "name": "Hellmann's Real Mayonnaise Squeeze Bottle 235g",
    "image_url": "https://cdn1.woolworths.media/content/wowproductimages/large/349106.jpg",
    "source_id": "Woolworths - 349106",
    "barcode": "8720182591852",
    "shop": "Woolworths",
    "weight": "100G",
    "prices": [
      {
        "state": "VIC",
        "price": "600",
        "price_per_unit": "255",
        "price_unit": "G"
      },
      {
        "state": "QLD",
        "price": "600",
        "price_per_unit": "255",
        "price_unit": "G"
      },
      {
        "state": "WA",
        "price": "600",
        "price_per_unit": "255",
        "price_unit": "G"
      },
      {
        "state": "TAS",
        "price": "600",
        "price_per_unit": "255",
        "price_unit": "G"
      },
      {
        "state": "ACT",
        "price": "400",
        "price_per_unit": "170",
        "price_unit": "G"
      },
      {
        "state": "NT",
        "price": "400",
        "price_per_unit": "170",
        "price_unit": "G"
      },
      {
        "state": "NT",
        "price": "400",
        "price_per_unit": "170",
        "price_unit": "G"
      }
    ]
  },
  {
    "source_url": "https://www.woolworths.com.au/shop/productdetails/349068/hellmann-s-spicy-peri-peri-chilli-mayonnaise",
    "name": "Hellmann's Spicy Peri Peri Chilli Mayonnaise 252g",
    "image_url": "https://cdn1.woolworths.media/content/wowproductimages/large/349068.jpg",
    "source_id": "Woolworths - 349068",
    "barcode": "8720182591401",
    "shop": "Woolworths",
    "weight": "100G",
    "prices": [
      {
        "state": "VIC",
        "price": "600",
        "price_per_unit": "238",
        "price_unit": "G"
      },
      {
        "state": "QLD",
        "price": "600",
        "price_per_unit": "238",
        "price_unit": "G"
      },
      {
        "state": "WA",
        "price": "600",
        "price_per_unit": "238",
        "price_unit": "G"
      },
      {
        "state": "TAS",
        "price": "600",
        "price_per_unit": "238",
        "price_unit": "G"
      },
      {
        "state": "ACT",
        "price": "400",
        "price_per_unit": "159",
        "price_unit": "G"
      },
      {
        "state": "NT",
        "price": "400",
        "price_per_unit": "159",
        "price_unit": "G"
      },
      {
        "state": "NT",
        "price": "400",
        "price_per_unit": "159",
        "price_unit": "G"
      }
    ]
  },
  {
    "source_url": "https://www.woolworths.com.au/shop/productdetails/232140/hellmann-s-vegan-alternative-to-mayonnaise-100-plant-based",
    "name": "Hellmann's Vegan Alternative To Mayonnaise 100% Plant Based 270 g",
    "image_url": "https://cdn1.woolworths.media/content/wowproductimages/large/232140.jpg",
    "source_id": "Woolworths - 232140",
    "barcode": "8720182348524",
    "shop": "Woolworths",
    "weight": "100G",
    "prices": [
      null,
      null,
      null,
      null
    ]
  },
  {
    "source_url": "https://www.woolworths.com.au/shop/productdetails/700635/macro-organic-vinegar-balsamic-4-leaf",
    "name": "Macro Organic Vinegar Balsamic 4 Leaf 250ml",
    "image_url": "https://cdn1.woolworths.media/content/wowproductimages/large/700635.jpg",
    "source_id": "Woolworths - 700635",
    "barcode": "93539258",
    "shop": "Woolworths",
    "weight": "100ML",
    "prices": [
      {
        "state": "VIC",
        "price": "600",
        "price_per_unit": "240",
        "price_unit": "ML"
      },
      {
        "state": "QLD",
        "price": "600",
        "price_per_unit": "240",
        "price_unit": "ML"
      },
      {
        "state": "WA",
        "price": "600",
        "price_per_unit": "240",
        "price_unit": "ML"
      },
      {
        "state": "SA",
        "price": "600",
        "price_per_unit": "240",
        "price_unit": "ML"
      },
      {
        "state": "TAS",
        "price": "675",
        "price_per_unit": "270",
        "price_unit": "ML"
      },
      {
        "state": "ACT",
        "price": "600",
        "price_per_unit": "240",
        "price_unit": "ML"
      },
      {
        "state": "NT",
        "price": "600",
        "price_per_unit": "240",
        "price_unit": "ML"
      }
    ]
  },
  {
    "source_url": "https://www.woolworths.com.au/shop/productdetails/761079/macro-organic-whole-egg-mayonnaise",
    "name": "Macro Organic Whole Egg Mayonnaise 440g",
    "image_url": "https://cdn1.woolworths.media/content/wowproductimages/large/761079.jpg",
    "source_id": "Woolworths - 761079",
    "barcode": "9300633431099",
    "shop": "Woolworths",
    "weight": "100G",
    "prices": [
      {
        "state": "VIC",
        "price": "650",
        "price_per_unit": "148",
        "price_unit": "G"
      },
      {
        "state": "QLD",
        "price": "650",
        "price_per_unit": "148",
        "price_unit": "G"
      },
      {
        "state": "WA",
        "price": "650",
        "price_per_unit": "148",
        "price_unit": "G"
      },
      {
        "state": "SA",
        "price": "650",
        "price_per_unit": "148",
        "price_unit": "G"
      },
      {
        "state": "TAS",
        "price": "650",
        "price_per_unit": "148",
        "price_unit": "G"
      },
      {
        "state": "ACT",
        "price": "650",
        "price_per_unit": "148",
        "price_unit": "G"
      },
      {
        "state": "NT",
        "price": "650",
        "price_per_unit": "148",
        "price_unit": "G"
      }
    ]
  },
  {
    "source_url": "https://www.woolworths.com.au/shop/productdetails/895992/mazzetti-apple-cider-vinegar-with-mother",
    "name": "Mazzetti Apple Cider Vinegar With Mother 500ml",
    "image_url": "https://cdn1.woolworths.media/content/wowproductimages/large/895992.jpg",
    "source_id": "Woolworths - 895992",
    "barcode": "8002461910302",
    "shop": "Woolworths",
    "weight": "100ML",
    "prices": [
      {
        "state": "VIC",
        "price": "415",
        "price_per_unit": "83",
        "price_unit": "ML"
      },
      {
        "state": "QLD",
        "price": "415",
        "price_per_unit": "83",
        "price_unit": "ML"
      },
      {
        "state": "WA",
        "price": "415",
        "price_per_unit": "83",
        "price_unit": "ML"
      },
      {
        "state": "SA",
        "price": "415",
        "price_per_unit": "83",
        "price_unit": "ML"
      },
      {
        "state": "TAS",
        "price": "415",
        "price_per_unit": "83",
        "price_unit": "ML"
      },
      {
        "state": "ACT",
        "price": "415",
        "price_per_unit": "83",
        "price_unit": "ML"
      },
      {
        "state": "NT",
        "price": "415",
        "price_per_unit": "83",
        "price_unit": "ML"
      }
    ]
  },
  {
    "source_url": "https://www.woolworths.com.au/shop/productdetails/99709/mazzetti-balsamic-vinegar-of-modena",
    "name": "Mazzetti Balsamic Vinegar Of Modena 500ml",
    "image_url": "https://cdn1.woolworths.media/content/wowproductimages/large/099709.jpg",
    "source_id": "Woolworths - 99709",
    "barcode": "8006050090239",
    "shop": "Woolworths",
    "weight": "100ML",
    "prices": [
      {
        "state": "VIC",
        "price": "500",
        "price_per_unit": "100",
        "price_unit": "ML"
      },
      {
        "state": "QLD",
        "price": "500",
        "price_per_unit": "100",
        "price_unit": "ML"
      },
      {
        "state": "WA",
        "price": "500",
        "price_per_unit": "100",
        "price_unit": "ML"
      },
      {
        "state": "SA",
        "price": "500",
        "price_per_unit": "100",
        "price_unit": "ML"
      },
      {
        "state": "TAS",
        "price": "500",
        "price_per_unit": "100",
        "price_unit": "ML"
      },
      {
        "state": "ACT",
        "price": "500",
        "price_per_unit": "100",
        "price_unit": "ML"
      },
      {
        "state": "NT",
        "price": "500",
        "price_per_unit": "100",
        "price_unit": "ML"
      }
    ]
  },
  {
    "source_url": "https://www.woolworths.com.au/shop/productdetails/233996/mazzetti-vinegar-balsamic-glaze",
    "name": "Mazzetti Vinegar Balsamic Glaze 215ml",
    "image_url": "https://cdn1.woolworths.media/content/wowproductimages/large/233996.jpg",
    "source_id": "Woolworths - 233996",
    "barcode": "8006050099294",
    "shop": "Woolworths",
    "weight": "100ML",
    "prices": [
      {
        "state": "VIC",
        "price": "700",
        "price_per_unit": "326",
        "price_unit": "ML"
      },
      {
        "state": "QLD",
        "price": "700",
        "price_per_unit": "326",
        "price_unit": "ML"
      },
      {
        "state": "WA",
        "price": "700",
        "price_per_unit": "326",
        "price_unit": "ML"
      },
      {
        "state": "SA",
        "price": "700",
        "price_per_unit": "326",
        "price_unit": "ML"
      },
      {
        "state": "TAS",
        "price": "600",
        "price_per_unit": "279",
        "price_unit": "ML"
      },
      {
        "state": "ACT",
        "price": "600",
        "price_per_unit": "279",
        "price_unit": "ML"
      },
      {
        "state": "NT",
        "price": "600",
        "price_per_unit": "279",
        "price_unit": "ML"
      }
    ]
  },
  {
    "source_url": "https://www.woolworths.com.au/shop/productdetails/224075/mazzetti-vinegar-balsamic-vintage-4-leaf",
    "name": "Mazzetti Vinegar Balsamic Vintage 4 Leaf 250ml",
    "image_url": "https://cdn1.woolworths.media/content/wowproductimages/large/224075.jpg",
    "source_id": "Woolworths - 224075",
    "barcode": "8006050102772",
    "shop": "Woolworths",
    "weight": "100ML",
    "prices": [
      {
        "state": "VIC",
        "price": "680",
        "price_per_unit": "272",
        "price_unit": "ML"
      },
      {
        "state": "QLD",
        "price": "680",
        "price_per_unit": "272",
        "price_unit": "ML"
      },
      {
        "state": "WA",
        "price": "680",
        "price_per_unit": "272",
        "price_unit": "ML"
      },
      {
        "state": "SA",
        "price": "650",
        "price_per_unit": "260",
        "price_unit": "ML"
      },
      {
        "state": "TAS",
        "price": "550",
        "price_per_unit": "220",
        "price_unit": "ML"
      },
      {
        "state": "ACT",
        "price": "550",
        "price_per_unit": "220",
        "price_unit": "ML"
      },
      {
        "state": "NT",
        "price": "550",
        "price_per_unit": "220",
        "price_unit": "ML"
      }
    ]
  },
  {
    "source_url": "https://www.woolworths.com.au/shop/productdetails/35467/moro-balsamic-vinegar-of-modena",
    "name": "Moro Balsamic Vinegar Of Modena 500ml",
    "image_url": "https://cdn1.woolworths.media/content/wowproductimages/large/035467.jpg",
    "source_id": "Woolworths - 35467",
    "barcode": "9310175700218",
    "shop": "Woolworths",
    "weight": "100ML",
    "prices": [
      {
        "state": "VIC",
        "price": "500",
        "price_per_unit": "100",
        "price_unit": "ML"
      },
      {
        "state": "QLD",
        "price": "500",
        "price_per_unit": "100",
        "price_unit": "ML"
      },
      {
        "state": "WA",
        "price": "500",
        "price_per_unit": "100",
        "price_unit": "ML"
      },
      {
        "state": "SA",
        "price": "500",
        "price_per_unit": "100",
        "price_unit": "ML"
      },
      {
        "state": "TAS",
        "price": "400",
        "price_per_unit": "80",
        "price_unit": "ML"
      },
      {
        "state": "ACT",
        "price": "400",
        "price_per_unit": "80",
        "price_unit": "ML"
      },
      {
        "state": "NT",
        "price": "400",
        "price_per_unit": "80",
        "price_unit": "ML"
      }
    ]
  },
  {
    "source_url": "https://www.woolworths.com.au/shop/productdetails/636072/moro-sherry-vinegar",
    "name": "Moro Sherry Vinegar 250ml",
    "image_url": "https://cdn1.woolworths.media/content/wowproductimages/large/636072.jpg",
    "source_id": "Woolworths - 636072",
    "barcode": "9310175701413",
    "shop": "Woolworths",
    "weight": "100ML",
    "prices": [
      {
        "state": "VIC",
        "price": "550",
        "price_per_unit": "220",
        "price_unit": "ML"
      },
      {
        "state": "QLD",
        "price": "550",
        "price_per_unit": "220",
        "price_unit": "ML"
      },
      {
        "state": "WA",
        "price": "550",
        "price_per_unit": "220",
        "price_unit": "ML"
      },
      {
        "state": "SA",
        "price": "550",
        "price_per_unit": "220",
        "price_unit": "ML"
      },
      {
        "state": "TAS",
        "price": "500",
        "price_per_unit": "200",
        "price_unit": "ML"
      },
      {
        "state": "ACT",
        "price": "500",
        "price_per_unit": "200",
        "price_unit": "ML"
      },
      {
        "state": "NT",
        "price": "500",
        "price_per_unit": "200",
        "price_unit": "ML"
      }
    ]
  },
  {
    "source_url": "https://www.woolworths.com.au/shop/productdetails/195091/moro-vinegar-red-wine",
    "name": "Moro Vinegar Red Wine 500ml",
    "image_url": "https://cdn1.woolworths.media/content/wowproductimages/large/195091.jpg",
    "source_id": "Woolworths - 195091",
    "barcode": "9310175700331",
    "shop": "Woolworths",
    "weight": "100ML",
    "prices": [
      {
        "state": "VIC",
        "price": "450",
        "price_per_unit": "90",
        "price_unit": "ML"
      },
      {
        "state": "QLD",
        "price": "450",
        "price_per_unit": "90",
        "price_unit": "ML"
      },
      {
        "state": "WA",
        "price": "450",
        "price_per_unit": "90",
        "price_unit": "ML"
      },
      {
        "state": "SA",
        "price": "450",
        "price_per_unit": "90",
        "price_unit": "ML"
      },
      {
        "state": "TAS",
        "price": "450",
        "price_per_unit": "90",
        "price_unit": "ML"
      },
      {
        "state": "ACT",
        "price": "450",
        "price_per_unit": "90",
        "price_unit": "ML"
      },
      {
        "state": "NT",
        "price": "450",
        "price_per_unit": "90",
        "price_unit": "ML"
      }
    ]
  },
  {
    "source_url": "https://www.woolworths.com.au/shop/productdetails/195090/moro-vinegar-white-wine",
    "name": "Moro Vinegar White Wine 500ml",
    "image_url": "https://cdn1.woolworths.media/content/wowproductimages/large/195090.jpg",
    "source_id": "Woolworths - 195090",
    "barcode": "9310175700324",
    "shop": "Woolworths",
    "weight": "100ML",
    "prices": [
      {
        "state": "VIC",
        "price": "450",
        "price_per_unit": "90",
        "price_unit": "ML"
      },
      {
        "state": "QLD",
        "price": "450",
        "price_per_unit": "90",
        "price_unit": "ML"
      },
      {
        "state": "WA",
        "price": "450",
        "price_per_unit": "90",
        "price_unit": "ML"
      },
      {
        "state": "SA",
        "price": "450",
        "price_per_unit": "90",
        "price_unit": "ML"
      },
      {
        "state": "TAS",
        "price": "450",
        "price_per_unit": "90",
        "price_unit": "ML"
      },
      {
        "state": "ACT",
        "price": "450",
        "price_per_unit": "90",
        "price_unit": "ML"
      },
      {
        "state": "NT",
        "price": "450",
        "price_per_unit": "90",
        "price_unit": "ML"
      }
    ]
  },
  {
    "source_url": "https://www.woolworths.com.au/shop/productdetails/32214/paul-newman-s-own-balsamic-vinaigrette",
    "name": "Paul Newman's Own Balsamic Vinaigrette 250mL",
    "image_url": "https://cdn1.woolworths.media/content/wowproductimages/large/032214.jpg",
    "source_id": "Woolworths - 32214",
    "barcode": "9310159041504",
    "shop": "Woolworths",
    "weight": "100ML",
    "prices": [
      {
        "state": "VIC",
        "price": "400",
        "price_per_unit": "160",
        "price_unit": "ML"
      },
      {
        "state": "QLD",
        "price": "400",
        "price_per_unit": "160",
        "price_unit": "ML"
      },
      {
        "state": "WA",
        "price": "400",
        "price_per_unit": "160",
        "price_unit": "ML"
      },
      {
        "state": "SA",
        "price": "400",
        "price_per_unit": "160",
        "price_unit": "ML"
      },
      {
        "state": "TAS",
        "price": "400",
        "price_per_unit": "160",
        "price_unit": "ML"
      },
      {
        "state": "ACT",
        "price": "400",
        "price_per_unit": "160",
        "price_unit": "ML"
      },
      {
        "state": "NT",
        "price": "400",
        "price_per_unit": "160",
        "price_unit": "ML"
      }
    ]
  },
  {
    "source_url": "https://www.woolworths.com.au/shop/productdetails/94223/paul-newman-s-own-dressings-classic-salad",
    "name": "Paul Newman's Own Dressings Classic Salad 250mL",
    "image_url": "https://cdn1.woolworths.media/content/wowproductimages/large/094223.jpg",
    "source_id": "Woolworths - 94223",
    "barcode": "9310159201151",
    "shop": "Woolworths",
    "weight": "100ML",
    "prices": [
      {
        "state": "VIC",
        "price": "400",
        "price_per_unit": "160",
        "price_unit": "ML"
      },
      {
        "state": "QLD",
        "price": "400",
        "price_per_unit": "160",
        "price_unit": "ML"
      },
      {
        "state": "WA",
        "price": "400",
        "price_per_unit": "160",
        "price_unit": "ML"
      },
      {
        "state": "SA",
        "price": "400",
        "price_per_unit": "160",
        "price_unit": "ML"
      },
      {
        "state": "TAS",
        "price": "400",
        "price_per_unit": "160",
        "price_unit": "ML"
      },
      {
        "state": "ACT",
        "price": "400",
        "price_per_unit": "160",
        "price_unit": "ML"
      },
      {
        "state": "NT",
        "price": "400",
        "price_per_unit": "160",
        "price_unit": "ML"
      }
    ]
  },
  {
    "source_url": "https://www.woolworths.com.au/shop/productdetails/213198/paul-newman-s-own-dressings-creamy-caesar",
    "name": "Paul Newman's Own Dressings Creamy Caesar 250mL",
    "image_url": "https://cdn1.woolworths.media/content/wowproductimages/large/213198.jpg",
    "source_id": "Woolworths - 213198",
    "barcode": "9310047206602",
    "shop": "Woolworths",
    "weight": "100ML",
    "prices": [
      {
        "state": "VIC",
        "price": "400",
        "price_per_unit": "160",
        "price_unit": "ML"
      },
      {
        "state": "QLD",
        "price": "400",
        "price_per_unit": "160",
        "price_unit": "ML"
      },
      {
        "state": "WA",
        "price": "400",
        "price_per_unit": "160",
        "price_unit": "ML"
      },
      {
        "state": "SA",
        "price": "400",
        "price_per_unit": "160",
        "price_unit": "ML"
      },
      {
        "state": "TAS",
        "price": "400",
        "price_per_unit": "160",
        "price_unit": "ML"
      },
      {
        "state": "ACT",
        "price": "400",
        "price_per_unit": "160",
        "price_unit": "ML"
      },
      {
        "state": "NT",
        "price": "400",
        "price_per_unit": "160",
        "price_unit": "ML"
      }
    ]
  },
  {
    "source_url": "https://www.woolworths.com.au/shop/productdetails/46037/paul-newman-s-own-dressings-ranch",
    "name": "Paul Newman's Own Dressings Ranch 250mL",
    "image_url": "https://cdn1.woolworths.media/content/wowproductimages/large/046037.jpg",
    "source_id": "Woolworths - 46037",
    "barcode": "9310159041405",
    "shop": "Woolworths",
    "weight": "100ML",
    "prices": [
      {
        "state": "VIC",
        "price": "400",
        "price_per_unit": "160",
        "price_unit": "ML"
      },
      {
        "state": "QLD",
        "price": "400",
        "price_per_unit": "160",
        "price_unit": "ML"
      },
      {
        "state": "WA",
        "price": "400",
        "price_per_unit": "160",
        "price_unit": "ML"
      },
      {
        "state": "SA",
        "price": "400",
        "price_per_unit": "160",
        "price_unit": "ML"
      },
      {
        "state": "TAS",
        "price": "400",
        "price_per_unit": "160",
        "price_unit": "ML"
      },
      {
        "state": "ACT",
        "price": "400",
        "price_per_unit": "160",
        "price_unit": "ML"
      },
      {
        "state": "NT",
        "price": "400",
        "price_per_unit": "160",
        "price_unit": "ML"
      }
    ]
  },
  {
    "source_url": "https://www.woolworths.com.au/shop/productdetails/164866/praise-balsamic-dressing-99-fat-free",
    "name": "Praise Balsamic Dressing 99% Fat Free 330ml",
    "image_url": "https://cdn1.woolworths.media/content/wowproductimages/large/164866.jpg",
    "source_id": "Woolworths - 164866",
    "barcode": "9310047221308",
    "shop": "Woolworths",
    "weight": "100ML",
    "prices": [
      {
        "state": "VIC",
        "price": "360",
        "price_per_unit": "109",
        "price_unit": "ML"
      },
      {
        "state": "QLD",
        "price": "360",
        "price_per_unit": "109",
        "price_unit": "ML"
      },
      {
        "state": "WA",
        "price": "360",
        "price_per_unit": "109",
        "price_unit": "ML"
      },
      {
        "state": "SA",
        "price": "360",
        "price_per_unit": "109",
        "price_unit": "ML"
      },
      {
        "state": "TAS",
        "price": "360",
        "price_per_unit": "109",
        "price_unit": "ML"
      },
      {
        "state": "ACT",
        "price": "300",
        "price_per_unit": "91",
        "price_unit": "ML"
      }
    ]
  },
  {
    "source_url": "https://www.woolworths.com.au/shop/productdetails/360615/praise-caesar-dressing-mini",
    "name": "Praise Caesar Dressing Mini 140ml",
    "image_url": "https://cdn1.woolworths.media/content/wowproductimages/large/360615.jpg",
    "source_id": "Woolworths - 360615",
    "barcode": "93572354",
    "shop": "Woolworths",
    "weight": "100ML",
    "prices": [
      {
        "state": "VIC",
        "price": "250",
        "price_per_unit": "179",
        "price_unit": "ML"
      },
      {
        "state": "QLD",
        "price": "250",
        "price_per_unit": "179",
        "price_unit": "ML"
      },
      {
        "state": "WA",
        "price": "250",
        "price_per_unit": "179",
        "price_unit": "ML"
      },
      {
        "state": "TAS",
        "price": "250",
        "price_per_unit": "179",
        "price_unit": "ML"
      },
      {
        "state": "ACT",
        "price": "250",
        "price_per_unit": "179",
        "price_unit": "ML"
      },
      {
        "state": "NT",
        "price": "265",
        "price_per_unit": "189",
        "price_unit": "ML"
      }
    ]
  },
  {
    "source_url": "https://www.woolworths.com.au/shop/productdetails/279869/praise-caesar-salad-croutons",
    "name": "Praise Caesar Salad Croutons 150g",
    "image_url": "https://cdn1.woolworths.media/content/wowproductimages/large/279869.jpg",
    "source_id": "Woolworths - 279869",
    "barcode": "9310047210845",
    "shop": "Woolworths",
    "weight": "100G",
    "prices": [
      {
        "state": "VIC",
        "price": "400",
        "price_per_unit": "267",
        "price_unit": "G"
      },
      {
        "state": "QLD",
        "price": "400",
        "price_per_unit": "267",
        "price_unit": "G"
      },
      {
        "state": "WA",
        "price": "400",
        "price_per_unit": "267",
        "price_unit": "G"
      },
      {
        "state": "SA",
        "price": "400",
        "price_per_unit": "267",
        "price_unit": "G"
      },
      {
        "state": "TAS",
        "price": "400",
        "price_per_unit": "267",
        "price_unit": "G"
      },
      {
        "state": "ACT",
        "price": "400",
        "price_per_unit": "267",
        "price_unit": "G"
      },
      {
        "state": "NT",
        "price": "410",
        "price_per_unit": "273",
        "price_unit": "G"
      }
    ]
  },
  {
    "source_url": "https://www.woolworths.com.au/shop/productdetails/104432/praise-chilli-jam-mayo",
    "name": "Praise Chilli Jam Mayo 250ml",
    "image_url": "https://cdn1.woolworths.media/content/wowproductimages/large/104432.jpg",
    "source_id": "Woolworths - 104432",
    "barcode": "9310047220011",
    "shop": "Woolworths",
    "weight": "100ML",
    "prices": [
      {
        "state": "VIC",
        "price": "300",
        "price_per_unit": "120",
        "price_unit": "ML"
      },
      {
        "state": "QLD",
        "price": "300",
        "price_per_unit": "120",
        "price_unit": "ML"
      },
      {
        "state": "WA",
        "price": "300",
        "price_per_unit": "120",
        "price_unit": "ML"
      },
      {
        "state": "SA",
        "price": "300",
        "price_per_unit": "120",
        "price_unit": "ML"
      },
      {
        "state": "TAS",
        "price": "450",
        "price_per_unit": "180",
        "price_unit": "ML"
      },
      {
        "state": "NT",
        "price": "420",
        "price_per_unit": "168",
        "price_unit": "ML"
      }
    ]
  },
  {
    "source_url": "https://www.woolworths.com.au/shop/productdetails/104343/praise-creamy-lime-herb-dressing",
    "name": "Praise Creamy Lime & Herb Dressing 250ml",
    "image_url": "https://cdn1.woolworths.media/content/wowproductimages/large/104343.jpg",
    "source_id": "Woolworths - 104343",
    "barcode": "9310047220066",
    "shop": "Woolworths",
    "weight": "100ML",
    "prices": [
      {
        "state": "VIC",
        "price": "300",
        "price_per_unit": "120",
        "price_unit": "ML"
      },
      {
        "state": "QLD",
        "price": "300",
        "price_per_unit": "120",
        "price_unit": "ML"
      },
      {
        "state": "WA",
        "price": "300",
        "price_per_unit": "120",
        "price_unit": "ML"
      },
      {
        "state": "SA",
        "price": "300",
        "price_per_unit": "120",
        "price_unit": "ML"
      },
      {
        "state": "TAS",
        "price": "380",
        "price_per_unit": "152",
        "price_unit": "ML"
      },
      {
        "state": "ACT",
        "price": "380",
        "price_per_unit": "152",
        "price_unit": "ML"
      },
      {
        "state": "NT",
        "price": "400",
        "price_per_unit": "160",
        "price_unit": "ML"
      }
    ]
  },
  {
    "source_url": "https://www.woolworths.com.au/shop/productdetails/234205/praise-creamy-parmesan-roasted-garlic-dressing",
    "name": "Praise Creamy Parmesan & Roasted Garlic Dressing 250ml",
    "image_url": "https://cdn1.woolworths.media/content/wowproductimages/large/234205.jpg",
    "source_id": "Woolworths - 234205",
    "barcode": "9310047222435",
    "shop": "Woolworths",
    "weight": "100ML",
    "prices": [
      {
        "state": "VIC",
        "price": "300",
        "price_per_unit": "120",
        "price_unit": "ML"
      },
      {
        "state": "QLD",
        "price": "300",
        "price_per_unit": "120",
        "price_unit": "ML"
      },
      {
        "state": "WA",
        "price": "300",
        "price_per_unit": "120",
        "price_unit": "ML"
      },
      {
        "state": "SA",
        "price": "300",
        "price_per_unit": "120",
        "price_unit": "ML"
      },
      {
        "state": "TAS",
        "price": "380",
        "price_per_unit": "152",
        "price_unit": "ML"
      },
      {
        "state": "ACT",
        "price": "380",
        "price_per_unit": "152",
        "price_unit": "ML"
      },
      {
        "state": "NT",
        "price": "400",
        "price_per_unit": "160",
        "price_unit": "ML"
      }
    ]
  },
  {
    "source_url": "https://www.woolworths.com.au/shop/productdetails/635758/praise-deli-style-balsamic-roasted-garlic",
    "name": "Praise Deli Style Balsamic & Roasted Garlic 250ml",
    "image_url": "https://cdn1.woolworths.media/content/wowproductimages/large/635758.jpg",
    "source_id": "Woolworths - 635758",
    "barcode": "9310047216830",
    "shop": "Woolworths",
    "weight": "100ML",
    "prices": [
      {
        "state": "VIC",
        "price": "300",
        "price_per_unit": "120",
        "price_unit": "ML"
      },
      {
        "state": "QLD",
        "price": "300",
        "price_per_unit": "120",
        "price_unit": "ML"
      },
      {
        "state": "WA",
        "price": "300",
        "price_per_unit": "120",
        "price_unit": "ML"
      },
      {
        "state": "SA",
        "price": "300",
        "price_per_unit": "120",
        "price_unit": "ML"
      },
      {
        "state": "TAS",
        "price": "380",
        "price_per_unit": "152",
        "price_unit": "ML"
      },
      {
        "state": "ACT",
        "price": "380",
        "price_per_unit": "152",
        "price_unit": "ML"
      },
      {
        "state": "NT",
        "price": "400",
        "price_per_unit": "160",
        "price_unit": "ML"
      }
    ]
  },
  {
    "source_url": "https://www.woolworths.com.au/shop/productdetails/635732/praise-deli-style-creamy-roast-garlic",
    "name": "Praise Deli Style Creamy Roast Garlic 250ml",
    "image_url": "https://cdn1.woolworths.media/content/wowproductimages/large/635732.jpg",
    "source_id": "Woolworths - 635732",
    "barcode": "9310047216847",
    "shop": "Woolworths",
    "weight": "100ML",
    "prices": [
      {
        "state": "VIC",
        "price": "300",
        "price_per_unit": "120",
        "price_unit": "ML"
      },
      {
        "state": "QLD",
        "price": "300",
        "price_per_unit": "120",
        "price_unit": "ML"
      },
      {
        "state": "WA",
        "price": "300",
        "price_per_unit": "120",
        "price_unit": "ML"
      },
      {
        "state": "SA",
        "price": "300",
        "price_per_unit": "120",
        "price_unit": "ML"
      },
      {
        "state": "TAS",
        "price": "380",
        "price_per_unit": "152",
        "price_unit": "ML"
      },
      {
        "state": "ACT",
        "price": "380",
        "price_per_unit": "152",
        "price_unit": "ML"
      },
      {
        "state": "NT",
        "price": "400",
        "price_per_unit": "160",
        "price_unit": "ML"
      }
    ]
  },
  {
    "source_url": "https://www.woolworths.com.au/shop/productdetails/635764/praise-deli-style-honey-dijon",
    "name": "Praise Deli Style Honey Dijon 250ml",
    "image_url": "https://cdn1.woolworths.media/content/wowproductimages/large/635764.jpg",
    "source_id": "Woolworths - 635764",
    "barcode": "9310047216816",
    "shop": "Woolworths",
    "weight": "100ML",
    "prices": [
      {
        "state": "VIC",
        "price": "300",
        "price_per_unit": "120",
        "price_unit": "ML"
      },
      {
        "state": "QLD",
        "price": "300",
        "price_per_unit": "120",
        "price_unit": "ML"
      },
      {
        "state": "WA",
        "price": "300",
        "price_per_unit": "120",
        "price_unit": "ML"
      },
      {
        "state": "SA",
        "price": "300",
        "price_per_unit": "120",
        "price_unit": "ML"
      },
      {
        "state": "TAS",
        "price": "300",
        "price_per_unit": "120",
        "price_unit": "ML"
      },
      {
        "state": "ACT",
        "price": "380",
        "price_per_unit": "152",
        "price_unit": "ML"
      },
      {
        "state": "NT",
        "price": "400",
        "price_per_unit": "160",
        "price_unit": "ML"
      }
    ]
  },
  {
    "source_url": "https://www.woolworths.com.au/shop/productdetails/274307/praise-dressings-coleslaw",
    "name": "Praise Dressings Coleslaw 330ml",
    "image_url": "https://cdn1.woolworths.media/content/wowproductimages/large/274307.jpg",
    "source_id": "Woolworths - 274307",
    "barcode": "9310047206220",
    "shop": "Woolworths",
    "weight": "100ML",
    "prices": [
      {
        "state": "VIC",
        "price": "360",
        "price_per_unit": "109",
        "price_unit": "ML"
      },
      {
        "state": "QLD",
        "price": "360",
        "price_per_unit": "109",
        "price_unit": "ML"
      },
      {
        "state": "WA",
        "price": "360",
        "price_per_unit": "109",
        "price_unit": "ML"
      },
      {
        "state": "SA",
        "price": "360",
        "price_per_unit": "109",
        "price_unit": "ML"
      },
      {
        "state": "TAS",
        "price": "360",
        "price_per_unit": "109",
        "price_unit": "ML"
      },
      {
        "state": "ACT",
        "price": "300",
        "price_per_unit": "91",
        "price_unit": "ML"
      },
      {
        "state": "NT",
        "price": "300",
        "price_per_unit": "91",
        "price_unit": "ML"
      }
    ]
  },
  {
    "source_url": "https://www.woolworths.com.au/shop/productdetails/212355/praise-dressings-coleslaw-99-fat-free",
    "name": "Praise Dressings Coleslaw 99% Fat Free 330ml",
    "image_url": "https://cdn1.woolworths.media/content/wowproductimages/large/212355.jpg",
    "source_id": "Woolworths - 212355",
    "barcode": "9310047206237",
    "shop": "Woolworths",
    "weight": "100ML",
    "prices": [
      {
        "state": "VIC",
        "price": "360",
        "price_per_unit": "109",
        "price_unit": "ML"
      },
      {
        "state": "QLD",
        "price": "360",
        "price_per_unit": "109",
        "price_unit": "ML"
      },
      {
        "state": "WA",
        "price": "360",
        "price_per_unit": "109",
        "price_unit": "ML"
      },
      {
        "state": "SA",
        "price": "360",
        "price_per_unit": "109",
        "price_unit": "ML"
      },
      {
        "state": "TAS",
        "price": "360",
        "price_per_unit": "109",
        "price_unit": "ML"
      },
      {
        "state": "ACT",
        "price": "300",
        "price_per_unit": "91",
        "price_unit": "ML"
      },
      {
        "state": "NT",
        "price": "300",
        "price_per_unit": "91",
        "price_unit": "ML"
      }
    ]
  },
  {
    "source_url": "https://www.woolworths.com.au/shop/productdetails/354579/praise-dressings-greek",
    "name": "Praise Dressings Greek 330ml",
    "image_url": "https://cdn1.woolworths.media/content/wowproductimages/large/354579.jpg",
    "source_id": "Woolworths - 354579",
    "barcode": "9310047212849",
    "shop": "Woolworths",
    "weight": "100ML",
    "prices": [
      {
        "state": "VIC",
        "price": "360",
        "price_per_unit": "109",
        "price_unit": "ML"
      },
      {
        "state": "QLD",
        "price": "360",
        "price_per_unit": "109",
        "price_unit": "ML"
      },
      {
        "state": "WA",
        "price": "360",
        "price_per_unit": "109",
        "price_unit": "ML"
      },
      {
        "state": "SA",
        "price": "360",
        "price_per_unit": "109",
        "price_unit": "ML"
      },
      {
        "state": "TAS",
        "price": "360",
        "price_per_unit": "109",
        "price_unit": "ML"
      },
      {
        "state": "ACT",
        "price": "300",
        "price_per_unit": "91",
        "price_unit": "ML"
      },
      {
        "state": "NT",
        "price": "300",
        "price_per_unit": "91",
        "price_unit": "ML"
      }
    ]
  },
  {
    "source_url": "https://www.woolworths.com.au/shop/productdetails/232124/praise-dressings-thousand-island",
    "name": "Praise Dressings Thousand Island 330ml",
    "image_url": "https://cdn1.woolworths.media/content/wowproductimages/large/232124.jpg",
    "source_id": "Woolworths - 232124",
    "barcode": "9310047206312",
    "shop": "Woolworths",
    "weight": "100ML",
    "prices": [
      {
        "state": "VIC",
        "price": "360",
        "price_per_unit": "109",
        "price_unit": "ML"
      },
      {
        "state": "QLD",
        "price": "360",
        "price_per_unit": "109",
        "price_unit": "ML"
      },
      {
        "state": "WA",
        "price": "360",
        "price_per_unit": "109",
        "price_unit": "ML"
      },
      {
        "state": "SA",
        "price": "360",
        "price_per_unit": "109",
        "price_unit": "ML"
      },
      {
        "state": "TAS",
        "price": "360",
        "price_per_unit": "109",
        "price_unit": "ML"
      },
      {
        "state": "ACT",
        "price": "300",
        "price_per_unit": "91",
        "price_unit": "ML"
      },
      {
        "state": "NT",
        "price": "300",
        "price_per_unit": "91",
        "price_unit": "ML"
      }
    ]
  },
  {
    "source_url": "https://www.woolworths.com.au/shop/productdetails/164984/praise-french-dressing-99-fat-free",
    "name": "Praise French Dressing 99% Fat Free 330ml",
    "image_url": "https://cdn1.woolworths.media/content/wowproductimages/large/164984.jpg",
    "source_id": "Woolworths - 164984",
    "barcode": "9310047221315",
    "shop": "Woolworths",
    "weight": "100ML",
    "prices": [
      {
        "state": "VIC",
        "price": "360",
        "price_per_unit": "109",
        "price_unit": "ML"
      },
      {
        "state": "QLD",
        "price": "360",
        "price_per_unit": "109",
        "price_unit": "ML"
      },
      {
        "state": "WA",
        "price": "360",
        "price_per_unit": "109",
        "price_unit": "ML"
      },
      {
        "state": "SA",
        "price": "360",
        "price_per_unit": "109",
        "price_unit": "ML"
      },
      {
        "state": "TAS",
        "price": "360",
        "price_per_unit": "109",
        "price_unit": "ML"
      },
      {
        "state": "ACT",
        "price": "300",
        "price_per_unit": "91",
        "price_unit": "ML"
      }
    ]
  },
  {
    "source_url": "https://www.woolworths.com.au/shop/productdetails/360305/praise-french-dressing-mini",
    "name": "Praise French Dressing Mini 140ml",
    "image_url": "https://cdn1.woolworths.media/content/wowproductimages/large/360305.jpg",
    "source_id": "Woolworths - 360305",
    "barcode": "93572361",
    "shop": "Woolworths",
    "weight": "100ML",
    "prices": [
      {
        "state": "VIC",
        "price": "250",
        "price_per_unit": "179",
        "price_unit": "ML"
      },
      {
        "state": "QLD",
        "price": "250",
        "price_per_unit": "179",
        "price_unit": "ML"
      },
      {
        "state": "WA",
        "price": "250",
        "price_per_unit": "179",
        "price_unit": "ML"
      },
      {
        "state": "TAS",
        "price": "250",
        "price_per_unit": "179",
        "price_unit": "ML"
      },
      {
        "state": "ACT",
        "price": "250",
        "price_per_unit": "179",
        "price_unit": "ML"
      },
      {
        "state": "NT",
        "price": "265",
        "price_per_unit": "189",
        "price_unit": "ML"
      }
    ]
  },
  {
    "source_url": "https://www.woolworths.com.au/shop/productdetails/919431/praise-garlic-aioli",
    "name": "Praise Garlic Aioli 470g",
    "image_url": "https://cdn1.woolworths.media/content/wowproductimages/large/919431.jpg",
    "source_id": "Woolworths - 919431",
    "barcode": "9310047223449",
    "shop": "Woolworths",
    "weight": "100G",
    "prices": [
      {
        "state": "VIC",
        "price": "800",
        "price_per_unit": "170",
        "price_unit": "G"
      },
      {
        "state": "QLD",
        "price": "800",
        "price_per_unit": "170",
        "price_unit": "G"
      },
      {
        "state": "WA",
        "price": "800",
        "price_per_unit": "170",
        "price_unit": "G"
      },
      {
        "state": "SA",
        "price": "800",
        "price_per_unit": "170",
        "price_unit": "G"
      },
      {
        "state": "TAS",
        "price": "600",
        "price_per_unit": "128",
        "price_unit": "G"
      },
      {
        "state": "ACT",
        "price": "600",
        "price_per_unit": "128",
        "price_unit": "G"
      },
      {
        "state": "NT",
        "price": "630",
        "price_per_unit": "134",
        "price_unit": "G"
      }
    ]
  },
  {
    "source_url": "https://www.woolworths.com.au/shop/productdetails/924570/praise-honey-dijon-mayo",
    "name": "Praise Honey & Dijon Mayo 245g",
    "image_url": "https://cdn1.woolworths.media/content/wowproductimages/large/924570.jpg",
    "source_id": "Woolworths - 924570",
    "barcode": "9310047223876",
    "shop": "Woolworths",
    "weight": "100G",
    "prices": [
      {
        "state": "VIC",
        "price": "300",
        "price_per_unit": "122",
        "price_unit": "G"
      },
      {
        "state": "QLD",
        "price": "300",
        "price_per_unit": "122",
        "price_unit": "G"
      },
      {
        "state": "WA",
        "price": "300",
        "price_per_unit": "122",
        "price_unit": "G"
      },
      {
        "state": "SA",
        "price": "300",
        "price_per_unit": "122",
        "price_unit": "G"
      },
      {
        "state": "TAS",
        "price": "450",
        "price_per_unit": "184",
        "price_unit": "G"
      },
      {
        "state": "ACT",
        "price": "450",
        "price_per_unit": "184",
        "price_unit": "G"
      },
      {
        "state": "NT",
        "price": "420",
        "price_per_unit": "171",
        "price_unit": "G"
      }
    ]
  },
  {
    "source_url": "https://www.woolworths.com.au/shop/productdetails/73499/praise-mayonnaise-traditional-creamy",
    "name": "Praise Mayonnaise Traditional Creamy 700g",
    "image_url": "https://cdn1.woolworths.media/content/wowproductimages/large/073499.jpg",
    "source_id": "Woolworths - 73499",
    "barcode": "9310047200099",
    "shop": "Woolworths",
    "weight": "100G",
    "prices": [
      {
        "state": "VIC",
        "price": "600",
        "price_per_unit": "86",
        "price_unit": "G"
      },
      {
        "state": "QLD",
        "price": "600",
        "price_per_unit": "86",
        "price_unit": "G"
      },
      {
        "state": "WA",
        "price": "600",
        "price_per_unit": "86",
        "price_unit": "G"
      },
      {
        "state": "SA",
        "price": "600",
        "price_per_unit": "86",
        "price_unit": "G"
      },
      {
        "state": "TAS",
        "price": "600",
        "price_per_unit": "86",
        "price_unit": "G"
      },
      {
        "state": "ACT",
        "price": "600",
        "price_per_unit": "86",
        "price_unit": "G"
      },
      {
        "state": "NT",
        "price": "600",
        "price_per_unit": "86",
        "price_unit": "G"
      }
    ]
  },
  {
    "source_url": "https://www.woolworths.com.au/shop/productdetails/360650/praise-mini-italian-dressing",
    "name": "Praise Mini Italian Dressing 140ml",
    "image_url": "https://cdn1.woolworths.media/content/wowproductimages/large/360650.jpg",
    "source_id": "Woolworths - 360650",
    "barcode": "93572378",
    "shop": "Woolworths",
    "weight": "100ML",
    "prices": [
      {
        "state": "VIC",
        "price": "250",
        "price_per_unit": "179",
        "price_unit": "ML"
      },
      {
        "state": "QLD",
        "price": "250",
        "price_per_unit": "179",
        "price_unit": "ML"
      },
      {
        "state": "WA",
        "price": "250",
        "price_per_unit": "179",
        "price_unit": "ML"
      },
      {
        "state": "TAS",
        "price": "250",
        "price_per_unit": "179",
        "price_unit": "ML"
      },
      {
        "state": "ACT",
        "price": "250",
        "price_per_unit": "179",
        "price_unit": "ML"
      },
      {
        "state": "NT",
        "price": "265",
        "price_per_unit": "189",
        "price_unit": "ML"
      }
    ]
  },
  {
    "source_url": "https://www.woolworths.com.au/shop/productdetails/361014/praise-mini-thai-beef-salad-dressing",
    "name": "Praise Mini Thai Beef Salad Dressing 140ml",
    "image_url": "https://cdn1.woolworths.media/content/wowproductimages/large/361014.jpg",
    "source_id": "Woolworths - 361014",
    "barcode": "93572392",
    "shop": "Woolworths",
    "weight": "100ML",
    "prices": [
      {
        "state": "VIC",
        "price": "250",
        "price_per_unit": "179",
        "price_unit": "ML"
      },
      {
        "state": "QLD",
        "price": "250",
        "price_per_unit": "179",
        "price_unit": "ML"
      },
      {
        "state": "WA",
        "price": "250",
        "price_per_unit": "179",
        "price_unit": "ML"
      },
      {
        "state": "TAS",
        "price": "250",
        "price_per_unit": "179",
        "price_unit": "ML"
      },
      {
        "state": "ACT",
        "price": "250",
        "price_per_unit": "179",
        "price_unit": "ML"
      },
      {
        "state": "NT",
        "price": "265",
        "price_per_unit": "189",
        "price_unit": "ML"
      }
    ]
  },
  {
    "source_url": "https://www.woolworths.com.au/shop/productdetails/354574/praise-ranch-dressing-ranch",
    "name": "Praise Ranch Dressing Ranch 330ml",
    "image_url": "https://cdn1.woolworths.media/content/wowproductimages/large/354574.jpg",
    "source_id": "Woolworths - 354574",
    "barcode": "9310047208385",
    "shop": "Woolworths",
    "weight": "100ML",
    "prices": [
      {
        "state": "VIC",
        "price": "360",
        "price_per_unit": "109",
        "price_unit": "ML"
      },
      {
        "state": "QLD",
        "price": "360",
        "price_per_unit": "109",
        "price_unit": "ML"
      },
      {
        "state": "WA",
        "price": "360",
        "price_per_unit": "109",
        "price_unit": "ML"
      },
      {
        "state": "SA",
        "price": "360",
        "price_per_unit": "109",
        "price_unit": "ML"
      },
      {
        "state": "TAS",
        "price": "360",
        "price_per_unit": "109",
        "price_unit": "ML"
      },
      {
        "state": "ACT",
        "price": "300",
        "price_per_unit": "91",
        "price_unit": "ML"
      },
      {
        "state": "NT",
        "price": "300",
        "price_per_unit": "91",
        "price_unit": "ML"
      }
    ]
  },
  {
    "source_url": "https://www.woolworths.com.au/shop/productdetails/919097/praise-thousand-island-mini-dressing",
    "name": "Praise Thousand Island Mini Dressing 140mL",
    "image_url": "https://cdn1.woolworths.media/content/wowproductimages/large/919097.jpg",
    "source_id": "Woolworths - 919097",
    "barcode": "93575256",
    "shop": "Woolworths",
    "weight": "100ML",
    "prices": [
      {
        "state": "VIC",
        "price": "250",
        "price_per_unit": "179",
        "price_unit": "ML"
      },
      {
        "state": "QLD",
        "price": "250",
        "price_per_unit": "179",
        "price_unit": "ML"
      },
      {
        "state": "WA",
        "price": "250",
        "price_per_unit": "179",
        "price_unit": "ML"
      },
      {
        "state": "TAS",
        "price": "250",
        "price_per_unit": "179",
        "price_unit": "ML"
      },
      {
        "state": "ACT",
        "price": "250",
        "price_per_unit": "179",
        "price_unit": "ML"
      },
      {
        "state": "NT",
        "price": "265",
        "price_per_unit": "189",
        "price_unit": "ML"
      }
    ]
  },
  {
    "source_url": "https://www.woolworths.com.au/shop/productdetails/925716/praise-traditional-mayo",
    "name": "Praise Traditional Mayo 250g",
    "image_url": "https://cdn1.woolworths.media/content/wowproductimages/large/925716.jpg",
    "source_id": "Woolworths - 925716",
    "barcode": "9310047223784",
    "shop": "Woolworths",
    "weight": "100G",
    "prices": [
      {
        "state": "VIC",
        "price": "350",
        "price_per_unit": "140",
        "price_unit": "G"
      },
      {
        "state": "QLD",
        "price": "350",
        "price_per_unit": "140",
        "price_unit": "G"
      },
      {
        "state": "WA",
        "price": "350",
        "price_per_unit": "140",
        "price_unit": "G"
      },
      {
        "state": "SA",
        "price": "350",
        "price_per_unit": "140",
        "price_unit": "G"
      },
      {
        "state": "TAS",
        "price": "250",
        "price_per_unit": "100",
        "price_unit": "G"
      },
      {
        "state": "ACT",
        "price": "250",
        "price_per_unit": "100",
        "price_unit": "G"
      },
      {
        "state": "NT",
        "price": "250",
        "price_per_unit": "100",
        "price_unit": "G"
      }
    ]
  },
  {
    "source_url": "https://www.woolworths.com.au/shop/productdetails/918799/praise-vegan-mayo",
    "name": "Praise Vegan Mayo 245g",
    "image_url": "https://cdn1.woolworths.media/content/wowproductimages/large/918799.jpg",
    "source_id": "Woolworths - 918799",
    "barcode": "9310047223821",
    "shop": "Woolworths",
    "weight": "100G",
    "prices": [
      {
        "state": "VIC",
        "price": "300",
        "price_per_unit": "122",
        "price_unit": "G"
      },
      {
        "state": "QLD",
        "price": "300",
        "price_per_unit": "122",
        "price_unit": "G"
      },
      {
        "state": "WA",
        "price": "300",
        "price_per_unit": "122",
        "price_unit": "G"
      },
      {
        "state": "SA",
        "price": "300",
        "price_per_unit": "122",
        "price_unit": "G"
      },
      {
        "state": "TAS",
        "price": "500",
        "price_per_unit": "204",
        "price_unit": "G"
      },
      {
        "state": "ACT",
        "price": "500",
        "price_per_unit": "204",
        "price_unit": "G"
      },
      {
        "state": "NT",
        "price": "500",
        "price_per_unit": "204",
        "price_unit": "G"
      }
    ]
  },
  {
    "source_url": "https://www.woolworths.com.au/shop/productdetails/924711/praise-whole-egg-creamy-mayo",
    "name": "Praise Whole Egg Creamy Mayo 470g",
    "image_url": "https://cdn1.woolworths.media/content/wowproductimages/large/924711.jpg",
    "source_id": "Woolworths - 924711",
    "barcode": "9310047223838",
    "shop": "Woolworths",
    "weight": "100G",
    "prices": [
      {
        "state": "VIC",
        "price": "800",
        "price_per_unit": "170",
        "price_unit": "G"
      },
      {
        "state": "QLD",
        "price": "800",
        "price_per_unit": "170",
        "price_unit": "G"
      },
      {
        "state": "WA",
        "price": "800",
        "price_per_unit": "170",
        "price_unit": "G"
      },
      {
        "state": "SA",
        "price": "800",
        "price_per_unit": "170",
        "price_unit": "G"
      },
      {
        "state": "TAS",
        "price": "600",
        "price_per_unit": "128",
        "price_unit": "G"
      },
      {
        "state": "ACT",
        "price": "600",
        "price_per_unit": "128",
        "price_unit": "G"
      },
      {
        "state": "NT",
        "price": "630",
        "price_per_unit": "134",
        "price_unit": "G"
      }
    ]
  },
  {
    "source_url": "https://www.woolworths.com.au/shop/productdetails/919288/praise-whole-egg-light-mayo",
    "name": "Praise Whole Egg Light Mayo 500g",
    "image_url": "https://cdn1.woolworths.media/content/wowproductimages/large/919288.jpg",
    "source_id": "Woolworths - 919288",
    "barcode": "9310047223845",
    "shop": "Woolworths",
    "weight": "100G",
    "prices": [
      {
        "state": "VIC",
        "price": "800",
        "price_per_unit": "160",
        "price_unit": "G"
      },
      {
        "state": "QLD",
        "price": "800",
        "price_per_unit": "160",
        "price_unit": "G"
      },
      {
        "state": "WA",
        "price": "800",
        "price_per_unit": "160",
        "price_unit": "G"
      },
      {
        "state": "SA",
        "price": "800",
        "price_per_unit": "160",
        "price_unit": "G"
      },
      {
        "state": "TAS",
        "price": "600",
        "price_per_unit": "120",
        "price_unit": "G"
      },
      {
        "state": "ACT",
        "price": "600",
        "price_per_unit": "120",
        "price_unit": "G"
      },
      {
        "state": "NT",
        "price": "630",
        "price_per_unit": "126",
        "price_unit": "G"
      }
    ]
  },
  {
    "source_url": "https://www.woolworths.com.au/shop/productdetails/332107/praise-whole-egg-mayonnaise-whole-egg",
    "name": "Praise Whole Egg Mayonnaise Whole Egg 670g",
    "image_url": "https://cdn1.woolworths.media/content/wowproductimages/large/332107.jpg",
    "source_id": "Woolworths - 332107",
    "barcode": "9310047212436",
    "shop": "Woolworths",
    "weight": "100G",
    "prices": [
      {
        "state": "VIC",
        "price": "700",
        "price_per_unit": "104",
        "price_unit": "G"
      },
      {
        "state": "QLD",
        "price": "700",
        "price_per_unit": "104",
        "price_unit": "G"
      },
      {
        "state": "WA",
        "price": "700",
        "price_per_unit": "104",
        "price_unit": "G"
      },
      {
        "state": "SA",
        "price": "700",
        "price_per_unit": "104",
        "price_unit": "G"
      },
      {
        "state": "TAS",
        "price": "700",
        "price_per_unit": "104",
        "price_unit": "G"
      },
      {
        "state": "ACT",
        "price": "700",
        "price_per_unit": "104",
        "price_unit": "G"
      },
      {
        "state": "NT",
        "price": "735",
        "price_per_unit": "110",
        "price_unit": "G"
      }
    ]
  },
  {
    "source_url": "https://www.woolworths.com.au/shop/productdetails/766607/red-kellys-dressings-sweet-chilli-lime",
    "name": "Red Kellys Dressings Sweet Chilli & Lime 250ml",
    "image_url": "https://cdn1.woolworths.media/content/wowproductimages/large/766607.jpg",
    "source_id": "Woolworths - 766607",
    "barcode": "9320783005131",
    "shop": "Woolworths",
    "weight": "100ML",
    "prices": [
      {
        "state": "VIC",
        "price": "400",
        "price_per_unit": "160",
        "price_unit": "ML"
      },
      {
        "state": "QLD",
        "price": "400",
        "price_per_unit": "160",
        "price_unit": "ML"
      },
      {
        "state": "WA",
        "price": "400",
        "price_per_unit": "160",
        "price_unit": "ML"
      },
      {
        "state": "SA",
        "price": "400",
        "price_per_unit": "160",
        "price_unit": "ML"
      },
      {
        "state": "TAS",
        "price": "400",
        "price_per_unit": "160",
        "price_unit": "ML"
      },
      {
        "state": "ACT",
        "price": "400",
        "price_per_unit": "160",
        "price_unit": "ML"
      },
      {
        "state": "NT",
        "price": "425",
        "price_per_unit": "170",
        "price_unit": "ML"
      }
    ]
  },
  {
    "source_url": "https://www.woolworths.com.au/shop/productdetails/311904/red-kellys-dressings-traditional",
    "name": "Red Kellys Dressings Traditional 250ml",
    "image_url": "https://cdn1.woolworths.media/content/wowproductimages/large/311904.jpg",
    "source_id": "Woolworths - 311904",
    "barcode": "9320783005001",
    "shop": "Woolworths",
    "weight": "100ML",
    "prices": [
      {
        "state": "VIC",
        "price": "400",
        "price_per_unit": "160",
        "price_unit": "ML"
      },
      {
        "state": "QLD",
        "price": "400",
        "price_per_unit": "160",
        "price_unit": "ML"
      },
      {
        "state": "WA",
        "price": "400",
        "price_per_unit": "160",
        "price_unit": "ML"
      },
      {
        "state": "SA",
        "price": "400",
        "price_per_unit": "160",
        "price_unit": "ML"
      },
      {
        "state": "TAS",
        "price": "400",
        "price_per_unit": "160",
        "price_unit": "ML"
      },
      {
        "state": "ACT",
        "price": "400",
        "price_per_unit": "160",
        "price_unit": "ML"
      },
      {
        "state": "NT",
        "price": "425",
        "price_per_unit": "170",
        "price_unit": "ML"
      }
    ]
  },
  {
    "source_url": "https://www.woolworths.com.au/shop/productdetails/311907/red-kellys-salad-dressing-caesar",
    "name": "Red Kellys Salad Dressing Caesar 250ml",
    "image_url": "https://cdn1.woolworths.media/content/wowproductimages/large/311907.jpg",
    "source_id": "Woolworths - 311907",
    "barcode": "9320783005063",
    "shop": "Woolworths",
    "weight": "100ML",
    "prices": [
      {
        "state": "VIC",
        "price": "400",
        "price_per_unit": "160",
        "price_unit": "ML"
      },
      {
        "state": "QLD",
        "price": "400",
        "price_per_unit": "160",
        "price_unit": "ML"
      },
      {
        "state": "WA",
        "price": "400",
        "price_per_unit": "160",
        "price_unit": "ML"
      },
      {
        "state": "SA",
        "price": "400",
        "price_per_unit": "160",
        "price_unit": "ML"
      },
      {
        "state": "TAS",
        "price": "400",
        "price_per_unit": "160",
        "price_unit": "ML"
      },
      {
        "state": "ACT",
        "price": "400",
        "price_per_unit": "160",
        "price_unit": "ML"
      },
      {
        "state": "NT",
        "price": "425",
        "price_per_unit": "170",
        "price_unit": "ML"
      }
    ]
  },
  {
    "source_url": "https://www.woolworths.com.au/shop/productdetails/293959/s-w-mayonnaise-whole-egg",
    "name": "S&W Mayonnaise Whole Egg 880g",
    "image_url": "https://cdn1.woolworths.media/content/wowproductimages/large/293959.jpg",
    "source_id": "Woolworths - 293959",
    "barcode": "9310560014890",
    "shop": "Woolworths",
    "weight": "100G",
    "prices": [
      {
        "state": "VIC",
        "price": "1050",
        "price_per_unit": "119",
        "price_unit": "G"
      },
      {
        "state": "QLD",
        "price": "1050",
        "price_per_unit": "119",
        "price_unit": "G"
      },
      {
        "state": "WA",
        "price": "1050",
        "price_per_unit": "119",
        "price_unit": "G"
      },
      {
        "state": "SA",
        "price": "1050",
        "price_per_unit": "119",
        "price_unit": "G"
      },
      {
        "state": "TAS",
        "price": "1050",
        "price_per_unit": "119",
        "price_unit": "G"
      },
      {
        "state": "ACT",
        "price": "1050",
        "price_per_unit": "119",
        "price_unit": "G"
      },
      {
        "state": "NT",
        "price": "1050",
        "price_per_unit": "119",
        "price_unit": "G"
      }
    ]
  },
  {
    "source_url": "https://www.woolworths.com.au/shop/productdetails/729113/sandhurst-dressings-caramelised-balsamic-vinegar",
    "name": "Sandhurst Dressings Caramelised Balsamic Vinegar 250ml",
    "image_url": "https://cdn1.woolworths.media/content/wowproductimages/large/729113.jpg",
    "source_id": "Woolworths - 729113",
    "barcode": "9313839007418",
    "shop": "Woolworths",
    "weight": "100ML",
    "prices": [
      {
        "state": "VIC",
        "price": "1000",
        "price_per_unit": "400",
        "price_unit": "ML"
      },
      {
        "state": "QLD",
        "price": "1000",
        "price_per_unit": "400",
        "price_unit": "ML"
      },
      {
        "state": "WA",
        "price": "1000",
        "price_per_unit": "400",
        "price_unit": "ML"
      },
      {
        "state": "SA",
        "price": "1000",
        "price_per_unit": "400",
        "price_unit": "ML"
      },
      {
        "state": "TAS",
        "price": "800",
        "price_per_unit": "320",
        "price_unit": "ML"
      },
      {
        "state": "ACT",
        "price": "800",
        "price_per_unit": "320",
        "price_unit": "ML"
      },
      {
        "state": "NT",
        "price": "800",
        "price_per_unit": "320",
        "price_unit": "ML"
      }
    ]
  },
  {
    "source_url": "https://www.woolworths.com.au/shop/productdetails/924105/the-australian-vinegar-co-balsamic-vinegar",
    "name": "The Australian Vinegar Co. Balsamic Vinegar 250ml",
    "image_url": "https://cdn1.woolworths.media/content/wowproductimages/large/924105.jpg",
    "source_id": "Woolworths - 924105",
    "barcode": "9354803000462",
    "shop": "Woolworths",
    "weight": "100ML",
    "prices": [
      {
        "state": "VIC",
        "price": "350",
        "price_per_unit": "140",
        "price_unit": "ML"
      },
      {
        "state": "QLD",
        "price": "350",
        "price_per_unit": "140",
        "price_unit": "ML"
      },
      {
        "state": "WA",
        "price": "350",
        "price_per_unit": "140",
        "price_unit": "ML"
      },
      {
        "state": "SA",
        "price": "350",
        "price_per_unit": "140",
        "price_unit": "ML"
      },
      {
        "state": "TAS",
        "price": "350",
        "price_per_unit": "140",
        "price_unit": "ML"
      },
      {
        "state": "NT",
        "price": "350",
        "price_per_unit": "140",
        "price_unit": "ML"
      }
    ]
  },
  {
    "source_url": "https://www.woolworths.com.au/shop/productdetails/924549/the-australian-vinegar-co-organic-apple-cider-vinegar",
    "name": "The Australian Vinegar Co. Organic Apple Cider Vinegar 250ml",
    "image_url": "https://cdn1.woolworths.media/content/wowproductimages/large/924549.jpg",
    "source_id": "Woolworths - 924549",
    "barcode": "9354803000486",
    "shop": "Woolworths",
    "weight": "100ML",
    "prices": [
      {
        "state": "VIC",
        "price": "350",
        "price_per_unit": "140",
        "price_unit": "ML"
      },
      {
        "state": "QLD",
        "price": "350",
        "price_per_unit": "140",
        "price_unit": "ML"
      },
      {
        "state": "WA",
        "price": "350",
        "price_per_unit": "140",
        "price_unit": "ML"
      },
      {
        "state": "SA",
        "price": "350",
        "price_per_unit": "140",
        "price_unit": "ML"
      },
      {
        "state": "TAS",
        "price": "350",
        "price_per_unit": "140",
        "price_unit": "ML"
      },
      {
        "state": "NT",
        "price": "350",
        "price_per_unit": "140",
        "price_unit": "ML"
      }
    ]
  },
  {
    "source_url": "https://www.woolworths.com.au/shop/productdetails/169388/the-gourmet-specialists-classic-sticky-balsamic-vinegar",
    "name": "The Gourmet Specialists Classic Sticky Balsamic Vinegar 250ml",
    "image_url": "https://cdn1.woolworths.media/content/wowproductimages/large/169388.jpg",
    "source_id": "Woolworths - 169388",
    "barcode": "9353774000679",
    "shop": "Woolworths",
    "weight": "100ML",
    "prices": [
      {
        "state": "VIC",
        "price": "900",
        "price_per_unit": "360",
        "price_unit": "ML"
      },
      {
        "state": "QLD",
        "price": "900",
        "price_per_unit": "360",
        "price_unit": "ML"
      },
      {
        "state": "WA",
        "price": "900",
        "price_per_unit": "360",
        "price_unit": "ML"
      },
      {
        "state": "SA",
        "price": "900",
        "price_per_unit": "360",
        "price_unit": "ML"
      },
      {
        "state": "TAS",
        "price": "900",
        "price_per_unit": "360",
        "price_unit": "ML"
      }
    ]
  },
  {
    "source_url": "https://www.woolworths.com.au/shop/productdetails/19274/thomy-mayonnaise",
    "name": "Thomy Mayonnaise 470g",
    "image_url": "https://cdn1.woolworths.media/content/wowproductimages/large/019274.jpg",
    "source_id": "Woolworths - 19274",
    "barcode": "7613036364171",
    "shop": "Woolworths",
    "weight": "100G",
    "prices": [
      {
        "state": "VIC",
        "price": "750",
        "price_per_unit": "160",
        "price_unit": "G"
      },
      {
        "state": "QLD",
        "price": "750",
        "price_per_unit": "160",
        "price_unit": "G"
      },
      {
        "state": "WA",
        "price": "750",
        "price_per_unit": "160",
        "price_unit": "G"
      },
      {
        "state": "SA",
        "price": "750",
        "price_per_unit": "160",
        "price_unit": "G"
      },
      {
        "state": "TAS",
        "price": "650",
        "price_per_unit": "138",
        "price_unit": "G"
      },
      {
        "state": "ACT",
        "price": "650",
        "price_per_unit": "138",
        "price_unit": "G"
      },
      {
        "state": "NT",
        "price": "690",
        "price_per_unit": "147",
        "price_unit": "G"
      }
    ]
  },
  {
    "source_url": "https://www.woolworths.com.au/shop/productdetails/257302/woolworths-balsamic-vinegar",
    "name": "Woolworths Balsamic Vinegar 250ml",
    "image_url": "https://cdn1.woolworths.media/content/wowproductimages/large/257302.jpg",
    "source_id": "Woolworths - 257302",
    "barcode": "93633390",
    "shop": "Woolworths",
    "weight": "100ML",
    "prices": [
      {
        "state": "VIC",
        "price": "449",
        "price_per_unit": "180",
        "price_unit": "ML"
      },
      {
        "state": "QLD",
        "price": "449",
        "price_per_unit": "180",
        "price_unit": "ML"
      },
      {
        "state": "WA",
        "price": "449",
        "price_per_unit": "180",
        "price_unit": "ML"
      },
      {
        "state": "TAS",
        "price": "449",
        "price_per_unit": "180",
        "price_unit": "ML"
      },
      {
        "state": "ACT",
        "price": "449",
        "price_per_unit": "180",
        "price_unit": "ML"
      },
      {
        "state": "NT",
        "price": "449",
        "price_per_unit": "180",
        "price_unit": "ML"
      }
    ]
  },
  {
    "source_url": "https://www.woolworths.com.au/shop/productdetails/296531/woolworths-caesar-salad-dressing",
    "name": "Woolworths Caesar Salad Dressing 300ml",
    "image_url": "https://cdn1.woolworths.media/content/wowproductimages/large/296531.jpg",
    "source_id": "Woolworths - 296531",
    "barcode": "9339687343928",
    "shop": "Woolworths",
    "weight": "100ML",
    "prices": [
      {
        "state": "VIC",
        "price": "180",
        "price_per_unit": "60",
        "price_unit": "ML"
      },
      {
        "state": "QLD",
        "price": "180",
        "price_per_unit": "60",
        "price_unit": "ML"
      },
      {
        "state": "WA",
        "price": "180",
        "price_per_unit": "60",
        "price_unit": "ML"
      },
      {
        "state": "TAS",
        "price": "180",
        "price_per_unit": "60",
        "price_unit": "ML"
      },
      {
        "state": "ACT",
        "price": "180",
        "price_per_unit": "60",
        "price_unit": "ML"
      },
      {
        "state": "NT",
        "price": "180",
        "price_per_unit": "60",
        "price_unit": "ML"
      }
    ]
  },
  {
    "source_url": "https://www.woolworths.com.au/shop/productdetails/87913/woolworths-chipotle-mayonnaise",
    "name": "Woolworths Chipotle Mayonnaise 250ml",
    "image_url": "https://cdn1.woolworths.media/content/wowproductimages/large/087913.jpg",
    "source_id": "Woolworths - 87913",
    "barcode": "9400597032162",
    "shop": "Woolworths",
    "weight": "100ML",
    "prices": [
      {
        "state": "VIC",
        "price": "200",
        "price_per_unit": "80",
        "price_unit": "ML"
      },
      {
        "state": "QLD",
        "price": "200",
        "price_per_unit": "80",
        "price_unit": "ML"
      },
      {
        "state": "WA",
        "price": "200",
        "price_per_unit": "80",
        "price_unit": "ML"
      },
      {
        "state": "TAS",
        "price": "200",
        "price_per_unit": "80",
        "price_unit": "ML"
      },
      {
        "state": "ACT",
        "price": "200",
        "price_per_unit": "80",
        "price_unit": "ML"
      },
      {
        "state": "NT",
        "price": "200",
        "price_per_unit": "80",
        "price_unit": "ML"
      }
    ]
  },
  {
    "source_url": "https://www.woolworths.com.au/shop/productdetails/73716/woolworths-double-strength-white-vinegar",
    "name": "Woolworths Double Strength White Vinegar 2l",
    "image_url": "https://cdn1.woolworths.media/content/wowproductimages/large/073716.jpg",
    "source_id": "Woolworths - 73716",
    "barcode": "9339687138159",
    "shop": "Woolworths",
    "weight": "100ML",
    "prices": [
      {
        "state": "VIC",
        "price": "270",
        "price_per_unit": "14",
        "price_unit": "ML"
      },
      {
        "state": "TAS",
        "price": "270",
        "price_per_unit": "14",
        "price_unit": "ML"
      },
      {
        "state": "ACT",
        "price": "270",
        "price_per_unit": "14",
        "price_unit": "ML"
      },
      {
        "state": "NT",
        "price": "285",
        "price_per_unit": "14",
        "price_unit": "ML"
      }
    ]
  },
  {
    "source_url": "https://www.woolworths.com.au/shop/productdetails/251528/woolworths-dressing-99-free-french",
    "name": "Woolworths Dressing 99% Free French 300ml",
    "image_url": "https://cdn1.woolworths.media/content/wowproductimages/large/251528.jpg",
    "source_id": "Woolworths - 251528",
    "barcode": "9300633930028",
    "shop": "Woolworths",
    "weight": "100ML",
    "prices": [
      {
        "state": "VIC",
        "price": "180",
        "price_per_unit": "60",
        "price_unit": "ML"
      },
      {
        "state": "TAS",
        "price": "180",
        "price_per_unit": "60",
        "price_unit": "ML"
      },
      {
        "state": "ACT",
        "price": "180",
        "price_per_unit": "60",
        "price_unit": "ML"
      },
      {
        "state": "NT",
        "price": "190",
        "price_per_unit": "63",
        "price_unit": "ML"
      }
    ]
  },
  {
    "source_url": "https://www.woolworths.com.au/shop/productdetails/346206/woolworths-dressing-ranch",
    "name": "Woolworths Dressing Ranch 300ml",
    "image_url": "https://cdn1.woolworths.media/content/wowproductimages/large/346206.jpg",
    "source_id": "Woolworths - 346206",
    "barcode": "9300633151119",
    "shop": "Woolworths",
    "weight": "100ML",
    "prices": [
      {
        "state": "VIC",
        "price": "180",
        "price_per_unit": "60",
        "price_unit": "ML"
      },
      {
        "state": "TAS",
        "price": "180",
        "price_per_unit": "60",
        "price_unit": "ML"
      },
      {
        "state": "ACT",
        "price": "180",
        "price_per_unit": "60",
        "price_unit": "ML"
      },
      {
        "state": "NT",
        "price": "190",
        "price_per_unit": "63",
        "price_unit": "ML"
      }
    ]
  },
  {
    "source_url": "https://www.woolworths.com.au/shop/productdetails/87916/woolworths-extreme-garlic-aioli",
    "name": "Woolworths Extreme Garlic Aioli 250ml",
    "image_url": "https://cdn1.woolworths.media/content/wowproductimages/large/087916.jpg",
    "source_id": "Woolworths - 87916",
    "barcode": "9400597032186",
    "shop": "Woolworths",
    "weight": "100ML",
    "prices": [
      {
        "state": "VIC",
        "price": "200",
        "price_per_unit": "80",
        "price_unit": "ML"
      },
      {
        "state": "TAS",
        "price": "200",
        "price_per_unit": "80",
        "price_unit": "ML"
      },
      {
        "state": "ACT",
        "price": "200",
        "price_per_unit": "80",
        "price_unit": "ML"
      },
      {
        "state": "NT",
        "price": "200",
        "price_per_unit": "80",
        "price_unit": "ML"
      }
    ]
  },
  {
    "source_url": "https://www.woolworths.com.au/shop/productdetails/251527/woolworths-italian-balsamic-dressing-99-fat-free-italian-balsamic",
    "name": "Woolworths Italian Balsamic Dressing 300ml",
    "image_url": "https://cdn1.woolworths.media/content/wowproductimages/large/251527.jpg",
    "source_id": "Woolworths - 251527",
    "barcode": "9300633930004",
    "shop": "Woolworths",
    "weight": "100ML",
    "prices": [
      {
        "state": "VIC",
        "price": "180",
        "price_per_unit": "60",
        "price_unit": "ML"
      },
      {
        "state": "TAS",
        "price": "180",
        "price_per_unit": "60",
        "price_unit": "ML"
      },
      {
        "state": "ACT",
        "price": "180",
        "price_per_unit": "60",
        "price_unit": "ML"
      },
      {
        "state": "NT",
        "price": "190",
        "price_per_unit": "63",
        "price_unit": "ML"
      }
    ]
  },
  {
    "source_url": "https://www.woolworths.com.au/shop/productdetails/251526/woolworths-italian-dressing-99-fat-free-italian",
    "name": "Woolworths Italian Dressing 300ml",
    "image_url": "https://cdn1.woolworths.media/content/wowproductimages/large/251526.jpg",
    "source_id": "Woolworths - 251526",
    "barcode": "9300633929992",
    "shop": "Woolworths",
    "weight": "100ML",
    "prices": [
      {
        "state": "VIC",
        "price": "180",
        "price_per_unit": "60",
        "price_unit": "ML"
      },
      {
        "state": "TAS",
        "price": "180",
        "price_per_unit": "60",
        "price_unit": "ML"
      },
      {
        "state": "ACT",
        "price": "180",
        "price_per_unit": "60",
        "price_unit": "ML"
      },
      {
        "state": "NT",
        "price": "190",
        "price_per_unit": "63",
        "price_unit": "ML"
      }
    ]
  },
  {
    "source_url": "https://www.woolworths.com.au/shop/productdetails/720423/woolworths-lemon-juice-bottle",
    "name": "Woolworths Lemon Juice Bottle 250mL",
    "image_url": "https://cdn1.woolworths.media/content/wowproductimages/large/720423.jpg",
    "source_id": "Woolworths - 720423",
    "barcode": "9300633292355",
    "shop": "Woolworths",
    "weight": "100ML",
    "prices": [
      {
        "state": "VIC",
        "price": "100",
        "price_per_unit": "40",
        "price_unit": "ML"
      },
      {
        "state": "TAS",
        "price": "100",
        "price_per_unit": "40",
        "price_unit": "ML"
      },
      {
        "state": "ACT",
        "price": "100",
        "price_per_unit": "40",
        "price_unit": "ML"
      },
      {
        "state": "NT",
        "price": "105",
        "price_per_unit": "42",
        "price_unit": "ML"
      }
    ]
  },
  {
    "source_url": "https://www.woolworths.com.au/shop/productdetails/87917/woolworths-seafood-mayonnaise",
    "name": "Woolworths Seafood Mayonnaise 250ml",
    "image_url": "https://cdn1.woolworths.media/content/wowproductimages/large/087917.jpg",
    "source_id": "Woolworths - 87917",
    "barcode": "9400597032193",
    "shop": "Woolworths",
    "weight": "100ML",
    "prices": [
      {
        "state": "VIC",
        "price": "200",
        "price_per_unit": "80",
        "price_unit": "ML"
      },
      {
        "state": "TAS",
        "price": "200",
        "price_per_unit": "80",
        "price_unit": "ML"
      },
      {
        "state": "NT",
        "price": "200",
        "price_per_unit": "80",
        "price_unit": "ML"
      }
    ]
  },
  {
    "source_url": "https://www.woolworths.com.au/shop/productdetails/87831/woolworths-sriracha-mayonnaise",
    "name": "Woolworths Sriracha Mayonnaise 250ml",
    "image_url": "https://cdn1.woolworths.media/content/wowproductimages/large/087831.jpg",
    "source_id": "Woolworths - 87831",
    "barcode": "9400597032148",
    "shop": "Woolworths",
    "weight": "100ML",
    "prices": [
      {
        "state": "VIC",
        "price": "200",
        "price_per_unit": "80",
        "price_unit": "ML"
      },
      {
        "state": "TAS",
        "price": "200",
        "price_per_unit": "80",
        "price_unit": "ML"
      },
      {
        "state": "NT",
        "price": "200",
        "price_per_unit": "80",
        "price_unit": "ML"
      }
    ]
  },
  {
    "source_url": "https://www.woolworths.com.au/shop/productdetails/87830/woolworths-sweet-chilli-mayonnaise",
    "name": "Woolworths Sweet Chilli Mayonnaise 250ml",
    "image_url": "https://cdn1.woolworths.media/content/wowproductimages/large/087830.jpg",
    "source_id": "Woolworths - 87830",
    "barcode": "9400597032131",
    "shop": "Woolworths",
    "weight": "100ML",
    "prices": [
      {
        "state": "VIC",
        "price": "200",
        "price_per_unit": "80",
        "price_unit": "ML"
      },
      {
        "state": "TAS",
        "price": "200",
        "price_per_unit": "80",
        "price_unit": "ML"
      },
      {
        "state": "NT",
        "price": "200",
        "price_per_unit": "80",
        "price_unit": "ML"
      }
    ]
  },
  {
    "source_url": "https://www.woolworths.com.au/shop/productdetails/296782/woolworths-thousand-island-salad-dressing",
    "name": "Woolworths Thousand Island Salad Dressing 300ml",
    "image_url": "https://cdn1.woolworths.media/content/wowproductimages/large/296782.jpg",
    "source_id": "Woolworths - 296782",
    "barcode": "9339687343935",
    "shop": "Woolworths",
    "weight": "100ML",
    "prices": [
      {
        "state": "VIC",
        "price": "180",
        "price_per_unit": "60",
        "price_unit": "ML"
      },
      {
        "state": "TAS",
        "price": "180",
        "price_per_unit": "60",
        "price_unit": "ML"
      },
      {
        "state": "NT",
        "price": "180",
        "price_per_unit": "60",
        "price_unit": "ML"
      }
    ]
  },
  {
    "source_url": "https://www.woolworths.com.au/shop/productdetails/257305/woolworths-vinegar-balsamic-glaze",
    "name": "Woolworths Vinegar Balsamic Glaze 215ml",
    "image_url": "https://cdn1.woolworths.media/content/wowproductimages/large/257305.jpg",
    "source_id": "Woolworths - 257305",
    "barcode": "93633413",
    "shop": "Woolworths",
    "weight": "100ML",
    "prices": [
      {
        "state": "VIC",
        "price": "400",
        "price_per_unit": "186",
        "price_unit": "ML"
      },
      {
        "state": "TAS",
        "price": "400",
        "price_per_unit": "186",
        "price_unit": "ML"
      },
      {
        "state": "NT",
        "price": "400",
        "price_per_unit": "186",
        "price_unit": "ML"
      }
    ]
  },
  {
    "source_url": "https://www.woolworths.com.au/shop/productdetails/257303/woolworths-vinegar-balsamic-white",
    "name": "Woolworths Vinegar Balsamic White 250ml",
    "image_url": "https://cdn1.woolworths.media/content/wowproductimages/large/257303.jpg",
    "source_id": "Woolworths - 257303",
    "barcode": "93633383",
    "shop": "Woolworths",
    "weight": "100ML",
    "prices": [
      {
        "state": "VIC",
        "price": "300",
        "price_per_unit": "120",
        "price_unit": "ML"
      },
      {
        "state": "TAS",
        "price": "300",
        "price_per_unit": "120",
        "price_unit": "ML"
      },
      {
        "state": "NT",
        "price": "300",
        "price_per_unit": "120",
        "price_unit": "ML"
      }
    ]
  },
  {
    "source_url": "https://www.woolworths.com.au/shop/productdetails/256880/woolworths-vinegar-red-wine",
    "name": "Woolworths Vinegar Red Wine 500ml",
    "image_url": "https://cdn1.woolworths.media/content/wowproductimages/large/256880.jpg",
    "source_id": "Woolworths - 256880",
    "barcode": "9300633947859",
    "shop": "Woolworths",
    "weight": "100ML",
    "prices": [
      {
        "state": "VIC",
        "price": "250",
        "price_per_unit": "50",
        "price_unit": "ML"
      },
      {
        "state": "TAS",
        "price": "250",
        "price_per_unit": "50",
        "price_unit": "ML"
      },
      {
        "state": "NT",
        "price": "250",
        "price_per_unit": "50",
        "price_unit": "ML"
      }
    ]
  },
  {
    "source_url": "https://www.woolworths.com.au/shop/productdetails/256881/woolworths-vinegar-white-wine",
    "name": "Woolworths Vinegar White Wine 500ml",
    "image_url": "https://cdn1.woolworths.media/content/wowproductimages/large/256881.jpg",
    "source_id": "Woolworths - 256881",
    "barcode": "9300633947866",
    "shop": "Woolworths",
    "weight": "100ML",
    "prices": [
      {
        "state": "VIC",
        "price": "250",
        "price_per_unit": "50",
        "price_unit": "ML"
      },
      {
        "state": "TAS",
        "price": "250",
        "price_per_unit": "50",
        "price_unit": "ML"
      },
      {
        "state": "NT",
        "price": "250",
        "price_per_unit": "50",
        "price_unit": "ML"
      }
    ]
  },
  {
    "source_url": "https://www.woolworths.com.au/shop/productdetails/945643/your-condiment-co-burger-mayo",
    "name": "Your Condiment Co Burger Mayo 250mL",
    "image_url": "https://cdn1.woolworths.media/content/wowproductimages/large/945643.jpg",
    "source_id": "Woolworths - 945643",
    "barcode": "9309001863159",
    "shop": "Woolworths",
    "weight": "100ML",
    "prices": [
      {
        "state": "VIC",
        "price": "300",
        "price_per_unit": "120",
        "price_unit": "ML"
      },
      {
        "state": "TAS",
        "price": "300",
        "price_per_unit": "120",
        "price_unit": "ML"
      },
      {
        "state": "NT",
        "price": "300",
        "price_per_unit": "120",
        "price_unit": "ML"
      }
    ]
  },
  {
    "source_url": "https://www.woolworths.com.au/shop/productdetails/942097/your-condiment-co-chipotle-mayo",
    "name": "Your Condiment Co Chipotle Mayo 250mL",
    "image_url": "https://cdn1.woolworths.media/content/wowproductimages/large/942097.jpg",
    "source_id": "Woolworths - 942097",
    "barcode": "9309001863166",
    "shop": "Woolworths",
    "weight": "100ML",
    "prices": [
      {
        "state": "VIC",
        "price": "300",
        "price_per_unit": "120",
        "price_unit": "ML"
      },
      {
        "state": "TAS",
        "price": "300",
        "price_per_unit": "120",
        "price_unit": "ML"
      },
      {
        "state": "NT",
        "price": "300",
        "price_per_unit": "120",
        "price_unit": "ML"
      }
    ]
  },
  {
    "source_url": "https://www.woolworths.com.au/shop/productdetails/944586/your-condiment-co-pesto-mayo",
    "name": "Your Condiment Co Pesto Mayo 250mL",
    "image_url": "https://cdn1.woolworths.media/content/wowproductimages/large/944586.jpg",
    "source_id": "Woolworths - 944586",
    "barcode": "9309001863173",
    "shop": "Woolworths",
    "weight": "100ML",
    "prices": [
      {
        "state": "VIC",
        "price": "300",
        "price_per_unit": "120",
        "price_unit": "ML"
      },
      {
        "state": "TAS",
        "price": "300",
        "price_per_unit": "120",
        "price_unit": "ML"
      },
      {
        "state": "NT",
        "price": "300",
        "price_per_unit": "120",
        "price_unit": "ML"
      }
    ]
  },
  {
    "source_url": "https://www.woolworths.com.au/shop/productdetails/944634/your-condiment-co-pickle-naise-mayo",
    "name": "Your Condiment Co Pickle'Naise Mayo 250mL",
    "image_url": "https://cdn1.woolworths.media/content/wowproductimages/large/944634.jpg",
    "source_id": "Woolworths - 944634",
    "barcode": "9309001863180",
    "shop": "Woolworths",
    "weight": "100ML",
    "prices": [
      {
        "state": "VIC",
        "price": "300",
        "price_per_unit": "120",
        "price_unit": "ML"
      },
      {
        "state": "TAS",
        "price": "300",
        "price_per_unit": "120",
        "price_unit": "ML"
      },
      {
        "state": "NT",
        "price": "300",
        "price_per_unit": "120",
        "price_unit": "ML"
      }
    ]
  },
  {
    "source_url": "https://www.woolworths.com.au/shop/productdetails/944193/your-condiment-co-whole-egg-mayonnaise",
    "name": "Your Condiment Co Whole Egg Mayonnaise 250mL",
    "image_url": "https://cdn1.woolworths.media/content/wowproductimages/large/944193.jpg",
    "source_id": "Woolworths - 944193",
    "barcode": "9309001863197",
    "shop": "Woolworths",
    "weight": "100ML",
    "prices": [
      {
        "state": "VIC",
        "price": "300",
        "price_per_unit": "120",
        "price_unit": "ML"
      },
      {
        "state": "TAS",
        "price": "300",
        "price_per_unit": "120",
        "price_unit": "ML"
      },
      {
        "state": "NT",
        "price": "300",
        "price_per_unit": "120",
        "price_unit": "ML"
      }
    ]
  },
  {
    "source_url": "https://www.woolworths.com.au/shop/productdetails/504882/aurelio-caramalised-balsamic-vinegar",
    "name": "Aurelio Caramalised Balsamic Vinegar 250ml",
    "image_url": "https://cdn1.woolworths.media/content/wowproductimages/large/504882.jpg",
    "source_id": "Woolworths - 504882",
    "barcode": "9326142001066",
    "shop": "Woolworths",
    "weight": "100ML",
    "prices": [
      {
        "state": "SA",
        "price": "900",
        "price_per_unit": "360",
        "price_unit": "ML"
      }
    ]
  },
  {
    "source_url": "https://www.woolworths.com.au/shop/productdetails/164705/beerenberg-ranch-dressing",
    "name": "Beerenberg Ranch Dressing 300ml",
    "image_url": "https://cdn1.woolworths.media/content/wowproductimages/large/164705.jpg",
    "source_id": "Woolworths - 164705",
    "barcode": "9311485001064",
    "shop": "Woolworths",
    "weight": "100ML",
    "prices": [
      {
        "state": "SA",
        "price": "670",
        "price_per_unit": "223",
        "price_unit": "ML"
      },
      {
        "state": "TAS",
        "price": "670",
        "price_per_unit": "223",
        "price_unit": "ML"
      },
      {
        "state": "ACT",
        "price": "670",
        "price_per_unit": "223",
        "price_unit": "ML"
      }
    ]
  },
  {
    "source_url": "https://www.woolworths.com.au/shop/productdetails/128095/good-fat-aioli",
    "name": "Good Fat Aioli 280g",
    "image_url": "https://cdn1.woolworths.media/content/wowproductimages/large/128095.jpg",
    "source_id": "Woolworths - 128095",
    "barcode": "784927404119",
    "shop": "Woolworths",
    "weight": "100G",
    "prices": [
      {
        "state": "SA",
        "price": "1500",
        "price_per_unit": "536",
        "price_unit": "G"
      }
    ]
  },
  {
    "source_url": "https://www.woolworths.com.au/shop/productdetails/127819/good-fat-mayo",
    "name": "Good Fat Mayo 280g",
    "image_url": "https://cdn1.woolworths.media/content/wowproductimages/large/127819.jpg",
    "source_id": "Woolworths - 127819",
    "barcode": "784927404072",
    "shop": "Woolworths",
    "weight": "100G",
    "prices": [
      {
        "state": "SA",
        "price": "1500",
        "price_per_unit": "536",
        "price_unit": "G"
      }
    ]
  },
  {
    "source_url": "https://www.woolworths.com.au/shop/productdetails/919595/hellmann-s-truffle-mayo",
    "name": "Hellmann's Truffle Mayo 251g",
    "image_url": "https://cdn1.woolworths.media/content/wowproductimages/large/919595.jpg",
    "source_id": "Woolworths - 919595",
    "barcode": "8720182753465",
    "shop": "Woolworths",
    "weight": "100G",
    "prices": [
      {
        "state": "SA",
        "price": "600",
        "price_per_unit": "239",
        "price_unit": "G"
      },
      {
        "state": "ACT",
        "price": "400",
        "price_per_unit": "159",
        "price_unit": "G"
      },
      {
        "state": "NT",
        "price": "400",
        "price_per_unit": "159",
        "price_unit": "G"
      }
    ]
  },
  {
    "source_url": "https://www.woolworths.com.au/shop/productdetails/250873/maggie-beer-red-wine-vinegar",
    "name": "Maggie Beer Red Wine Vinegar 375ml",
    "image_url": "https://cdn1.woolworths.media/content/wowproductimages/large/250873.jpg",
    "source_id": "Woolworths - 250873",
    "barcode": "9321325375101",
    "shop": "Woolworths",
    "weight": "100ML",
    "prices": [
      {
        "state": "SA",
        "price": "1099",
        "price_per_unit": "293",
        "price_unit": "ML"
      }
    ]
  },
  {
    "source_url": "https://www.woolworths.com.au/shop/productdetails/250869/maggie-beer-verjuice",
    "name": "Maggie Beer Verjuice 375ml",
    "image_url": "https://cdn1.woolworths.media/content/wowproductimages/large/250869.jpg",
    "source_id": "Woolworths - 250869",
    "barcode": "873006000110",
    "shop": "Woolworths",
    "weight": "100ML",
    "prices": [
      {
        "state": "SA",
        "price": "1150",
        "price_per_unit": "307",
        "price_unit": "ML"
      }
    ]
  },
  {
    "source_url": "https://www.woolworths.com.au/shop/productdetails/340753/mazzetti-balsamic-vinegar-of-modena",
    "name": "Mazzetti Balsamic Vinegar Of Modena 250ml",
    "image_url": "https://cdn1.woolworths.media/content/wowproductimages/large/340753.jpg",
    "source_id": "Woolworths - 340753",
    "barcode": "8002461910913",
    "shop": "Woolworths",
    "weight": "100ML",
    "prices": [
      {
        "state": "SA",
        "price": "1400",
        "price_per_unit": "560",
        "price_unit": "ML"
      },
      {
        "state": "TAS",
        "price": "1400",
        "price_per_unit": "560",
        "price_unit": "ML"
      },
      {
        "state": "ACT",
        "price": "1400",
        "price_per_unit": "560",
        "price_unit": "ML"
      }
    ]
  },
  {
    "source_url": "https://www.woolworths.com.au/shop/productdetails/924488/sandhurst-pomegranate-molasses",
    "name": "Sandhurst Pomegranate Molasses 250mL",
    "image_url": "https://cdn1.woolworths.media/content/wowproductimages/large/924488.jpg",
    "source_id": "Woolworths - 924488",
    "barcode": "9313839014355",
    "shop": "Woolworths",
    "weight": "100ML",
    "prices": [
      {
        "state": "SA",
        "price": "600",
        "price_per_unit": "240",
        "price_unit": "ML"
      }
    ]
  },
  {
    "source_url": "https://www.woolworths.com.au/shop/productdetails/169394/the-gourmet-specialists-fig-sticky-balsamic-vinegar",
    "name": "The Gourmet Specialists Fig Sticky Balsamic Vinegar 250ml",
    "image_url": "https://cdn1.woolworths.media/content/wowproductimages/large/169394.jpg",
    "source_id": "Woolworths - 169394",
    "barcode": "9353774000693",
    "shop": "Woolworths",
    "weight": "100ML",
    "prices": [
      {
        "state": "SA",
        "price": "900",
        "price_per_unit": "360",
        "price_unit": "ML"
      },
      {
        "state": "TAS",
        "price": "900",
        "price_per_unit": "360",
        "price_unit": "ML"
      }
    ]
  },
  {
    "source_url": "https://www.woolworths.com.au/shop/productdetails/925731/undivided-food-co-good-fat-joppie-mayo",
    "name": "Undivided Food Co Good Fat Joppie Mayo 280g",
    "image_url": "https://cdn1.woolworths.media/content/wowproductimages/large/925731.jpg",
    "source_id": "Woolworths - 925731",
    "barcode": "9356473000179",
    "shop": "Woolworths",
    "weight": "100G",
    "prices": [
      {
        "state": "SA",
        "price": "1500",
        "price_per_unit": "536",
        "price_unit": "G"
      }
    ]
  }
]