[
  {
    "source_url": "https://www.coles.com.au/product/grinders-crema-coffee-beans-1kg-1336197",
    "name": "Grinders Crema Coffee Beans | 1kg",
    "image_url": "https://www.coles.com.au/_next/image?url=https%3A%2F%2Fproductimages.coles.com.au%2Fproductimages%2F1%2F1336197.jpg&w=640&q=90",
    "barcode": "9329214001018",
    "shop": "coles",
    "category_id": "11456",
    "weight": "1kg",
    "prices": [
      {
        "state": "VIC",
        "price": "245",
        "price_per_unit": "2450",
        "price_unit": "kg"
      },
      {
        "state": "NSW",
        "price": "245",
        "price_per_unit": "2450",
        "price_unit": "kg"
      },
      {
        "state": "QLD",
        "price": "245",
        "price_per_unit": "2450",
        "price_unit": "kg"
      },
      {
        "state": "WA",
        "price": "245",
        "price_per_unit": "2450",
        "price_unit": "kg"
      },
      {
        "state": "SA",
        "price": "245",
        "price_per_unit": "2450",
        "price_unit": "kg"
      },
      {
        "state": "TAS",
        "price": "245",
        "price_per_unit": "2450",
        "price_unit": "kg"
      },
      {
        "state": "ACT",
        "price": "245",
        "price_per_unit": "2450",
        "price_unit": "kg"
      },
      {
        "state": "NT",
        "price": "245",
        "price_per_unit": "2450",
        "price_unit": "kg"
      }
    ]
  },
  {
    "source_url": "https://www.woolworths.com.au/shop/productdetails/738617/grinders-crema-coffee-beans-coffee-beans",
    "name": "Grinders Crema Coffee Beans 1kg",
    "image_url": "https://cdn1.woolworths.media/content/wowproductimages/large/738617.jpg",
    "barcode": "9329214001018",
    "shop": "Woolworths",
    "category_id": "1_5AF3A0A",
    "weight": "100G",
    "prices": [
      {
        "state": "NSW",
        "price": "245",
        "price_per_unit": "2450",
        "price_unit": "G"
      },
      {
        "state": "VIC",
        "price": "245",
        "price_per_unit": "2450",
        "price_unit": "G"
      },
      {
        "state": "QLD",
        "price": "245",
        "price_per_unit": "2450",
        "price_unit": "G"
      },
      {
        "state": "WA",
        "price": "245",
        "price_per_unit": "2450",
        "price_unit": "G"
      },
      {
        "state": "SA",
        "price": "245",
        "price_per_unit": "2450",
        "price_unit": "G"
      },
      {
        "state": "TAS",
        "price": "245",
        "price_per_unit": "2450",
        "price_unit": "G"
      },
      {
        "state": "ACT",
        "price": "350",
        "price_per_unit": "3500",
        "price_unit": "G"
      },
      {
        "state": "NT",
        "price": "350",
        "price_per_unit": "3500",
        "price_unit": "G"
      }
    ]
  },
  {
    "source_url": "https://www.coles.com.au/product/harris-strong-coffee-beans-1kg-3755350",
    "name": "Harris Strong Coffee Beans | 1kg",
    "image_url": "https://www.coles.com.au/_next/image?url=https%3A%2F%2Fproductimages.coles.com.au%2Fproductimages%2F3%2F3755350.jpg&w=640&q=90",
    "barcode": "9310200009392",
    "shop": "coles",
    "category_id": "11456",
    "weight": "1kg",
    "prices": [
      {
        "state": "VIC",
        "price": "320",
        "price_per_unit": "3200",
        "price_unit": "kg"
      },
      {
        "state": "WA",
        "price": "320",
        "price_per_unit": "3200",
        "price_unit": "kg"
      },
      {
        "state": "SA",
        "price": "320",
        "price_per_unit": "3200",
        "price_unit": "kg"
      },
      {
        "state": "ACT",
        "price": "320",
        "price_per_unit": "3200",
        "price_unit": "kg"
      },
      {
        "state": "NT",
        "price": "336",
        "price_per_unit": "3360",
        "price_unit": "kg"
      }
    ]
  },
  {
    "source_url": "https://www.woolworths.com.au/shop/productdetails/90001/harris-coffee-beans-strong",
    "name": "Harris Coffee Beans Strong 1kg",
    "image_url": "https://cdn1.woolworths.media/content/wowproductimages/large/090001.jpg",
    "barcode": "9310200009392",
    "shop": "Woolworths",
    "category_id": "1_5AF3A0A",
    "weight": "100G",
    "prices": [
      {
        "state": "NSW",
        "price": "320",
        "price_per_unit": "3200",
        "price_unit": "G"
      },
      {
        "state": "VIC",
        "price": "320",
        "price_per_unit": "3200",
        "price_unit": "G"
      },
      {
        "state": "QLD",
        "price": "320",
        "price_per_unit": "3200",
        "price_unit": "G"
      },
      {
        "state": "WA",
        "price": "320",
        "price_per_unit": "3200",
        "price_unit": "G"
      },
      {
        "state": "SA",
        "price": "320",
        "price_per_unit": "3200",
        "price_unit": "G"
      },
      {
        "state": "TAS",
        "price": "320",
        "price_per_unit": "3200",
        "price_unit": "G"
      },
      {
        "state": "ACT",
        "price": "320",
        "price_per_unit": "3200",
        "price_unit": "G"
      }
    ]
  },
  {
    "source_url": "https://www.coles.com.au/product/lavazza-espresso-barista-gran-crema-coffee-beans-1kg-3756513",
    "name": "Lavazza Espresso Barista Gran Crema Coffee Beans | 1kg",
    "image_url": "https://www.coles.com.au/_next/image?url=https%3A%2F%2Fproductimages.coles.com.au%2Fproductimages%2F3%2F3756513.jpg&w=640&q=90",
    "barcode": "8000070025066",
    "shop": "coles",
    "category_id": "11456",
    "weight": "1kg",
    "prices": [
      {
        "state": "VIC",
        "price": "300",
        "price_per_unit": "3000",
        "price_unit": "kg"
      },
      {
        "state": "NSW",
        "price": "300",
        "price_per_unit": "3000",
        "price_unit": "kg"
      },
      {
        "state": "QLD",
        "price": "300",
        "price_per_unit": "3000",
        "price_unit": "kg"
      },
      {
        "state": "WA",
        "price": "300",
        "price_per_unit": "3000",
        "price_unit": "kg"
      },
      {
        "state": "SA",
        "price": "300",
        "price_per_unit": "3000",
        "price_unit": "kg"
      },
      {
        "state": "TAS",
        "price": "300",
        "price_per_unit": "3000",
        "price_unit": "kg"
      },
      {
        "state": "ACT",
        "price": "300",
        "price_per_unit": "3000",
        "price_unit": "kg"
      },
      {
        "state": "NT",
        "price": "300",
        "price_per_unit": "3000",
        "price_unit": "kg"
      }
    ]
  },
  {
    "source_url": "https://www.woolworths.com.au/shop/productdetails/94147/lavazza-espresso-barista-gran-crema-coffee-beans",
    "name": "Lavazza Espresso Barista Gran Crema Coffee Beans 1kg",
    "image_url": "https://cdn1.woolworths.media/content/wowproductimages/large/094147.jpg",
    "barcode": "8000070025066",
    "shop": "Woolworths",
    "category_id": "1_5AF3A0A",
    "weight": "100G",
    "prices": [
      {
        "state": "NSW",
        "price": "500",
        "price_per_unit": "5000",
        "price_unit": "G"
      },
      {
        "state": "VIC",
        "price": "500",
        "price_per_unit": "5000",
        "price_unit": "G"
      },
      {
        "state": "QLD",
        "price": "500",
        "price_per_unit": "5000",
        "price_unit": "G"
      },
      {
        "state": "WA",
        "price": "500",
        "price_per_unit": "5000",
        "price_unit": "G"
      },
      {
        "state": "SA",
        "price": "500",
        "price_per_unit": "5000",
        "price_unit": "G"
      },
      {
        "state": "TAS",
        "price": "500",
        "price_per_unit": "5000",
        "price_unit": "G"
      },
      {
        "state": "ACT",
        "price": "500",
        "price_per_unit": "5000",
        "price_unit": "G"
      },
      {
        "state": "NT",
        "price": "500",
        "price_per_unit": "5000",
        "price_unit": "G"
      }
    ]
  },
  {
    "source_url": "https://www.coles.com.au/product/lavazza-tales-of-italy-alluring-napoli-premium-coffee-beans-500g-6277834",
    "name": "Lavazza Tales Of Italy Alluring Napoli Premium Coffee Beans | 500g",
    "image_url": "https://www.coles.com.au/_next/image?url=https%3A%2F%2Fproductimages.coles.com.au%2Fproductimages%2F6%2F6277834.jpg&w=640&q=90",
    "barcode": "8000070069169",
    "shop": "coles",
    "category_id": "11456",
    "weight": "500g",
    "prices": [
      {
        "state": "VIC",
        "price": "580",
        "price_per_unit": "2900",
        "price_unit": "g"
      },
      {
        "state": "QLD",
        "price": "580",
        "price_per_unit": "2900",
        "price_unit": "g"
      },
      {
        "state": "WA",
        "price": "580",
        "price_per_unit": "2900",
        "price_unit": "g"
      },
      {
        "state": "SA",
        "price": "580",
        "price_per_unit": "2900",
        "price_unit": "g"
      },
      {
        "state": "ACT",
        "price": "580",
        "price_per_unit": "2900",
        "price_unit": "g"
      },
      {
        "state": "NT",
        "price": "609",
        "price_per_unit": "3045",
        "price_unit": "g"
      }
    ]
  },
  {
    "source_url": "https://www.woolworths.com.au/shop/productdetails/309483/lavazza-tales-of-italy-alluring-napoli-coffee-beans",
    "name": "Lavazza Tales Of Italy Alluring Napoli Coffee Beans 500g",
    "image_url": "https://cdn1.woolworths.media/content/wowproductimages/large/309483.jpg",
    "barcode": "8000070069169",
    "shop": "Woolworths",
    "category_id": "1_5AF3A0A",
    "weight": "100G",
    "prices": [
      {
        "state": "NSW",
        "price": "580",
        "price_per_unit": "2900",
        "price_unit": "G"
      },
      {
        "state": "VIC",
        "price": "580",
        "price_per_unit": "2900",
        "price_unit": "G"
      },
      {
        "state": "QLD",
        "price": "580",
        "price_per_unit": "2900",
        "price_unit": "G"
      },
      {
        "state": "WA",
        "price": "580",
        "price_per_unit": "2900",
        "price_unit": "G"
      },
      {
        "state": "SA",
        "price": "580",
        "price_per_unit": "2900",
        "price_unit": "G"
      },
      {
        "state": "TAS",
        "price": "580",
        "price_per_unit": "2900",
        "price_unit": "G"
      },
      {
        "state": "ACT",
        "price": "580",
        "price_per_unit": "2900",
        "price_unit": "G"
      },
      {
        "state": "NT",
        "price": "348",
        "price_per_unit": "1740",
        "price_unit": "G"
      }
    ]
  },
  {
    "source_url": "https://www.coles.com.au/product/lavazza-tales-of-italy-eternal-roma-premium-coffee-beans-500g-6277878",
    "name": "Lavazza Tales Of Italy Eternal Roma Premium Coffee Beans | 500g",
    "image_url": "https://www.coles.com.au/_next/image?url=https%3A%2F%2Fproductimages.coles.com.au%2Fproductimages%2F6%2F6277878.jpg&w=640&q=90",
    "barcode": "8000070069244",
    "shop": "coles",
    "category_id": "11456",
    "weight": "500g",
    "prices": [
      {
        "state": "VIC",
        "price": "580",
        "price_per_unit": "2900",
        "price_unit": "g"
      },
      {
        "state": "QLD",
        "price": "580",
        "price_per_unit": "2900",
        "price_unit": "g"
      },
      {
        "state": "WA",
        "price": "580",
        "price_per_unit": "2900",
        "price_unit": "g"
      },
      {
        "state": "SA",
        "price": "580",
        "price_per_unit": "2900",
        "price_unit": "g"
      },
      {
        "state": "ACT",
        "price": "580",
        "price_per_unit": "2900",
        "price_unit": "g"
      },
      {
        "state": "NT",
        "price": "609",
        "price_per_unit": "3045",
        "price_unit": "g"
      }
    ]
  },
  {
    "source_url": "https://www.woolworths.com.au/shop/productdetails/309662/lavazza-tales-of-italy-eternal-roma-coffee-beans",
    "name": "Lavazza Tales Of Italy Eternal Roma Coffee Beans 500g",
    "image_url": "https://cdn1.woolworths.media/content/wowproductimages/large/309662.jpg",
    "barcode": "8000070069244",
    "shop": "Woolworths",
    "category_id": "1_5AF3A0A",
    "weight": "100G",
    "prices": [
      {
        "state": "NSW",
        "price": "580",
        "price_per_unit": "2900",
        "price_unit": "G"
      },
      {
        "state": "VIC",
        "price": "580",
        "price_per_unit": "2900",
        "price_unit": "G"
      },
      {
        "state": "QLD",
        "price": "580",
        "price_per_unit": "2900",
        "price_unit": "G"
      },
      {
        "state": "WA",
        "price": "580",
        "price_per_unit": "2900",
        "price_unit": "G"
      },
      {
        "state": "SA",
        "price": "580",
        "price_per_unit": "2900",
        "price_unit": "G"
      },
      {
        "state": "TAS",
        "price": "580",
        "price_per_unit": "2900",
        "price_unit": "G"
      },
      {
        "state": "ACT",
        "price": "580",
        "price_per_unit": "2900",
        "price_unit": "G"
      },
      {
        "state": "NT",
        "price": "348",
        "price_per_unit": "1740",
        "price_unit": "G"
      }
    ]
  },
  {
    "source_url": "https://www.coles.com.au/product/vittoria-espresso-coffee-beans-1kg-9184897",
    "name": "Vittoria Espresso Coffee Beans | 1kg",
    "image_url": "https://www.coles.com.au/_next/image?url=https%3A%2F%2Fproductimages.coles.com.au%2Fproductimages%2F9%2F9184897.jpg&w=640&q=90",
    "barcode": "9310631000814",
    "shop": "coles",
    "category_id": "11456",
    "weight": "1kg",
    "prices": [
      {
        "state": "VIC",
        "price": "280",
        "price_per_unit": "2800",
        "price_unit": "kg"
      },
      {
        "state": "NSW",
        "price": "280",
        "price_per_unit": "2800",
        "price_unit": "kg"
      },
      {
        "state": "QLD",
        "price": "280",
        "price_per_unit": "2800",
        "price_unit": "kg"
      },
      {
        "state": "WA",
        "price": "280",
        "price_per_unit": "2800",
        "price_unit": "kg"
      },
      {
        "state": "SA",
        "price": "280",
        "price_per_unit": "2800",
        "price_unit": "kg"
      },
      {
        "state": "TAS",
        "price": "280",
        "price_per_unit": "2800",
        "price_unit": "kg"
      },
      {
        "state": "ACT",
        "price": "280",
        "price_per_unit": "2800",
        "price_unit": "kg"
      },
      {
        "state": "NT",
        "price": "280",
        "price_per_unit": "2800",
        "price_unit": "kg"
      }
    ]
  },
  {
    "source_url": "https://www.woolworths.com.au/shop/productdetails/162140/vittoria-espresso-coffee-beans",
    "name": "Vittoria Espresso Coffee Beans 1kg",
    "image_url": "https://cdn1.woolworths.media/content/wowproductimages/large/162140.jpg",
    "barcode": "9310631000814",
    "shop": "Woolworths",
    "category_id": "1_5AF3A0A",
    "weight": "100G",
    "prices": [
      {
        "state": "NSW",
        "price": "400",
        "price_per_unit": "4000",
        "price_unit": "G"
      },
      {
        "state": "VIC",
        "price": "400",
        "price_per_unit": "4000",
        "price_unit": "G"
      },
      {
        "state": "QLD",
        "price": "400",
        "price_per_unit": "4000",
        "price_unit": "G"
      },
      {
        "state": "WA",
        "price": "400",
        "price_per_unit": "4000",
        "price_unit": "G"
      },
      {
        "state": "TAS",
        "price": "280",
        "price_per_unit": "2800",
        "price_unit": "G"
      },
      {
        "state": "ACT",
        "price": "280",
        "price_per_unit": "2800",
        "price_unit": "G"
      },
      {
        "state": "NT",
        "price": "280",
        "price_per_unit": "2800",
        "price_unit": "G"
      },
      {
        "state": "SA",
        "price": "280",
        "price_per_unit": "2800",
        "price_unit": "G"
      }
    ]
  },
  {
    "source_url": "https://www.coles.com.au/product/vittoria-special-italian-blend-coffee-beans-1kg-443770",
    "name": "Vittoria Special Italian Blend Coffee Beans | 1kg",
    "image_url": "https://www.coles.com.au/_next/image?url=https%3A%2F%2Fproductimages.coles.com.au%2Fproductimages%2F4%2F443770.jpg&w=640&q=90",
    "barcode": "9310631000753",
    "shop": "coles",
    "category_id": "11456",
    "weight": "1kg",
    "prices": [
      {
        "state": "VIC",
        "price": "240",
        "price_per_unit": "2400",
        "price_unit": "kg"
      },
      {
        "state": "NSW",
        "price": "240",
        "price_per_unit": "2400",
        "price_unit": "kg"
      },
      {
        "state": "QLD",
        "price": "240",
        "price_per_unit": "2400",
        "price_unit": "kg"
      },
      {
        "state": "WA",
        "price": "240",
        "price_per_unit": "2400",
        "price_unit": "kg"
      },
      {
        "state": "SA",
        "price": "240",
        "price_per_unit": "2400",
        "price_unit": "kg"
      },
      {
        "state": "TAS",
        "price": "240",
        "price_per_unit": "2400",
        "price_unit": "kg"
      },
      {
        "state": "ACT",
        "price": "240",
        "price_per_unit": "2400",
        "price_unit": "kg"
      },
      {
        "state": "NT",
        "price": "252",
        "price_per_unit": "2520",
        "price_unit": "kg"
      }
    ]
  },
  {
    "source_url": "https://www.woolworths.com.au/shop/productdetails/78476/vittoria-italian-coffee-beans",
    "name": "Vittoria Italian Coffee Beans 1kg",
    "image_url": "https://cdn1.woolworths.media/content/wowproductimages/large/078476.jpg",
    "barcode": "9310631000753",
    "shop": "Woolworths",
    "category_id": "1_5AF3A0A",
    "weight": "100G",
    "prices": [
      {
        "state": "NSW",
        "price": "240",
        "price_per_unit": "2400",
        "price_unit": "G"
      },
      {
        "state": "VIC",
        "price": "240",
        "price_per_unit": "2400",
        "price_unit": "G"
      },
      {
        "state": "QLD",
        "price": "240",
        "price_per_unit": "2400",
        "price_unit": "G"
      },
      {
        "state": "WA",
        "price": "240",
        "price_per_unit": "2400",
        "price_unit": "G"
      },
      {
        "state": "TAS",
        "price": "240",
        "price_per_unit": "2400",
        "price_unit": "G"
      },
      {
        "state": "ACT",
        "price": "240",
        "price_per_unit": "2400",
        "price_unit": "G"
      },
      {
        "state": "NT",
        "price": "240",
        "price_per_unit": "2400",
        "price_unit": "G"
      },
      {
        "state": "SA",
        "price": "240",
        "price_per_unit": "2400",
        "price_unit": "G"
      }
    ]
  },
  {
    "source_url": "https://www.coles.com.au/product/vittoria-mountain-grown-coffee-beans-1kg-8686572",
    "name": "Vittoria Mountain Grown Coffee Beans | 1kg",
    "image_url": "https://www.coles.com.au/_next/image?url=https%3A%2F%2Fproductimages.coles.com.au%2Fproductimages%2F8%2F8686572.jpg&w=640&q=90",
    "barcode": "9310631622764",
    "shop": "coles",
    "category_id": "11456",
    "weight": "1kg",
    "prices": [
      {
        "state": "VIC",
        "price": "490",
        "price_per_unit": "4900",
        "price_unit": "kg"
      },
      {
        "state": "NSW",
        "price": "490",
        "price_per_unit": "4900",
        "price_unit": "kg"
      },
      {
        "state": "QLD",
        "price": "490",
        "price_per_unit": "4900",
        "price_unit": "kg"
      },
      {
        "state": "WA",
        "price": "490",
        "price_per_unit": "4900",
        "price_unit": "kg"
      },
      {
        "state": "SA",
        "price": "490",
        "price_per_unit": "4900",
        "price_unit": "kg"
      },
      {
        "state": "TAS",
        "price": "490",
        "price_per_unit": "4900",
        "price_unit": "kg"
      },
      {
        "state": "ACT",
        "price": "490",
        "price_per_unit": "4900",
        "price_unit": "kg"
      },
      {
        "state": "NT",
        "price": "515",
        "price_per_unit": "5145",
        "price_unit": "kg"
      }
    ]
  },
  {
    "source_url": "https://www.woolworths.com.au/shop/productdetails/284455/vittoria-mountain-grown-coffee-beans",
    "name": "Vittoria Mountain Grown Coffee Beans 1kg",
    "image_url": "https://cdn1.woolworths.media/content/wowproductimages/large/284455.jpg",
    "barcode": "9310631622764",
    "shop": "Woolworths",
    "category_id": "1_5AF3A0A",
    "weight": "100G",
    "prices": [
      {
        "state": "VIC",
        "price": "490",
        "price_per_unit": "4900",
        "price_unit": "G"
      },
      {
        "state": "QLD",
        "price": "490",
        "price_per_unit": "4900",
        "price_unit": "G"
      }
    ]
  },
  {
    "source_url": "https://www.coles.com.au/product/vittoria-organic-espresso-coffee-beans-1kg-2002095",
    "name": "Vittoria Organic Espresso Coffee Beans | 1kg",
    "image_url": "https://www.coles.com.au/_next/image?url=https%3A%2F%2Fproductimages.coles.com.au%2Fproductimages%2F2%2F2002095.jpg&w=640&q=90",
    "barcode": "9310631627691",
    "shop": "coles",
    "category_id": "11456",
    "weight": "1kg",
    "prices": [
      {
        "state": "VIC",
        "price": "500",
        "price_per_unit": "5000",
        "price_unit": "kg"
      },
      {
        "state": "NSW",
        "price": "500",
        "price_per_unit": "5000",
        "price_unit": "kg"
      },
      {
        "state": "QLD",
        "price": "500",
        "price_per_unit": "5000",
        "price_unit": "kg"
      },
      {
        "state": "WA",
        "price": "500",
        "price_per_unit": "5000",
        "price_unit": "kg"
      },
      {
        "state": "SA",
        "price": "500",
        "price_per_unit": "5000",
        "price_unit": "kg"
      },
      {
        "state": "TAS",
        "price": "500",
        "price_per_unit": "5000",
        "price_unit": "kg"
      },
      {
        "state": "ACT",
        "price": "500",
        "price_per_unit": "5000",
        "price_unit": "kg"
      },
      {
        "state": "NT",
        "price": "525",
        "price_per_unit": "5250",
        "price_unit": "kg"
      }
    ]
  },
  {
    "source_url": "https://www.woolworths.com.au/shop/productdetails/781407/vittoria-organic-coffee-beans",
    "name": "Vittoria Organic Coffee Beans 1kg",
    "image_url": "https://cdn1.woolworths.media/content/wowproductimages/large/781407.jpg",
    "barcode": "9310631627691",
    "shop": "Woolworths",
    "category_id": "1_5AF3A0A",
    "weight": "100G",
    "prices": [
      {
        "state": "NSW",
        "price": "500",
        "price_per_unit": "5000",
        "price_unit": "G"
      },
      {
        "state": "VIC",
        "price": "500",
        "price_per_unit": "5000",
        "price_unit": "G"
      },
      {
        "state": "QLD",
        "price": "500",
        "price_per_unit": "5000",
        "price_unit": "G"
      },
      {
        "state": "WA",
        "price": "500",
        "price_per_unit": "5000",
        "price_unit": "G"
      },
      {
        "state": "TAS",
        "price": "500",
        "price_per_unit": "5000",
        "price_unit": "G"
      },
      {
        "state": "ACT",
        "price": "300",
        "price_per_unit": "3000",
        "price_unit": "G"
      },
      {
        "state": "NT",
        "price": "300",
        "price_per_unit": "3000",
        "price_unit": "G"
      },
      {
        "state": "SA",
        "price": "300",
        "price_per_unit": "3000",
        "price_unit": "G"
      }
    ]
  },
  {
    "source_url": "https://www.coles.com.au/product/caffe-aurora-espresso-blend-coffee-beans-1kg-4875824",
    "name": "Caffe Aurora Espresso Blend Coffee Beans | 1kg",
    "image_url": "https://www.coles.com.au/_next/image?url=https%3A%2F%2Fproductimages.coles.com.au%2Fproductimages%2F4%2F4875824.jpg&w=640&q=90",
    "barcode": "9310631635771",
    "shop": "coles",
    "category_id": "11456",
    "weight": "1kg",
    "prices": [
      {
        "state": "VIC",
        "price": "310",
        "price_per_unit": "3100",
        "price_unit": "kg"
      },
      {
        "state": "NSW",
        "price": "310",
        "price_per_unit": "3100",
        "price_unit": "kg"
      },
      {
        "state": "QLD",
        "price": "310",
        "price_per_unit": "3100",
        "price_unit": "kg"
      },
      {
        "state": "WA",
        "price": "310",
        "price_per_unit": "3100",
        "price_unit": "kg"
      },
      {
        "state": "SA",
        "price": "310",
        "price_per_unit": "3100",
        "price_unit": "kg"
      },
      {
        "state": "ACT",
        "price": "310",
        "price_per_unit": "3100",
        "price_unit": "kg"
      },
      {
        "state": "NT",
        "price": "326",
        "price_per_unit": "3255",
        "price_unit": "kg"
      }
    ]
  },
  {
    "source_url": "https://www.woolworths.com.au/shop/productdetails/158984/caffe-aurora-espresso-blend-coffee-beans",
    "name": "Caffe Aurora Espresso Blend Coffee Beans 1kg",
    "image_url": "https://cdn1.woolworths.media/content/wowproductimages/large/158984.jpg",
    "barcode": "9310631635771",
    "shop": "Woolworths",
    "category_id": "1_5AF3A0A",
    "weight": "100G",
    "prices": [
      {
        "state": "VIC",
        "price": "310",
        "price_per_unit": "3100",
        "price_unit": "G"
      },
      {
        "state": "NT",
        "price": "310",
        "price_per_unit": "3100",
        "price_unit": "G"
      },
      {
        "state": "QLD",
        "price": "310",
        "price_per_unit": "3100",
        "price_unit": "G"
      },
      {
        "state": "WA",
        "price": "310",
        "price_per_unit": "3100",
        "price_unit": "G"
      }
    ]
  },
  {
    "source_url": "https://www.coles.com.au/product/caffe-aurora-italian-blend-beans-coffee-1kg-4824415",
    "name": "Caffe Aurora Italian Blend Beans Coffee | 1kg",
    "image_url": "https://www.coles.com.au/_next/image?url=https%3A%2F%2Fproductimages.coles.com.au%2Fproductimages%2F4%2F4824415.jpg&w=640&q=90",
    "barcode": "9310631635719",
    "shop": "coles",
    "category_id": "11456",
    "weight": "1kg",
    "prices": [
      {
        "state": "VIC",
        "price": "310",
        "price_per_unit": "3100",
        "price_unit": "kg"
      },
      {
        "state": "NSW",
        "price": "310",
        "price_per_unit": "3100",
        "price_unit": "kg"
      },
      {
        "state": "QLD",
        "price": "310",
        "price_per_unit": "3100",
        "price_unit": "kg"
      },
      {
        "state": "WA",
        "price": "310",
        "price_per_unit": "3100",
        "price_unit": "kg"
      },
      {
        "state": "SA",
        "price": "310",
        "price_per_unit": "3100",
        "price_unit": "kg"
      },
      {
        "state": "TAS",
        "price": "310",
        "price_per_unit": "3100",
        "price_unit": "kg"
      },
      {
        "state": "ACT",
        "price": "310",
        "price_per_unit": "3100",
        "price_unit": "kg"
      },
      {
        "state": "NT",
        "price": "326",
        "price_per_unit": "3255",
        "price_unit": "kg"
      }
    ]
  },
  {
    "source_url": "https://www.woolworths.com.au/shop/productdetails/158974/caffe-aurora-italian-blend-coffee-beans",
    "name": "Caffe Aurora Italian Blend Coffee Beans 1kg",
    "image_url": "https://cdn1.woolworths.media/content/wowproductimages/large/158974.jpg",
    "barcode": "9310631635719",
    "shop": "Woolworths",
    "category_id": "1_5AF3A0A",
    "weight": "100G",
    "prices": [
      {
        "state": "VIC",
        "price": "310",
        "price_per_unit": "3100",
        "price_unit": "G"
      },
      {
        "state": "NT",
        "price": "310",
        "price_per_unit": "3100",
        "price_unit": "G"
      }
    ]
  },
  {
    "source_url": "https://www.coles.com.au/product/caffe-aurora-prima-qualita-blend-coffee-beans-1kg-4875802",
    "name": "Caffe Aurora Prima Qualita Blend Coffee Beans | 1kg",
    "image_url": "https://www.coles.com.au/_next/image?url=https%3A%2F%2Fproductimages.coles.com.au%2Fproductimages%2F4%2F4875802.jpg&w=640&q=90",
    "barcode": "9310631635733",
    "shop": "coles",
    "category_id": "11456",
    "weight": "1kg",
    "prices": [
      {
        "state": "VIC",
        "price": "310",
        "price_per_unit": "3100",
        "price_unit": "kg"
      },
      {
        "state": "QLD",
        "price": "310",
        "price_per_unit": "3100",
        "price_unit": "kg"
      },
      {
        "state": "WA",
        "price": "310",
        "price_per_unit": "3100",
        "price_unit": "kg"
      },
      {
        "state": "SA",
        "price": "310",
        "price_per_unit": "3100",
        "price_unit": "kg"
      },
      {
        "state": "ACT",
        "price": "310",
        "price_per_unit": "3100",
        "price_unit": "kg"
      },
      {
        "state": "NT",
        "price": "326",
        "price_per_unit": "3255",
        "price_unit": "kg"
      }
    ]
  },
  {
    "source_url": "https://www.woolworths.com.au/shop/productdetails/159012/caffe-aurora-prima-qualita-coffee-beans",
    "name": "Caffe Aurora Prima Qualita Coffee Beans 1kg",
    "image_url": "https://cdn1.woolworths.media/content/wowproductimages/large/159012.jpg",
    "barcode": "9310631635733",
    "shop": "Woolworths",
    "category_id": "1_5AF3A0A",
    "weight": "100G",
    "prices": [
      {
        "state": "VIC",
        "price": "310",
        "price_per_unit": "3100",
        "price_unit": "G"
      },
      {
        "state": "QLD",
        "price": "310",
        "price_per_unit": "3100",
        "price_unit": "G"
      },
      {
        "state": "WA",
        "price": "310",
        "price_per_unit": "3100",
        "price_unit": "G"
      },
      {
        "state": "NT",
        "price": "310",
        "price_per_unit": "3100",
        "price_unit": "G"
      }
    ]
  },
  {
    "source_url": "https://www.coles.com.au/product/grinders-espresso-coffee-beans-1kg-2686933",
    "name": "Grinders Espresso Coffee Beans | 1kg",
    "image_url": "https://www.coles.com.au/_next/image?url=https%3A%2F%2Fproductimages.coles.com.au%2Fproductimages%2F2%2F2686933.jpg&w=640&q=90",
    "barcode": "9329214001049",
    "shop": "coles",
    "category_id": "11456",
    "weight": "1kg",
    "prices": [
      {
        "state": "VIC",
        "price": "245",
        "price_per_unit": "2450",
        "price_unit": "kg"
      },
      {
        "state": "NSW",
        "price": "245",
        "price_per_unit": "2450",
        "price_unit": "kg"
      },
      {
        "state": "QLD",
        "price": "245",
        "price_per_unit": "2450",
        "price_unit": "kg"
      },
      {
        "state": "WA",
        "price": "245",
        "price_per_unit": "2450",
        "price_unit": "kg"
      },
      {
        "state": "SA",
        "price": "245",
        "price_per_unit": "2450",
        "price_unit": "kg"
      },
      {
        "state": "TAS",
        "price": "245",
        "price_per_unit": "2450",
        "price_unit": "kg"
      },
      {
        "state": "ACT",
        "price": "245",
        "price_per_unit": "2450",
        "price_unit": "kg"
      },
      {
        "state": "NT",
        "price": "245",
        "price_per_unit": "2450",
        "price_unit": "kg"
      }
    ]
  },
  {
    "source_url": "https://www.woolworths.com.au/shop/productdetails/936138/grinders-espresso-coffee-beans-coffee-beans",
    "name": "Grinders Espresso Coffee Beans 1kg",
    "image_url": "https://cdn1.woolworths.media/content/wowproductimages/large/936138.jpg",
    "barcode": "9329214001049",
    "shop": "Woolworths",
    "category_id": "1_5AF3A0A",
    "weight": "100G",
    "prices": [
      {
        "state": "VIC",
        "price": "245",
        "price_per_unit": "2450",
        "price_unit": "G"
      },
      {
        "state": "QLD",
        "price": "245",
        "price_per_unit": "2450",
        "price_unit": "G"
      },
      {
        "state": "WA",
        "price": "245",
        "price_per_unit": "2450",
        "price_unit": "G"
      },
      {
        "state": "SA",
        "price": "245",
        "price_per_unit": "2450",
        "price_unit": "G"
      },
      {
        "state": "TAS",
        "price": "245",
        "price_per_unit": "2450",
        "price_unit": "G"
      },
      {
        "state": "NT",
        "price": "350",
        "price_per_unit": "3500",
        "price_unit": "G"
      },
      {
        "state": "ACT",
        "price": "350",
        "price_per_unit": "3500",
        "price_unit": "G"
      }
    ]
  },
  {
    "source_url": "https://www.coles.com.au/product/grinders-organic-coffee-beans-1kg-3516054",
    "name": "Grinders Organic Coffee Beans | 1kg",
    "image_url": "https://www.coles.com.au/_next/image?url=https%3A%2F%2Fproductimages.coles.com.au%2Fproductimages%2F3%2F3516054.jpg&w=640&q=90",
    "barcode": "9329214005818",
    "shop": "coles",
    "category_id": "11456",
    "weight": "1kg",
    "prices": [
      {
        "state": "VIC",
        "price": "259",
        "price_per_unit": "2590",
        "price_unit": "kg"
      },
      {
        "state": "NSW",
        "price": "259",
        "price_per_unit": "2590",
        "price_unit": "kg"
      },
      {
        "state": "QLD",
        "price": "259",
        "price_per_unit": "2590",
        "price_unit": "kg"
      },
      {
        "state": "WA",
        "price": "259",
        "price_per_unit": "2590",
        "price_unit": "kg"
      },
      {
        "state": "SA",
        "price": "259",
        "price_per_unit": "2590",
        "price_unit": "kg"
      },
      {
        "state": "ACT",
        "price": "259",
        "price_per_unit": "2590",
        "price_unit": "kg"
      },
      {
        "state": "NT",
        "price": "259",
        "price_per_unit": "2590",
        "price_unit": "kg"
      }
    ]
  },
  {
    "source_url": "https://www.woolworths.com.au/shop/productdetails/160720/grinders-organic-coffee-beans-coffee-beans",
    "name": "Grinders Organic Coffee Beans 1kg",
    "image_url": "https://cdn1.woolworths.media/content/wowproductimages/large/160720.jpg",
    "barcode": "9329214005818",
    "shop": "Woolworths",
    "category_id": "1_5AF3A0A",
    "weight": "100G",
    "prices": [
      {
        "state": "SA",
        "price": "259",
        "price_per_unit": "2590",
        "price_unit": "G"
      },
      {
        "state": "TAS",
        "price": "259",
        "price_per_unit": "2590",
        "price_unit": "G"
      },
      {
        "state": "ACT",
        "price": "370",
        "price_per_unit": "3700",
        "price_unit": "G"
      },
      {
        "state": "VIC",
        "price": "370",
        "price_per_unit": "3700",
        "price_unit": "G"
      },
      {
        "state": "QLD",
        "price": "370",
        "price_per_unit": "3700",
        "price_unit": "G"
      },
      {
        "state": "WA",
        "price": "370",
        "price_per_unit": "3700",
        "price_unit": "G"
      }
    ]
  },
  {
    "source_url": "https://www.coles.com.au/product/grinders-rich-espresso-coffee-beans-1kg-3516065",
    "name": "Grinders Rich Espresso Coffee Beans | 1kg",
    "image_url": "https://www.coles.com.au/_next/image?url=https%3A%2F%2Fproductimages.coles.com.au%2Fproductimages%2F3%2F3516065.jpg&w=640&q=90",
    "barcode": "9329214006068",
    "shop": "coles",
    "category_id": "11456",
    "weight": "1kg",
    "prices": [
      {
        "state": "VIC",
        "price": "245",
        "price_per_unit": "2450",
        "price_unit": "kg"
      },
      {
        "state": "QLD",
        "price": "245",
        "price_per_unit": "2450",
        "price_unit": "kg"
      },
      {
        "state": "WA",
        "price": "245",
        "price_per_unit": "2450",
        "price_unit": "kg"
      },
      {
        "state": "SA",
        "price": "245",
        "price_per_unit": "2450",
        "price_unit": "kg"
      },
      {
        "state": "ACT",
        "price": "245",
        "price_per_unit": "2450",
        "price_unit": "kg"
      },
      {
        "state": "NT",
        "price": "245",
        "price_per_unit": "2450",
        "price_unit": "kg"
      }
    ]
  },
  {
    "source_url": "https://www.woolworths.com.au/shop/productdetails/161742/grinders-rich-espresso-coffee-beans-coffee-beans",
    "name": "Grinders Rich Espresso Coffee Beans 1kg",
    "image_url": "https://cdn1.woolworths.media/content/wowproductimages/large/161742.jpg",
    "barcode": "9329214006068",
    "shop": "Woolworths",
    "category_id": "1_5AF3A0A",
    "weight": "100G",
    "prices": [
      {
        "state": "VIC",
        "price": "245",
        "price_per_unit": "2450",
        "price_unit": "G"
      },
      {
        "state": "QLD",
        "price": "245",
        "price_per_unit": "2450",
        "price_unit": "G"
      },
      {
        "state": "WA",
        "price": "245",
        "price_per_unit": "2450",
        "price_unit": "G"
      },
      {
        "state": "SA",
        "price": "245",
        "price_per_unit": "2450",
        "price_unit": "G"
      },
      {
        "state": "ACT",
        "price": "350",
        "price_per_unit": "3500",
        "price_unit": "G"
      },
      {
        "state": "NT",
        "price": "350",
        "price_per_unit": "3500",
        "price_unit": "G"
      }
    ]
  },
  {
    "source_url": "https://www.coles.com.au/product/lavazza-espresso-barista-gran-crema-coffee-beans-500g-6205980",
    "name": "Lavazza Espresso Barista Gran Crema Coffee Beans | 500g",
    "image_url": "https://www.coles.com.au/_next/image?url=https%3A%2F%2Fproductimages.coles.com.au%2Fproductimages%2F6%2F6205980.jpg&w=640&q=90",
    "barcode": "8000070067417",
    "shop": "coles",
    "category_id": "11456",
    "weight": "500g",
    "prices": [
      {
        "state": "VIC",
        "price": "520",
        "price_per_unit": "2600",
        "price_unit": "g"
      },
      {
        "state": "NSW",
        "price": "520",
        "price_per_unit": "2600",
        "price_unit": "g"
      },
      {
        "state": "QLD",
        "price": "520",
        "price_per_unit": "2600",
        "price_unit": "g"
      },
      {
        "state": "WA",
        "price": "520",
        "price_per_unit": "2600",
        "price_unit": "g"
      },
      {
        "state": "SA",
        "price": "520",
        "price_per_unit": "2600",
        "price_unit": "g"
      },
      {
        "state": "ACT",
        "price": "520",
        "price_per_unit": "2600",
        "price_unit": "g"
      },
      {
        "state": "NT",
        "price": "546",
        "price_per_unit": "2730",
        "price_unit": "g"
      }
    ]
  },
  {
    "source_url": "https://www.woolworths.com.au/shop/productdetails/309532/lavazza-espresso-barista-gran-crema-coffee-beans",
    "name": "Lavazza Espresso Barista Gran Crema Coffee Beans 500g",
    "image_url": "https://cdn1.woolworths.media/content/wowproductimages/large/309532.jpg",
    "barcode": "8000070067417",
    "shop": "Woolworths",
    "category_id": "1_5AF3A0A",
    "weight": "100G",
    "prices": [
      {
        "state": "SA",
        "price": "260",
        "price_per_unit": "1300",
        "price_unit": "G"
      },
      {
        "state": "TAS",
        "price": "520",
        "price_per_unit": "2600",
        "price_unit": "G"
      },
      {
        "state": "ACT",
        "price": "520",
        "price_per_unit": "2600",
        "price_unit": "G"
      },
      {
        "state": "VIC",
        "price": "520",
        "price_per_unit": "2600",
        "price_unit": "G"
      },
      {
        "state": "WA",
        "price": "520",
        "price_per_unit": "2600",
        "price_unit": "G"
      }
    ]
  },
  {
    "source_url": "https://www.coles.com.au/product/lavazza-espresso-barista-intenso-coffee-beans-1kg-3756557",
    "name": "Lavazza Espresso Barista Intenso Coffee Beans | 1kg",
    "image_url": "https://www.coles.com.au/_next/image?url=https%3A%2F%2Fproductimages.coles.com.au%2Fproductimages%2F3%2F3756557.jpg&w=640&q=90",
    "barcode": "8000070038370",
    "shop": "coles",
    "category_id": "11456",
    "weight": "1kg",
    "prices": [
      {
        "state": "VIC",
        "price": "300",
        "price_per_unit": "3000",
        "price_unit": "kg"
      },
      {
        "state": "NSW",
        "price": "300",
        "price_per_unit": "3000",
        "price_unit": "kg"
      },
      {
        "state": "QLD",
        "price": "300",
        "price_per_unit": "3000",
        "price_unit": "kg"
      },
      {
        "state": "WA",
        "price": "300",
        "price_per_unit": "3000",
        "price_unit": "kg"
      },
      {
        "state": "SA",
        "price": "300",
        "price_per_unit": "3000",
        "price_unit": "kg"
      },
      {
        "state": "TAS",
        "price": "300",
        "price_per_unit": "3000",
        "price_unit": "kg"
      },
      {
        "state": "ACT",
        "price": "300",
        "price_per_unit": "3000",
        "price_unit": "kg"
      },
      {
        "state": "NT",
        "price": "300",
        "price_per_unit": "3000",
        "price_unit": "kg"
      }
    ]
  },
  {
    "source_url": "https://www.woolworths.com.au/shop/productdetails/94146/lavazza-espresso-barista-intenso-coffee-beans",
    "name": "Lavazza Espresso Barista Intenso Coffee Beans 1kg",
    "image_url": "https://cdn1.woolworths.media/content/wowproductimages/large/094146.jpg",
    "barcode": "8000070038370",
    "shop": "Woolworths",
    "category_id": "1_5AF3A0A",
    "weight": "100G",
    "prices": [
      {
        "state": "VIC",
        "price": "500",
        "price_per_unit": "5000",
        "price_unit": "G"
      },
      {
        "state": "QLD",
        "price": "500",
        "price_per_unit": "5000",
        "price_unit": "G"
      },
      {
        "state": "WA",
        "price": "500",
        "price_per_unit": "5000",
        "price_unit": "G"
      },
      {
        "state": "SA",
        "price": "500",
        "price_per_unit": "5000",
        "price_unit": "G"
      },
      {
        "state": "TAS",
        "price": "500",
        "price_per_unit": "5000",
        "price_unit": "G"
      },
      {
        "state": "ACT",
        "price": "500",
        "price_per_unit": "5000",
        "price_unit": "G"
      },
      {
        "state": "NT",
        "price": "500",
        "price_per_unit": "5000",
        "price_unit": "G"
      }
    ]
  },
  {
    "source_url": "https://www.coles.com.au/product/lavazza-espresso-barista-intenso-coffee-beans-500g-4875096",
    "name": "Lavazza Espresso Barista Intenso Coffee Beans | 500g",
    "image_url": "https://www.coles.com.au/_next/image?url=https%3A%2F%2Fproductimages.coles.com.au%2Fproductimages%2F4%2F4875096.jpg&w=640&q=90",
    "barcode": "8000070050983",
    "shop": "coles",
    "category_id": "11456",
    "weight": "500g",
    "prices": [
      {
        "state": "VIC",
        "price": "520",
        "price_per_unit": "2600",
        "price_unit": "g"
      },
      {
        "state": "NSW",
        "price": "520",
        "price_per_unit": "2600",
        "price_unit": "g"
      },
      {
        "state": "QLD",
        "price": "520",
        "price_per_unit": "2600",
        "price_unit": "g"
      },
      {
        "state": "WA",
        "price": "520",
        "price_per_unit": "2600",
        "price_unit": "g"
      },
      {
        "state": "SA",
        "price": "520",
        "price_per_unit": "2600",
        "price_unit": "g"
      },
      {
        "state": "ACT",
        "price": "520",
        "price_per_unit": "2600",
        "price_unit": "g"
      },
      {
        "state": "NT",
        "price": "546",
        "price_per_unit": "2730",
        "price_unit": "g"
      }
    ]
  },
  {
    "source_url": "https://www.woolworths.com.au/shop/productdetails/220985/lavazza-espresso-barista-intenso-coffee-beans",
    "name": "Lavazza Espresso Barista Intenso Coffee Beans 500g",
    "image_url": "https://cdn1.woolworths.media/content/wowproductimages/large/220985.jpg",
    "barcode": "8000070050983",
    "shop": "Woolworths",
    "category_id": "1_5AF3A0A",
    "weight": "100G",
    "prices": [
      {
        "state": "VIC",
        "price": "260",
        "price_per_unit": "1300",
        "price_unit": "G"
      },
      {
        "state": "QLD",
        "price": "260",
        "price_per_unit": "1300",
        "price_unit": "G"
      },
      {
        "state": "WA",
        "price": "260",
        "price_per_unit": "1300",
        "price_unit": "G"
      },
      {
        "state": "SA",
        "price": "260",
        "price_per_unit": "1300",
        "price_unit": "G"
      },
      {
        "state": "ACT",
        "price": "520",
        "price_per_unit": "2600",
        "price_unit": "G"
      },
      {
        "state": "NT",
        "price": "520",
        "price_per_unit": "2600",
        "price_unit": "G"
      }
    ]
  },
  {
    "source_url": "https://www.coles.com.au/product/lavazza-espresso-barista-organic-coffee-beans-1kg-6205946",
    "name": "Lavazza Espresso Barista Organic Coffee Beans | 1kg",
    "image_url": "https://www.coles.com.au/_next/image?url=https%3A%2F%2Fproductimages.coles.com.au%2Fproductimages%2F6%2F6205946.jpg&w=640&q=90",
    "barcode": "8000070067028",
    "shop": "coles",
    "category_id": "11456",
    "weight": "1kg",
    "prices": [
      {
        "state": "VIC",
        "price": "378",
        "price_per_unit": "3780",
        "price_unit": "kg"
      },
      {
        "state": "NSW",
        "price": "378",
        "price_per_unit": "3780",
        "price_unit": "kg"
      },
      {
        "state": "QLD",
        "price": "378",
        "price_per_unit": "3780",
        "price_unit": "kg"
      },
      {
        "state": "WA",
        "price": "378",
        "price_per_unit": "3780",
        "price_unit": "kg"
      },
      {
        "state": "SA",
        "price": "378",
        "price_per_unit": "3780",
        "price_unit": "kg"
      },
      {
        "state": "ACT",
        "price": "378",
        "price_per_unit": "3780",
        "price_unit": "kg"
      },
      {
        "state": "NT",
        "price": "378",
        "price_per_unit": "3780",
        "price_unit": "kg"
      }
    ]
  },
  {
    "source_url": "https://www.woolworths.com.au/shop/productdetails/309672/lavazza-espresso-barista-organic-coffee-beans",
    "name": "Lavazza Espresso Barista Organic Coffee Beans 1kg",
    "image_url": "https://cdn1.woolworths.media/content/wowproductimages/large/309672.jpg",
    "barcode": "8000070067028",
    "shop": "Woolworths",
    "category_id": "1_5AF3A0A",
    "weight": "100G",
    "prices": [
      {
        "state": "VIC",
        "price": "540",
        "price_per_unit": "5400",
        "price_unit": "G"
      },
      {
        "state": "QLD",
        "price": "540",
        "price_per_unit": "5400",
        "price_unit": "G"
      },
      {
        "state": "WA",
        "price": "540",
        "price_per_unit": "5400",
        "price_unit": "G"
      },
      {
        "state": "SA",
        "price": "540",
        "price_per_unit": "5400",
        "price_unit": "G"
      },
      {
        "state": "TAS",
        "price": "540",
        "price_per_unit": "5400",
        "price_unit": "G"
      },
      {
        "state": "ACT",
        "price": "540",
        "price_per_unit": "5400",
        "price_unit": "G"
      },
      {
        "state": "NT",
        "price": "540",
        "price_per_unit": "5400",
        "price_unit": "G"
      }
    ]
  },
  {
    "source_url": "https://www.coles.com.au/product/lavazza-espresso-barista-perfetto-beans-1kg-3756502",
    "name": "Lavazza Espresso Barista Perfetto Beans | 1kg",
    "image_url": "https://www.coles.com.au/_next/image?url=https%3A%2F%2Fproductimages.coles.com.au%2Fproductimages%2F3%2F3756502.jpg&w=640&q=90",
    "barcode": "8000070025035",
    "shop": "coles",
    "category_id": "11456",
    "weight": "1kg",
    "prices": [
      {
        "state": "VIC",
        "price": "300",
        "price_per_unit": "3000",
        "price_unit": "kg"
      },
      {
        "state": "NSW",
        "price": "300",
        "price_per_unit": "3000",
        "price_unit": "kg"
      },
      {
        "state": "QLD",
        "price": "300",
        "price_per_unit": "3000",
        "price_unit": "kg"
      },
      {
        "state": "WA",
        "price": "300",
        "price_per_unit": "3000",
        "price_unit": "kg"
      },
      {
        "state": "SA",
        "price": "300",
        "price_per_unit": "3000",
        "price_unit": "kg"
      },
      {
        "state": "ACT",
        "price": "300",
        "price_per_unit": "3000",
        "price_unit": "kg"
      },
      {
        "state": "NT",
        "price": "300",
        "price_per_unit": "3000",
        "price_unit": "kg"
      }
    ]
  },
  {
    "source_url": "https://www.woolworths.com.au/shop/productdetails/95564/lavazza-espresso-barista-perfetto-coffee-beans",
    "name": "Lavazza Espresso Barista Perfetto Coffee Beans 1kg",
    "image_url": "https://cdn1.woolworths.media/content/wowproductimages/large/095564.jpg",
    "barcode": "8000070025035",
    "shop": "Woolworths",
    "category_id": "1_5AF3A0A",
    "weight": "100G",
    "prices": [
      {
        "state": "VIC",
        "price": "500",
        "price_per_unit": "5000",
        "price_unit": "G"
      },
      {
        "state": "QLD",
        "price": "500",
        "price_per_unit": "5000",
        "price_unit": "G"
      },
      {
        "state": "WA",
        "price": "500",
        "price_per_unit": "5000",
        "price_unit": "G"
      },
      {
        "state": "SA",
        "price": "500",
        "price_per_unit": "5000",
        "price_unit": "G"
      },
      {
        "state": "TAS",
        "price": "500",
        "price_per_unit": "5000",
        "price_unit": "G"
      },
      {
        "state": "ACT",
        "price": "500",
        "price_per_unit": "5000",
        "price_unit": "G"
      },
      {
        "state": "NT",
        "price": "500",
        "price_per_unit": "5000",
        "price_unit": "G"
      }
    ]
  },
  {
    "source_url": "https://www.coles.com.au/product/vittoria-espresso-coffee-beans-500g-3208358",
    "name": "Vittoria Espresso Coffee Beans | 500g",
    "image_url": "https://www.coles.com.au/_next/image?url=https%3A%2F%2Fproductimages.coles.com.au%2Fproductimages%2F3%2F3208358.jpg&w=640&q=90",
    "barcode": "9310631615100",
    "shop": "coles",
    "category_id": "11456",
    "weight": "500g",
    "prices": [
      {
        "state": "VIC",
        "price": "440",
        "price_per_unit": "2200",
        "price_unit": "g"
      },
      {
        "state": "NSW",
        "price": "440",
        "price_per_unit": "2200",
        "price_unit": "g"
      },
      {
        "state": "QLD",
        "price": "440",
        "price_per_unit": "2200",
        "price_unit": "g"
      },
      {
        "state": "WA",
        "price": "440",
        "price_per_unit": "2200",
        "price_unit": "g"
      },
      {
        "state": "SA",
        "price": "440",
        "price_per_unit": "2200",
        "price_unit": "g"
      },
      {
        "state": "ACT",
        "price": "440",
        "price_per_unit": "2200",
        "price_unit": "g"
      },
      {
        "state": "NT",
        "price": "462",
        "price_per_unit": "2310",
        "price_unit": "g"
      }
    ]
  },
  {
    "source_url": "https://www.woolworths.com.au/shop/productdetails/167556/vittoria-espresso-beans",
    "name": "Vittoria Espresso Beans 500g",
    "image_url": "https://cdn1.woolworths.media/content/wowproductimages/large/167556.jpg",
    "barcode": "9310631615100",
    "shop": "Woolworths",
    "category_id": "1_5AF3A0A",
    "weight": "100G",
    "prices": [
      {
        "state": "VIC",
        "price": "440",
        "price_per_unit": "2200",
        "price_unit": "G"
      },
      {
        "state": "QLD",
        "price": "440",
        "price_per_unit": "2200",
        "price_unit": "G"
      },
      {
        "state": "WA",
        "price": "440",
        "price_per_unit": "2200",
        "price_unit": "G"
      },
      {
        "state": "TAS",
        "price": "440",
        "price_per_unit": "2200",
        "price_unit": "G"
      },
      {
        "state": "ACT",
        "price": "440",
        "price_per_unit": "2200",
        "price_unit": "G"
      },
      {
        "state": "NT",
        "price": "440",
        "price_per_unit": "2200",
        "price_unit": "G"
      }
    ]
  },
  {
    "source_url": "https://www.coles.com.au/product/vittoria-latte-beans-coffee-1kg-4824390",
    "name": "Vittoria Latte Beans Coffee | 1kg",
    "image_url": "https://www.coles.com.au/_next/image?url=https%3A%2F%2Fproductimages.coles.com.au%2Fproductimages%2F4%2F4824390.jpg&w=640&q=90",
    "barcode": "9310631635917",
    "shop": "coles",
    "category_id": "11456",
    "weight": "1kg",
    "prices": [
      {
        "state": "VIC",
        "price": "280",
        "price_per_unit": "2800",
        "price_unit": "kg"
      },
      {
        "state": "NSW",
        "price": "280",
        "price_per_unit": "2800",
        "price_unit": "kg"
      },
      {
        "state": "QLD",
        "price": "280",
        "price_per_unit": "2800",
        "price_unit": "kg"
      },
      {
        "state": "WA",
        "price": "280",
        "price_per_unit": "2800",
        "price_unit": "kg"
      },
      {
        "state": "SA",
        "price": "280",
        "price_per_unit": "2800",
        "price_unit": "kg"
      },
      {
        "state": "TAS",
        "price": "280",
        "price_per_unit": "2800",
        "price_unit": "kg"
      },
      {
        "state": "ACT",
        "price": "280",
        "price_per_unit": "2800",
        "price_unit": "kg"
      },
      {
        "state": "NT",
        "price": "280",
        "price_per_unit": "2800",
        "price_unit": "kg"
      }
    ]
  },
  {
    "source_url": "https://www.woolworths.com.au/shop/productdetails/158983/vittoria-latte-coffee-beans",
    "name": "Vittoria Latte Coffee Beans 1kg",
    "image_url": "https://cdn1.woolworths.media/content/wowproductimages/large/158983.jpg",
    "barcode": "9310631635917",
    "shop": "Woolworths",
    "category_id": "1_5AF3A0A",
    "weight": "100G",
    "prices": [
      {
        "state": "VIC",
        "price": "240",
        "price_per_unit": "2400",
        "price_unit": "G"
      },
      {
        "state": "QLD",
        "price": "240",
        "price_per_unit": "2400",
        "price_unit": "G"
      },
      {
        "state": "WA",
        "price": "240",
        "price_per_unit": "2400",
        "price_unit": "G"
      },
      {
        "state": "TAS",
        "price": "400",
        "price_per_unit": "4000",
        "price_unit": "G"
      },
      {
        "state": "ACT",
        "price": "400",
        "price_per_unit": "4000",
        "price_unit": "G"
      },
      {
        "state": "NT",
        "price": "400",
        "price_per_unit": "4000",
        "price_unit": "G"
      },
      {
        "state": "SA",
        "price": "400",
        "price_per_unit": "4000",
        "price_unit": "G"
      }
    ]
  },
  {
    "source_url": "https://www.coles.com.au/product/cucina-classica-crema-dark-roast-coffee-beans-500g-1142703",
    "name": "Cucina Classica Crema Dark Roast Coffee Beans | 500g",
    "image_url": "https://www.coles.com.au/_next/image?url=https%3A%2F%2Fproductimages.coles.com.au%2Fproductimages%2F1%2F1142703.jpg&w=640&q=90",
    "barcode": "9345682001664",
    "shop": "coles",
    "category_id": "11456",
    "weight": "500g",
    "prices": [
      {
        "state": "SA",
        "price": "380",
        "price_per_unit": "1900",
        "price_unit": "g"
      }
    ]
  },
  {
    "source_url": "https://www.woolworths.com.au/shop/productdetails/955399/cucina-classica-crema-coffee-beans",
    "name": "Cucina Classica Crema Coffee Beans 500g",
    "image_url": "https://cdn1.woolworths.media/content/wowproductimages/large/955399.jpg",
    "barcode": "9345682001664",
    "shop": "Woolworths",
    "category_id": "1_5AF3A0A",
    "weight": "100G",
    "prices": [
      {
        "state": "SA",
        "price": "338",
        "price_per_unit": "1690",
        "price_unit": "G"
      },
      {
        "state": "NT",
        "price": "378",
        "price_per_unit": "1890",
        "price_unit": "G"
      }
    ]
  },
  {
    "source_url": "https://www.coles.com.au/product/cucina-classica-espresso-dark-roast-coffee-beans-500g-1142689",
    "name": "Cucina Classica Espresso Dark Roast Coffee Beans | 500g",
    "image_url": "https://www.coles.com.au/_next/image?url=https%3A%2F%2Fproductimages.coles.com.au%2Fproductimages%2F1%2F1142689.jpg&w=640&q=90",
    "barcode": "9345682001497",
    "shop": "coles",
    "category_id": "11456",
    "weight": "500g",
    "prices": [
      {
        "state": "SA",
        "price": "380",
        "price_per_unit": "1900",
        "price_unit": "g"
      }
    ]
  },
  {
    "source_url": "https://www.woolworths.com.au/shop/productdetails/955397/cucina-classica-espresso-coffee-beans",
    "name": "Cucina Classica Espresso Coffee Beans 500g",
    "image_url": "https://cdn1.woolworths.media/content/wowproductimages/large/955397.jpg",
    "barcode": "9345682001497",
    "shop": "Woolworths",
    "category_id": "1_5AF3A0A",
    "weight": "100G",
    "prices": [
      {
        "state": "SA",
        "price": "338",
        "price_per_unit": "1690",
        "price_unit": "G"
      },
      {
        "state": "NT",
        "price": "378",
        "price_per_unit": "1890",
        "price_unit": "G"
      }
    ]
  },
  {
    "source_url": "https://www.coles.com.au/product/st-ali-italo-disco-coffee-beans-500g-4823445",
    "name": "St Ali Italo Disco Coffee Beans | 500g",
    "image_url": "https://www.coles.com.au/_next/image?url=https%3A%2F%2Fproductimages.coles.com.au%2Fproductimages%2F4%2F4823445.jpg&w=640&q=90",
    "barcode": "9355572000585",
    "shop": "coles",
    "category_id": "11456",
    "weight": "500g",
    "prices": [
      {
        "state": "VIC",
        "price": "700",
        "price_per_unit": "3500",
        "price_unit": "g"
      },
      {
        "state": "QLD",
        "price": "700",
        "price_per_unit": "3500",
        "price_unit": "g"
      },
      {
        "state": "WA",
        "price": "700",
        "price_per_unit": "3500",
        "price_unit": "g"
      },
      {
        "state": "SA",
        "price": "700",
        "price_per_unit": "3500",
        "price_unit": "g"
      },
      {
        "state": "ACT",
        "price": "700",
        "price_per_unit": "3500",
        "price_unit": "g"
      },
      {
        "state": "NT",
        "price": "735",
        "price_per_unit": "3675",
        "price_unit": "g"
      }
    ]
  },
  {
    "source_url": "https://www.woolworths.com.au/shop/productdetails/162660/st-ali-italo-disco-coffee-beans",
    "name": "St. Ali Italo Disco Coffee Beans 500g",
    "image_url": "https://cdn1.woolworths.media/content/wowproductimages/large/162660.jpg",
    "barcode": "9355572000585",
    "shop": "Woolworths",
    "category_id": "1_5AF3A0A",
    "weight": "100G",
    "prices": [
      {
        "state": "VIC",
        "price": "700",
        "price_per_unit": "3500",
        "price_unit": "G"
      }
    ]
  }
]