[
  {
    "source_url": "https://www.coles.com.au/product/monster-ultra-fiesta-mango-flavour-energy-drink-can-500ml-4402516",
    "name": "Monster Ultra Fiesta Mango Flavour Energy Drink Can | 500mL",
    "image_url": "https://www.coles.com.au/_next/image?url=https%3A%2F%2Fproductimages.coles.com.au%2Fproductimages%2F4%2F4402516.jpg&w=640&q=90",
    "source_id": "Coles - 4402516",
    "barcode": "9342866001021",
    "shop": "coles",
    "category_id": "22164",
    "weight": "500ml",
    "prices": [
      {
        "state": "VIC",
        "price": "810",
        "price_per_unit": "405",
        "price_unit": "ml"
      },
      {
        "state": "NSW",
        "price": "810",
        "price_per_unit": "405",
        "price_unit": "ml"
      },
      {
        "state": "QLD",
        "price": "810",
        "price_per_unit": "405",
        "price_unit": "ml"
      },
      {
        "state": "WA",
        "price": "810",
        "price_per_unit": "405",
        "price_unit": "ml"
      },
      {
        "state": "SA",
        "price": "810",
        "price_per_unit": "405",
        "price_unit": "ml"
      },
      {
        "state": "TAS",
        "price": "780",
        "price_per_unit": "390",
        "price_unit": "ml"
      },
      {
        "state": "ACT",
        "price": "810",
        "price_per_unit": "405",
        "price_unit": "ml"
      },
      {
        "state": "NT",
        "price": "850",
        "price_per_unit": "425",
        "price_unit": "ml"
      }
    ]
  },
  {
    "source_url": "https://www.woolworths.com.au/shop/productdetails/174492/monster-energy-drink-ultra-fiesta-mango-flavour",
    "name": "Monster Energy Drink Ultra Fiesta Mango Flavour 500ml",
    "image_url": "https://cdn1.woolworths.media/content/wowproductimages/large/174492.jpg",
    "source_id": "Woolworths - 174492",
    "barcode": "9342866001021",
    "shop": "Woolworths",
    "category_id": "22164",
    "weight": "1L",
    "prices": [
      {
        "state": "NSW",
        "price": "405",
        "price_per_unit": "810",
        "price_unit": "L"
      },
      {
        "state": "VIC",
        "price": "405",
        "price_per_unit": "810",
        "price_unit": "L"
      },
      {
        "state": "QLD",
        "price": "405",
        "price_per_unit": "810",
        "price_unit": "L"
      },
      {
        "state": "WA",
        "price": "405",
        "price_per_unit": "810",
        "price_unit": "L"
      },
      {
        "state": "SA",
        "price": "405",
        "price_per_unit": "810",
        "price_unit": "L"
      },
      {
        "state": "TAS",
        "price": "390",
        "price_per_unit": "780",
        "price_unit": "L"
      },
      {
        "state": "ACT",
        "price": "405",
        "price_per_unit": "810",
        "price_unit": "L"
      },
      {
        "state": "NT",
        "price": "425",
        "price_per_unit": "850",
        "price_unit": "L"
      }
    ]
  },
  {
    "source_url": "https://www.coles.com.au/product/monster-energy-mango-loco-can-500ml-3290778",
    "name": "Monster Energy Mango Loco Can | 500mL",
    "image_url": "https://www.coles.com.au/_next/image?url=https%3A%2F%2Fproductimages.coles.com.au%2Fproductimages%2F3%2F3290778.jpg&w=640&q=90",
    "source_id": "Coles - 3290778",
    "barcode": "9342866000635",
    "shop": "coles",
    "category_id": "22164",
    "weight": "500ml",
    "prices": [
      {
        "state": "VIC",
        "price": "810",
        "price_per_unit": "405",
        "price_unit": "ml"
      },
      {
        "state": "NSW",
        "price": "810",
        "price_per_unit": "405",
        "price_unit": "ml"
      },
      {
        "state": "QLD",
        "price": "810",
        "price_per_unit": "405",
        "price_unit": "ml"
      },
      {
        "state": "WA",
        "price": "810",
        "price_per_unit": "405",
        "price_unit": "ml"
      },
      {
        "state": "SA",
        "price": "810",
        "price_per_unit": "405",
        "price_unit": "ml"
      },
      {
        "state": "TAS",
        "price": "780",
        "price_per_unit": "390",
        "price_unit": "ml"
      },
      {
        "state": "ACT",
        "price": "810",
        "price_per_unit": "405",
        "price_unit": "ml"
      },
      {
        "state": "NT",
        "price": "850",
        "price_per_unit": "425",
        "price_unit": "ml"
      }
    ]
  },
  {
    "source_url": "https://www.woolworths.com.au/shop/productdetails/698612/monster-energy-mango-loco-can",
    "name": "Monster Energy Mango Loco Can 500ml",
    "image_url": "https://cdn1.woolworths.media/content/wowproductimages/large/698612.jpg",
    "source_id": "Woolworths - 698612",
    "barcode": "9342866000635",
    "shop": "Woolworths",
    "category_id": "22164",
    "weight": "1L",
    "prices": [
      {
        "state": "NSW",
        "price": "405",
        "price_per_unit": "810",
        "price_unit": "L"
      },
      {
        "state": "VIC",
        "price": "405",
        "price_per_unit": "810",
        "price_unit": "L"
      },
      {
        "state": "QLD",
        "price": "405",
        "price_per_unit": "810",
        "price_unit": "L"
      },
      {
        "state": "WA",
        "price": "405",
        "price_per_unit": "810",
        "price_unit": "L"
      },
      {
        "state": "SA",
        "price": "405",
        "price_per_unit": "810",
        "price_unit": "L"
      },
      {
        "state": "TAS",
        "price": "390",
        "price_per_unit": "780",
        "price_unit": "L"
      },
      {
        "state": "ACT",
        "price": "405",
        "price_per_unit": "810",
        "price_unit": "L"
      },
      {
        "state": "NT",
        "price": "425",
        "price_per_unit": "850",
        "price_unit": "L"
      }
    ]
  },
  {
    "source_url": "https://www.coles.com.au/product/monster-energy-drink-zero-sugar-can-500ml-7717116",
    "name": "Monster Energy Drink Zero Sugar Can | 500mL",
    "image_url": "https://www.coles.com.au/_next/image?url=https%3A%2F%2Fproductimages.coles.com.au%2Fproductimages%2F7%2F7717116.jpg&w=640&q=90",
    "source_id": "Coles - 7717116",
    "barcode": "9342866001168",
    "shop": "coles",
    "category_id": "22164",
    "weight": "500ml",
    "prices": [
      {
        "state": "VIC",
        "price": "810",
        "price_per_unit": "405",
        "price_unit": "ml"
      },
      {
        "state": "NSW",
        "price": "810",
        "price_per_unit": "405",
        "price_unit": "ml"
      },
      {
        "state": "QLD",
        "price": "810",
        "price_per_unit": "405",
        "price_unit": "ml"
      },
      {
        "state": "WA",
        "price": "810",
        "price_per_unit": "405",
        "price_unit": "ml"
      },
      {
        "state": "SA",
        "price": "810",
        "price_per_unit": "405",
        "price_unit": "ml"
      },
      {
        "state": "TAS",
        "price": "780",
        "price_per_unit": "390",
        "price_unit": "ml"
      },
      {
        "state": "ACT",
        "price": "810",
        "price_per_unit": "405",
        "price_unit": "ml"
      },
      {
        "state": "NT",
        "price": "850",
        "price_per_unit": "425",
        "price_unit": "ml"
      }
    ]
  },
  {
    "source_url": "https://www.woolworths.com.au/shop/productdetails/688971/monster-energy-original-zero-sugar-drink",
    "name": "Monster Energy Original Zero Sugar Drink 500mL",
    "image_url": "https://cdn1.woolworths.media/content/wowproductimages/large/688971.jpg",
    "source_id": "Woolworths - 688971",
    "barcode": "9342866001168",
    "shop": "Woolworths",
    "category_id": "22164",
    "weight": "1L",
    "prices": [
      {
        "state": "NSW",
        "price": "405",
        "price_per_unit": "810",
        "price_unit": "L"
      },
      {
        "state": "VIC",
        "price": "405",
        "price_per_unit": "810",
        "price_unit": "L"
      },
      {
        "state": "QLD",
        "price": "405",
        "price_per_unit": "810",
        "price_unit": "L"
      },
      {
        "state": "WA",
        "price": "405",
        "price_per_unit": "810",
        "price_unit": "L"
      },
      {
        "state": "SA",
        "price": "405",
        "price_per_unit": "810",
        "price_unit": "L"
      },
      {
        "state": "TAS",
        "price": "390",
        "price_per_unit": "780",
        "price_unit": "L"
      },
      {
        "state": "ACT",
        "price": "405",
        "price_per_unit": "810",
        "price_unit": "L"
      }
    ]
  },
  {
    "source_url": "https://www.coles.com.au/product/monster-energy-ultra-can-500ml-2787147",
    "name": "Monster Energy Ultra Can | 500mL",
    "image_url": "https://www.coles.com.au/_next/image?url=https%3A%2F%2Fproductimages.coles.com.au%2Fproductimages%2F2%2F2787147.jpg&w=640&q=90",
    "source_id": "Coles - 2787147",
    "barcode": "9342866000482",
    "shop": "coles",
    "category_id": "22164",
    "weight": "500ml",
    "prices": [
      {
        "state": "VIC",
        "price": "810",
        "price_per_unit": "405",
        "price_unit": "ml"
      },
      {
        "state": "NSW",
        "price": "810",
        "price_per_unit": "405",
        "price_unit": "ml"
      },
      {
        "state": "QLD",
        "price": "810",
        "price_per_unit": "405",
        "price_unit": "ml"
      },
      {
        "state": "WA",
        "price": "810",
        "price_per_unit": "405",
        "price_unit": "ml"
      },
      {
        "state": "SA",
        "price": "810",
        "price_per_unit": "405",
        "price_unit": "ml"
      },
      {
        "state": "TAS",
        "price": "780",
        "price_per_unit": "390",
        "price_unit": "ml"
      },
      {
        "state": "ACT",
        "price": "810",
        "price_per_unit": "405",
        "price_unit": "ml"
      },
      {
        "state": "NT",
        "price": "850",
        "price_per_unit": "425",
        "price_unit": "ml"
      }
    ]
  },
  {
    "source_url": "https://www.woolworths.com.au/shop/productdetails/489787/monster-energy-ultra-can",
    "name": "Monster Energy Ultra Can 500ml",
    "image_url": "https://cdn1.woolworths.media/content/wowproductimages/large/489787.jpg",
    "source_id": "Woolworths - 489787",
    "barcode": "9342866000482",
    "shop": "Woolworths",
    "category_id": "22164",
    "weight": "1L",
    "prices": [
      {
        "state": "NSW",
        "price": "405",
        "price_per_unit": "810",
        "price_unit": "L"
      },
      {
        "state": "VIC",
        "price": "405",
        "price_per_unit": "810",
        "price_unit": "L"
      },
      {
        "state": "QLD",
        "price": "405",
        "price_per_unit": "810",
        "price_unit": "L"
      },
      {
        "state": "WA",
        "price": "405",
        "price_per_unit": "810",
        "price_unit": "L"
      },
      {
        "state": "SA",
        "price": "405",
        "price_per_unit": "810",
        "price_unit": "L"
      },
      {
        "state": "TAS",
        "price": "390",
        "price_per_unit": "780",
        "price_unit": "L"
      },
      {
        "state": "ACT",
        "price": "405",
        "price_per_unit": "810",
        "price_unit": "L"
      },
      {
        "state": "NT",
        "price": "425",
        "price_per_unit": "850",
        "price_unit": "L"
      }
    ]
  },
  {
    "source_url": "https://www.coles.com.au/product/monster-energy-can-drink-ultra-gold-500ml-5155220",
    "name": "Monster Energy Can Drink Ultra Gold | 500mL",
    "image_url": "https://www.coles.com.au/_next/image?url=https%3A%2F%2Fproductimages.coles.com.au%2Fproductimages%2F5%2F5155220.jpg&w=640&q=90",
    "source_id": "Coles - 5155220",
    "barcode": "9342866001083",
    "shop": "coles",
    "category_id": "22164",
    "weight": "500ml",
    "prices": [
      {
        "state": "VIC",
        "price": "810",
        "price_per_unit": "405",
        "price_unit": "ml"
      },
      {
        "state": "WA",
        "price": "810",
        "price_per_unit": "405",
        "price_unit": "ml"
      },
      {
        "state": "SA",
        "price": "810",
        "price_per_unit": "405",
        "price_unit": "ml"
      },
      {
        "state": "ACT",
        "price": "810",
        "price_per_unit": "405",
        "price_unit": "ml"
      },
      {
        "state": "NT",
        "price": "850",
        "price_per_unit": "425",
        "price_unit": "ml"
      }
    ]
  },
  {
    "source_url": "https://www.woolworths.com.au/shop/productdetails/220971/monster-energy-ultra-gold",
    "name": "Monster Energy Ultra Gold 500ml",
    "image_url": "https://cdn1.woolworths.media/content/wowproductimages/large/220971.jpg",
    "source_id": "Woolworths - 220971",
    "barcode": "9342866001083",
    "shop": "Woolworths",
    "category_id": "22164",
    "weight": "1L",
    "prices": [
      {
        "state": "NSW",
        "price": "405",
        "price_per_unit": "810",
        "price_unit": "L"
      },
      {
        "state": "VIC",
        "price": "405",
        "price_per_unit": "810",
        "price_unit": "L"
      },
      {
        "state": "QLD",
        "price": "405",
        "price_per_unit": "810",
        "price_unit": "L"
      },
      {
        "state": "WA",
        "price": "405",
        "price_per_unit": "810",
        "price_unit": "L"
      },
      {
        "state": "SA",
        "price": "405",
        "price_per_unit": "810",
        "price_unit": "L"
      },
      {
        "state": "TAS",
        "price": "390",
        "price_per_unit": "780",
        "price_unit": "L"
      },
      {
        "state": "ACT",
        "price": "405",
        "price_per_unit": "810",
        "price_unit": "L"
      },
      {
        "state": "NT",
        "price": "425",
        "price_per_unit": "850",
        "price_unit": "L"
      }
    ]
  },
  {
    "source_url": "https://www.coles.com.au/product/monster-ultra-rosa-can-500ml-3990077",
    "name": "Monster Ultra Rosa Can | 500mL",
    "image_url": "https://www.coles.com.au/_next/image?url=https%3A%2F%2Fproductimages.coles.com.au%2Fproductimages%2F3%2F3990077.jpg&w=640&q=90",
    "source_id": "Coles - 3990077",
    "barcode": "9342866000987",
    "shop": "coles",
    "category_id": "22164",
    "weight": "500ml",
    "prices": [
      {
        "state": "VIC",
        "price": "810",
        "price_per_unit": "405",
        "price_unit": "ml"
      },
      {
        "state": "NSW",
        "price": "810",
        "price_per_unit": "405",
        "price_unit": "ml"
      },
      {
        "state": "QLD",
        "price": "810",
        "price_per_unit": "405",
        "price_unit": "ml"
      },
      {
        "state": "WA",
        "price": "810",
        "price_per_unit": "405",
        "price_unit": "ml"
      },
      {
        "state": "SA",
        "price": "810",
        "price_per_unit": "405",
        "price_unit": "ml"
      },
      {
        "state": "TAS",
        "price": "780",
        "price_per_unit": "390",
        "price_unit": "ml"
      },
      {
        "state": "ACT",
        "price": "810",
        "price_per_unit": "405",
        "price_unit": "ml"
      },
      {
        "state": "NT",
        "price": "850",
        "price_per_unit": "425",
        "price_unit": "ml"
      }
    ]
  },
  {
    "source_url": "https://www.woolworths.com.au/shop/productdetails/124312/monster-energy-ultra-rosa-can",
    "name": "Monster Energy Ultra Rosa Can 500ml",
    "image_url": "https://cdn1.woolworths.media/content/wowproductimages/large/124312.jpg",
    "source_id": "Woolworths - 124312",
    "barcode": "9342866000987",
    "shop": "Woolworths",
    "category_id": "22164",
    "weight": "1L",
    "prices": [
      {
        "state": "NSW",
        "price": "405",
        "price_per_unit": "810",
        "price_unit": "L"
      },
      {
        "state": "VIC",
        "price": "405",
        "price_per_unit": "810",
        "price_unit": "L"
      },
      {
        "state": "QLD",
        "price": "405",
        "price_per_unit": "810",
        "price_unit": "L"
      },
      {
        "state": "WA",
        "price": "405",
        "price_per_unit": "810",
        "price_unit": "L"
      },
      {
        "state": "TAS",
        "price": "390",
        "price_per_unit": "780",
        "price_unit": "L"
      },
      {
        "state": "ACT",
        "price": "405",
        "price_per_unit": "810",
        "price_unit": "L"
      },
      {
        "state": "NT",
        "price": "425",
        "price_per_unit": "850",
        "price_unit": "L"
      }
    ]
  },
  {
    "source_url": "https://www.coles.com.au/product/monster-ultra-rosa-multipack-cans-4-x-500ml-4-pack-3990033",
    "name": "Monster Ultra Rosa Multipack Cans 4 x 500mL | 4 pack",
    "image_url": "https://www.coles.com.au/_next/image?url=https%3A%2F%2Fproductimages.coles.com.au%2Fproductimages%2F3%2F3990033.jpg&w=640&q=90",
    "source_id": "Coles - 3990033",
    "barcode": "9342866001014",
    "shop": "coles",
    "category_id": "22164",
    "weight": "4pack",
    "prices": [
      {
        "state": "VIC",
        "price": "760",
        "price_per_unit": "1520",
        "price_unit": "pack"
      },
      {
        "state": "WA",
        "price": "760",
        "price_per_unit": "1520",
        "price_unit": "pack"
      },
      {
        "state": "SA",
        "price": "760",
        "price_per_unit": "1520",
        "price_unit": "pack"
      },
      {
        "state": "ACT",
        "price": "760",
        "price_per_unit": "1520",
        "price_unit": "pack"
      },
      {
        "state": "NT",
        "price": "798",
        "price_per_unit": "1596",
        "price_unit": "pack"
      }
    ]
  },
  {
    "source_url": "https://www.woolworths.com.au/shop/productdetails/143253/monster-energy-ultra-rosa-multipack-cans",
    "name": "Monster Energy Ultra Rosa Multipack Cans 500ml x4 Pack",
    "image_url": "https://cdn1.woolworths.media/content/wowproductimages/large/143253.jpg",
    "source_id": "Woolworths - 143253",
    "barcode": "9342866001014",
    "shop": "Woolworths",
    "category_id": "22164",
    "weight": "1L",
    "prices": [
      {
        "state": "NSW",
        "price": "1520",
        "price_per_unit": "760",
        "price_unit": "L"
      },
      {
        "state": "VIC",
        "price": "1520",
        "price_per_unit": "760",
        "price_unit": "L"
      },
      {
        "state": "QLD",
        "price": "1520",
        "price_per_unit": "760",
        "price_unit": "L"
      },
      {
        "state": "WA",
        "price": "1520",
        "price_per_unit": "760",
        "price_unit": "L"
      },
      {
        "state": "SA",
        "price": "1520",
        "price_per_unit": "760",
        "price_unit": "L"
      },
      {
        "state": "TAS",
        "price": "1475",
        "price_per_unit": "738",
        "price_unit": "L"
      },
      {
        "state": "ACT",
        "price": "1520",
        "price_per_unit": "760",
        "price_unit": "L"
      },
      {
        "state": "NT",
        "price": "1600",
        "price_per_unit": "800",
        "price_unit": "L"
      }
    ]
  },
  {
    "source_url": "https://www.coles.com.au/product/monster-energy-ultra-peachy-keen-can-500ml-6413422",
    "name": "Monster Energy Ultra Peachy Keen Can | 500mL",
    "image_url": "https://www.coles.com.au/_next/image?url=https%3A%2F%2Fproductimages.coles.com.au%2Fproductimages%2F6%2F6413422.jpg&w=640&q=90",
    "source_id": "Coles - 6413422",
    "barcode": "9342866001151",
    "shop": "coles",
    "category_id": "22164",
    "weight": "500ml",
    "prices": [
      {
        "state": "VIC",
        "price": "810",
        "price_per_unit": "405",
        "price_unit": "ml"
      },
      {
        "state": "NSW",
        "price": "810",
        "price_per_unit": "405",
        "price_unit": "ml"
      },
      {
        "state": "QLD",
        "price": "810",
        "price_per_unit": "405",
        "price_unit": "ml"
      },
      {
        "state": "WA",
        "price": "810",
        "price_per_unit": "405",
        "price_unit": "ml"
      },
      {
        "state": "SA",
        "price": "810",
        "price_per_unit": "405",
        "price_unit": "ml"
      },
      {
        "state": "TAS",
        "price": "780",
        "price_per_unit": "390",
        "price_unit": "ml"
      },
      {
        "state": "ACT",
        "price": "810",
        "price_per_unit": "405",
        "price_unit": "ml"
      },
      {
        "state": "NT",
        "price": "850",
        "price_per_unit": "425",
        "price_unit": "ml"
      }
    ]
  },
  {
    "source_url": "https://www.woolworths.com.au/shop/productdetails/391929/monster-ultra-peachy-keen-energy-drink",
    "name": "Monster Ultra Peachy Keen Energy Drink 500ml",
    "image_url": "https://cdn1.woolworths.media/content/wowproductimages/large/391929.jpg",
    "source_id": "Woolworths - 391929",
    "barcode": "9342866001151",
    "shop": "Woolworths",
    "category_id": "22164",
    "weight": "1L",
    "prices": [
      {
        "state": "NSW",
        "price": "405",
        "price_per_unit": "810",
        "price_unit": "L"
      },
      {
        "state": "VIC",
        "price": "405",
        "price_per_unit": "810",
        "price_unit": "L"
      },
      {
        "state": "QLD",
        "price": "405",
        "price_per_unit": "810",
        "price_unit": "L"
      },
      {
        "state": "WA",
        "price": "405",
        "price_per_unit": "810",
        "price_unit": "L"
      },
      {
        "state": "SA",
        "price": "405",
        "price_per_unit": "810",
        "price_unit": "L"
      },
      {
        "state": "TAS",
        "price": "390",
        "price_per_unit": "780",
        "price_unit": "L"
      },
      {
        "state": "ACT",
        "price": "405",
        "price_per_unit": "810",
        "price_unit": "L"
      },
      {
        "state": "NT",
        "price": "425",
        "price_per_unit": "850",
        "price_unit": "L"
      }
    ]
  },
  {
    "source_url": "https://www.coles.com.au/product/mother-energy-drink-lava-guava-can-500ml-6823333",
    "name": "Mother Energy Drink Lava Guava Can | 500mL",
    "image_url": "https://www.coles.com.au/_next/image?url=https%3A%2F%2Fproductimages.coles.com.au%2Fproductimages%2F6%2F6823333.jpg&w=640&q=90",
    "source_id": "Coles - 6823333",
    "barcode": "1220000060401",
    "shop": "coles",
    "category_id": "22164",
    "weight": "500ml",
    "prices": [
      {
        "state": "VIC",
        "price": "630",
        "price_per_unit": "315",
        "price_unit": "ml"
      },
      {
        "state": "WA",
        "price": "630",
        "price_per_unit": "315",
        "price_unit": "ml"
      },
      {
        "state": "SA",
        "price": "630",
        "price_per_unit": "315",
        "price_unit": "ml"
      },
      {
        "state": "ACT",
        "price": "630",
        "price_per_unit": "315",
        "price_unit": "ml"
      },
      {
        "state": "NT",
        "price": "630",
        "price_per_unit": "315",
        "price_unit": "ml"
      }
    ]
  },
  {
    "source_url": "https://www.woolworths.com.au/shop/productdetails/223752/mother-energy-drink-lava-guava-can",
    "name": "Mother Energy Drink Lava Guava Can 500ml",
    "image_url": "https://cdn1.woolworths.media/content/wowproductimages/large/223752.jpg",
    "source_id": "Woolworths - 223752",
    "barcode": "1220000060401",
    "shop": "Woolworths",
    "category_id": "22164",
    "weight": "1L",
    "prices": [
      {
        "state": "NSW",
        "price": "315",
        "price_per_unit": "630",
        "price_unit": "L"
      },
      {
        "state": "VIC",
        "price": "315",
        "price_per_unit": "630",
        "price_unit": "L"
      },
      {
        "state": "QLD",
        "price": "315",
        "price_per_unit": "630",
        "price_unit": "L"
      },
      {
        "state": "WA",
        "price": "315",
        "price_per_unit": "630",
        "price_unit": "L"
      },
      {
        "state": "SA",
        "price": "315",
        "price_per_unit": "630",
        "price_unit": "L"
      },
      {
        "state": "TAS",
        "price": "305",
        "price_per_unit": "610",
        "price_unit": "L"
      },
      {
        "state": "ACT",
        "price": "315",
        "price_per_unit": "630",
        "price_unit": "L"
      },
      {
        "state": "NT",
        "price": "315",
        "price_per_unit": "630",
        "price_unit": "L"
      }
    ]
  },
  {
    "source_url": "https://www.coles.com.au/product/mother-energy-drink-rainbow-sherbert-500ml-6413160",
    "name": "Mother Energy Drink Rainbow Sherbert | 500mL",
    "image_url": "https://www.coles.com.au/_next/image?url=https%3A%2F%2Fproductimages.coles.com.au%2Fproductimages%2F6%2F6413160.jpg&w=640&q=90",
    "source_id": "Coles - 6413160",
    "barcode": "1220000062900",
    "shop": "coles",
    "category_id": "22164",
    "weight": "500ml",
    "prices": [
      {
        "state": "VIC",
        "price": "630",
        "price_per_unit": "315",
        "price_unit": "ml"
      },
      {
        "state": "WA",
        "price": "630",
        "price_per_unit": "315",
        "price_unit": "ml"
      },
      {
        "state": "SA",
        "price": "630",
        "price_per_unit": "315",
        "price_unit": "ml"
      },
      {
        "state": "ACT",
        "price": "630",
        "price_per_unit": "315",
        "price_unit": "ml"
      },
      {
        "state": "NT",
        "price": "630",
        "price_per_unit": "315",
        "price_unit": "ml"
      }
    ]
  },
  {
    "source_url": "https://www.woolworths.com.au/shop/productdetails/595462/mother-energy-drink-rainbow-sherbet",
    "name": "Mother Energy Drink Rainbow Sherbet 500mL",
    "image_url": "https://cdn1.woolworths.media/content/wowproductimages/large/595462.jpg",
    "source_id": "Woolworths - 595462",
    "barcode": "1220000062900",
    "shop": "Woolworths",
    "category_id": "22164",
    "weight": "1L",
    "prices": [
      {
        "state": "NSW",
        "price": "315",
        "price_per_unit": "630",
        "price_unit": "L"
      },
      {
        "state": "VIC",
        "price": "315",
        "price_per_unit": "630",
        "price_unit": "L"
      },
      {
        "state": "QLD",
        "price": "315",
        "price_per_unit": "630",
        "price_unit": "L"
      },
      {
        "state": "WA",
        "price": "315",
        "price_per_unit": "630",
        "price_unit": "L"
      },
      {
        "state": "SA",
        "price": "315",
        "price_per_unit": "630",
        "price_unit": "L"
      },
      {
        "state": "TAS",
        "price": "305",
        "price_per_unit": "610",
        "price_unit": "L"
      },
      {
        "state": "ACT",
        "price": "315",
        "price_per_unit": "630",
        "price_unit": "L"
      },
      {
        "state": "NT",
        "price": "315",
        "price_per_unit": "630",
        "price_unit": "L"
      }
    ]
  },
  {
    "source_url": "https://www.coles.com.au/product/red-bull-sugar-free-energy-drink-can-473ml-2785017",
    "name": "Red Bull Sugar Free Energy Drink Can | 473mL",
    "image_url": "https://www.coles.com.au/_next/image?url=https%3A%2F%2Fproductimages.coles.com.au%2Fproductimages%2F2%2F2785017.jpg&w=640&q=90",
    "source_id": "Coles - 2785017",
    "barcode": "9002490229955",
    "shop": "coles",
    "category_id": "22164",
    "weight": "473ml",
    "prices": [
      {
        "state": "VIC",
        "price": "1078",
        "price_per_unit": "510",
        "price_unit": "ml"
      },
      {
        "state": "NSW",
        "price": "1078",
        "price_per_unit": "510",
        "price_unit": "ml"
      },
      {
        "state": "QLD",
        "price": "1078",
        "price_per_unit": "510",
        "price_unit": "ml"
      },
      {
        "state": "WA",
        "price": "1078",
        "price_per_unit": "510",
        "price_unit": "ml"
      },
      {
        "state": "SA",
        "price": "1078",
        "price_per_unit": "510",
        "price_unit": "ml"
      },
      {
        "state": "TAS",
        "price": "1036",
        "price_per_unit": "490",
        "price_unit": "ml"
      },
      {
        "state": "ACT",
        "price": "1078",
        "price_per_unit": "510",
        "price_unit": "ml"
      },
      {
        "state": "NT",
        "price": "1133",
        "price_per_unit": "536",
        "price_unit": "ml"
      }
    ]
  },
  {
    "source_url": "https://www.woolworths.com.au/shop/productdetails/459692/red-bull-sugar-free-energy-drink-can",
    "name": "Red Bull  Sugar Free Energy Drink Can 473mL",
    "image_url": "https://cdn1.woolworths.media/content/wowproductimages/large/459692.jpg",
    "source_id": "Woolworths - 459692",
    "barcode": "9002490229955",
    "shop": "Woolworths",
    "category_id": "22164",
    "weight": "1L",
    "prices": [
      {
        "state": "NSW",
        "price": "510",
        "price_per_unit": "1078",
        "price_unit": "L"
      },
      {
        "state": "VIC",
        "price": "510",
        "price_per_unit": "1078",
        "price_unit": "L"
      },
      {
        "state": "QLD",
        "price": "510",
        "price_per_unit": "1078",
        "price_unit": "L"
      },
      {
        "state": "WA",
        "price": "510",
        "price_per_unit": "1078",
        "price_unit": "L"
      },
      {
        "state": "SA",
        "price": "510",
        "price_per_unit": "1078",
        "price_unit": "L"
      },
      {
        "state": "ACT",
        "price": "510",
        "price_per_unit": "1078",
        "price_unit": "L"
      },
      {
        "state": "NT",
        "price": "510",
        "price_per_unit": "1078",
        "price_unit": "L"
      }
    ]
  },
  {
    "source_url": "https://www.coles.com.au/product/red-bull-energy-drink-4x250ml-4-pack-9043363",
    "name": "Red Bull Energy Drink 4X250mL | 4 pack",
    "image_url": "https://www.coles.com.au/_next/image?url=https%3A%2F%2Fproductimages.coles.com.au%2Fproductimages%2F9%2F9043363.jpg&w=640&q=90",
    "source_id": "Coles - 9043363",
    "barcode": "9002490100759",
    "shop": "coles",
    "category_id": "22164",
    "weight": "4pack",
    "prices": [
      {
        "state": "VIC",
        "price": "720",
        "price_per_unit": "720",
        "price_unit": "pack"
      },
      {
        "state": "NSW",
        "price": "720",
        "price_per_unit": "720",
        "price_unit": "pack"
      },
      {
        "state": "QLD",
        "price": "720",
        "price_per_unit": "720",
        "price_unit": "pack"
      },
      {
        "state": "WA",
        "price": "720",
        "price_per_unit": "720",
        "price_unit": "pack"
      },
      {
        "state": "SA",
        "price": "720",
        "price_per_unit": "720",
        "price_unit": "pack"
      },
      {
        "state": "TAS",
        "price": "675",
        "price_per_unit": "675",
        "price_unit": "pack"
      },
      {
        "state": "ACT",
        "price": "720",
        "price_per_unit": "720",
        "price_unit": "pack"
      },
      {
        "state": "NT",
        "price": "750",
        "price_per_unit": "750",
        "price_unit": "pack"
      }
    ]
  },
  {
    "source_url": "https://www.woolworths.com.au/shop/productdetails/162609/red-bull-energy-drink",
    "name": "Red Bull Energy Drink 4x250ml",
    "image_url": "https://cdn1.woolworths.media/content/wowproductimages/large/162609.jpg",
    "source_id": "Woolworths - 162609",
    "barcode": "9002490100759",
    "shop": "Woolworths",
    "category_id": "22164",
    "weight": "1L",
    "prices": [
      {
        "state": "NSW",
        "price": "1200",
        "price_per_unit": "1200",
        "price_unit": "L"
      },
      {
        "state": "VIC",
        "price": "1185",
        "price_per_unit": "1185",
        "price_unit": "L"
      },
      {
        "state": "QLD",
        "price": "1200",
        "price_per_unit": "1200",
        "price_unit": "L"
      },
      {
        "state": "WA",
        "price": "1200",
        "price_per_unit": "1200",
        "price_unit": "L"
      },
      {
        "state": "SA",
        "price": "1200",
        "price_per_unit": "1200",
        "price_unit": "L"
      },
      {
        "state": "TAS",
        "price": "1125",
        "price_per_unit": "1125",
        "price_unit": "L"
      },
      {
        "state": "ACT",
        "price": "1200",
        "price_per_unit": "1200",
        "price_unit": "L"
      },
      {
        "state": "NT",
        "price": "1200",
        "price_per_unit": "1200",
        "price_unit": "L"
      }
    ]
  },
  {
    "source_url": "https://www.coles.com.au/product/red-bull-sugar-free-energy-drink-4x250ml-4-pack-9615900",
    "name": "Red Bull Sugar Free Energy Drink 4X250mL | 4 pack",
    "image_url": "https://www.coles.com.au/_next/image?url=https%3A%2F%2Fproductimages.coles.com.au%2Fproductimages%2F9%2F9615900.jpg&w=640&q=90",
    "source_id": "Coles - 9615900",
    "barcode": "9002490200619",
    "shop": "coles",
    "category_id": "22164",
    "weight": "4pack",
    "prices": [
      {
        "state": "VIC",
        "price": "720",
        "price_per_unit": "720",
        "price_unit": "pack"
      },
      {
        "state": "NSW",
        "price": "720",
        "price_per_unit": "720",
        "price_unit": "pack"
      },
      {
        "state": "QLD",
        "price": "720",
        "price_per_unit": "720",
        "price_unit": "pack"
      },
      {
        "state": "WA",
        "price": "720",
        "price_per_unit": "720",
        "price_unit": "pack"
      },
      {
        "state": "SA",
        "price": "720",
        "price_per_unit": "720",
        "price_unit": "pack"
      },
      {
        "state": "TAS",
        "price": "675",
        "price_per_unit": "675",
        "price_unit": "pack"
      },
      {
        "state": "ACT",
        "price": "720",
        "price_per_unit": "720",
        "price_unit": "pack"
      },
      {
        "state": "NT",
        "price": "750",
        "price_per_unit": "750",
        "price_unit": "pack"
      }
    ]
  },
  {
    "source_url": "https://www.woolworths.com.au/shop/productdetails/226913/red-bull-energy-drink-sugar-free",
    "name": "Red Bull Energy Drink Sugar Free 4x250ml",
    "image_url": "https://cdn1.woolworths.media/content/wowproductimages/large/226913.jpg",
    "source_id": "Woolworths - 226913",
    "barcode": "9002490200619",
    "shop": "Woolworths",
    "category_id": "22164",
    "weight": "1L",
    "prices": [
      {
        "state": "NSW",
        "price": "1200",
        "price_per_unit": "1200",
        "price_unit": "L"
      },
      {
        "state": "VIC",
        "price": "1185",
        "price_per_unit": "1185",
        "price_unit": "L"
      },
      {
        "state": "QLD",
        "price": "1200",
        "price_per_unit": "1200",
        "price_unit": "L"
      },
      {
        "state": "WA",
        "price": "1200",
        "price_per_unit": "1200",
        "price_unit": "L"
      },
      {
        "state": "SA",
        "price": "1200",
        "price_per_unit": "1200",
        "price_unit": "L"
      },
      {
        "state": "TAS",
        "price": "1125",
        "price_per_unit": "1125",
        "price_unit": "L"
      },
      {
        "state": "ACT",
        "price": "1200",
        "price_per_unit": "1200",
        "price_unit": "L"
      },
      {
        "state": "NT",
        "price": "1200",
        "price_per_unit": "1200",
        "price_unit": "L"
      }
    ]
  },
  {
    "source_url": "https://www.coles.com.au/product/v-blue-energy-drink-4x250ml-4-pack-9880526",
    "name": "V Blue Energy Drink 4x250mL | 4 pack",
    "image_url": "https://www.coles.com.au/_next/image?url=https%3A%2F%2Fproductimages.coles.com.au%2Fproductimages%2F9%2F9880526.jpg&w=640&q=90",
    "source_id": "Coles - 9880526",
    "barcode": "9415767624689",
    "shop": "coles",
    "category_id": "22164",
    "weight": "4pack",
    "prices": [
      {
        "state": "VIC",
        "price": "850",
        "price_per_unit": "850",
        "price_unit": "pack"
      },
      {
        "state": "NSW",
        "price": "850",
        "price_per_unit": "850",
        "price_unit": "pack"
      },
      {
        "state": "QLD",
        "price": "850",
        "price_per_unit": "850",
        "price_unit": "pack"
      },
      {
        "state": "WA",
        "price": "850",
        "price_per_unit": "850",
        "price_unit": "pack"
      },
      {
        "state": "SA",
        "price": "850",
        "price_per_unit": "850",
        "price_unit": "pack"
      },
      {
        "state": "TAS",
        "price": "795",
        "price_per_unit": "795",
        "price_unit": "pack"
      },
      {
        "state": "ACT",
        "price": "850",
        "price_per_unit": "850",
        "price_unit": "pack"
      },
      {
        "state": "NT",
        "price": "885",
        "price_per_unit": "885",
        "price_unit": "pack"
      }
    ]
  },
  {
    "source_url": "https://www.woolworths.com.au/shop/productdetails/729764/v-energy-blue",
    "name": "V Energy Blue 250mlx 4",
    "image_url": "https://cdn1.woolworths.media/content/wowproductimages/large/729764.jpg",
    "source_id": "Woolworths - 729764",
    "barcode": "9415767624689",
    "shop": "Woolworths",
    "category_id": "22164",
    "weight": "1L",
    "prices": [
      {
        "state": "NSW",
        "price": "1100",
        "price_per_unit": "1100",
        "price_unit": "L"
      },
      {
        "state": "VIC",
        "price": "1100",
        "price_per_unit": "1100",
        "price_unit": "L"
      },
      {
        "state": "QLD",
        "price": "1100",
        "price_per_unit": "1100",
        "price_unit": "L"
      },
      {
        "state": "WA",
        "price": "1100",
        "price_per_unit": "1100",
        "price_unit": "L"
      },
      {
        "state": "SA",
        "price": "1100",
        "price_per_unit": "1100",
        "price_unit": "L"
      },
      {
        "state": "TAS",
        "price": "1045",
        "price_per_unit": "1045",
        "price_unit": "L"
      },
      {
        "state": "ACT",
        "price": "1100",
        "price_per_unit": "1100",
        "price_unit": "L"
      },
      {
        "state": "NT",
        "price": "1100",
        "price_per_unit": "1100",
        "price_unit": "L"
      }
    ]
  },
  {
    "source_url": "https://www.coles.com.au/product/v-energy-drink-blue-500ml-1256145",
    "name": "V Energy Drink Blue | 500mL",
    "image_url": "https://www.coles.com.au/_next/image?url=https%3A%2F%2Fproductimages.coles.com.au%2Fproductimages%2F1%2F1256145.jpg&w=640&q=90",
    "source_id": "Coles - 1256145",
    "barcode": "9415767624207",
    "shop": "coles",
    "category_id": "22164",
    "weight": "500ml",
    "prices": [
      {
        "state": "VIC",
        "price": "800",
        "price_per_unit": "400",
        "price_unit": "ml"
      },
      {
        "state": "NSW",
        "price": "800",
        "price_per_unit": "400",
        "price_unit": "ml"
      },
      {
        "state": "QLD",
        "price": "800",
        "price_per_unit": "400",
        "price_unit": "ml"
      },
      {
        "state": "WA",
        "price": "800",
        "price_per_unit": "400",
        "price_unit": "ml"
      },
      {
        "state": "SA",
        "price": "800",
        "price_per_unit": "400",
        "price_unit": "ml"
      },
      {
        "state": "TAS",
        "price": "770",
        "price_per_unit": "385",
        "price_unit": "ml"
      },
      {
        "state": "ACT",
        "price": "800",
        "price_per_unit": "400",
        "price_unit": "ml"
      },
      {
        "state": "NT",
        "price": "840",
        "price_per_unit": "420",
        "price_unit": "ml"
      }
    ]
  },
  {
    "source_url": "https://www.woolworths.com.au/shop/productdetails/705699/v-energy-blue",
    "name": "V Energy Blue 500ml",
    "image_url": "https://cdn1.woolworths.media/content/wowproductimages/large/705699.jpg",
    "source_id": "Woolworths - 705699",
    "barcode": "9415767624207",
    "shop": "Woolworths",
    "category_id": "22164",
    "weight": "1L",
    "prices": [
      {
        "state": "NSW",
        "price": "400",
        "price_per_unit": "800",
        "price_unit": "L"
      },
      {
        "state": "VIC",
        "price": "400",
        "price_per_unit": "800",
        "price_unit": "L"
      },
      {
        "state": "QLD",
        "price": "400",
        "price_per_unit": "800",
        "price_unit": "L"
      },
      {
        "state": "WA",
        "price": "400",
        "price_per_unit": "800",
        "price_unit": "L"
      },
      {
        "state": "SA",
        "price": "400",
        "price_per_unit": "800",
        "price_unit": "L"
      },
      {
        "state": "TAS",
        "price": "385",
        "price_per_unit": "770",
        "price_unit": "L"
      },
      {
        "state": "ACT",
        "price": "400",
        "price_per_unit": "800",
        "price_unit": "L"
      },
      {
        "state": "NT",
        "price": "400",
        "price_per_unit": "800",
        "price_unit": "L"
      }
    ]
  },
  {
    "source_url": "https://www.coles.com.au/product/v-energy-drink-blue-4x500ml-4-pack-6325336",
    "name": "V Energy Drink Blue 4x500mL | 4 pack",
    "image_url": "https://www.coles.com.au/_next/image?url=https%3A%2F%2Fproductimages.coles.com.au%2Fproductimages%2F6%2F6325336.jpg&w=640&q=90",
    "source_id": "Coles - 6325336",
    "barcode": "9415767014978",
    "shop": "coles",
    "category_id": "22164",
    "weight": "4pack",
    "prices": [
      {
        "state": "VIC",
        "price": "800",
        "price_per_unit": "1600",
        "price_unit": "pack"
      },
      {
        "state": "WA",
        "price": "800",
        "price_per_unit": "1600",
        "price_unit": "pack"
      },
      {
        "state": "SA",
        "price": "800",
        "price_per_unit": "1600",
        "price_unit": "pack"
      },
      {
        "state": "ACT",
        "price": "800",
        "price_per_unit": "1600",
        "price_unit": "pack"
      },
      {
        "state": "NT",
        "price": "840",
        "price_per_unit": "1680",
        "price_unit": "pack"
      }
    ]
  },
  {
    "source_url": "https://www.woolworths.com.au/shop/productdetails/283475/v-energy-blue-energy-drink-cans",
    "name": "V Energy Blue Energy Drink Cans 500ml x 4 Pack",
    "image_url": "https://cdn1.woolworths.media/content/wowproductimages/large/283475.jpg",
    "source_id": "Woolworths - 283475",
    "barcode": "9415767014978",
    "shop": "Woolworths",
    "category_id": "22164",
    "weight": "1L",
    "prices": [
      {
        "state": "NSW",
        "price": "1600",
        "price_per_unit": "800",
        "price_unit": "L"
      },
      {
        "state": "VIC",
        "price": "1600",
        "price_per_unit": "800",
        "price_unit": "L"
      },
      {
        "state": "QLD",
        "price": "1600",
        "price_per_unit": "800",
        "price_unit": "L"
      },
      {
        "state": "WA",
        "price": "1600",
        "price_per_unit": "800",
        "price_unit": "L"
      },
      {
        "state": "SA",
        "price": "1600",
        "price_per_unit": "800",
        "price_unit": "L"
      },
      {
        "state": "TAS",
        "price": "1550",
        "price_per_unit": "775",
        "price_unit": "L"
      },
      {
        "state": "NT",
        "price": "1600",
        "price_per_unit": "800",
        "price_unit": "L"
      }
    ]
  },
  {
    "source_url": "https://www.coles.com.au/product/v-energy-drink-can-4x500ml-4-pack-7305345",
    "name": "V Energy Drink Can 4x500mL | 4 pack",
    "image_url": "https://www.coles.com.au/_next/image?url=https%3A%2F%2Fproductimages.coles.com.au%2Fproductimages%2F7%2F7305345.jpg&w=640&q=90",
    "source_id": "Coles - 7305345",
    "barcode": "9415767677296",
    "shop": "coles",
    "category_id": "22164",
    "weight": "4pack",
    "prices": [
      {
        "state": "VIC",
        "price": "800",
        "price_per_unit": "1600",
        "price_unit": "pack"
      },
      {
        "state": "NSW",
        "price": "800",
        "price_per_unit": "1600",
        "price_unit": "pack"
      },
      {
        "state": "QLD",
        "price": "800",
        "price_per_unit": "1600",
        "price_unit": "pack"
      },
      {
        "state": "WA",
        "price": "800",
        "price_per_unit": "1600",
        "price_unit": "pack"
      },
      {
        "state": "SA",
        "price": "800",
        "price_per_unit": "1600",
        "price_unit": "pack"
      },
      {
        "state": "TAS",
        "price": "775",
        "price_per_unit": "1550",
        "price_unit": "pack"
      },
      {
        "state": "ACT",
        "price": "800",
        "price_per_unit": "1600",
        "price_unit": "pack"
      },
      {
        "state": "NT",
        "price": "840",
        "price_per_unit": "1680",
        "price_unit": "pack"
      }
    ]
  },
  {
    "source_url": "https://www.woolworths.com.au/shop/productdetails/331936/v-energy-drink",
    "name": "V Energy Drink 500ml x4 Pack",
    "image_url": "https://cdn1.woolworths.media/content/wowproductimages/large/331936.jpg",
    "source_id": "Woolworths - 331936",
    "barcode": "9415767677296",
    "shop": "Woolworths",
    "category_id": "22164",
    "weight": "1L",
    "prices": [
      {
        "state": "NSW",
        "price": "1600",
        "price_per_unit": "800",
        "price_unit": "L"
      },
      {
        "state": "VIC",
        "price": "1600",
        "price_per_unit": "800",
        "price_unit": "L"
      },
      {
        "state": "QLD",
        "price": "1600",
        "price_per_unit": "800",
        "price_unit": "L"
      },
      {
        "state": "WA",
        "price": "1600",
        "price_per_unit": "800",
        "price_unit": "L"
      },
      {
        "state": "SA",
        "price": "1600",
        "price_per_unit": "800",
        "price_unit": "L"
      },
      {
        "state": "TAS",
        "price": "1550",
        "price_per_unit": "775",
        "price_unit": "L"
      },
      {
        "state": "ACT",
        "price": "1600",
        "price_per_unit": "800",
        "price_unit": "L"
      }
    ]
  },
  {
    "source_url": "https://www.coles.com.au/product/v-energy-drink-original-500ml-6963503",
    "name": "V Energy Drink Original | 500mL",
    "image_url": "https://www.coles.com.au/_next/image?url=https%3A%2F%2Fproductimages.coles.com.au%2Fproductimages%2F6%2F6963503.jpg&w=640&q=90",
    "source_id": "Coles - 6963503",
    "barcode": "9415767677203",
    "shop": "coles",
    "category_id": "22164",
    "weight": "500ml",
    "prices": [
      {
        "state": "VIC",
        "price": "800",
        "price_per_unit": "400",
        "price_unit": "ml"
      },
      {
        "state": "NSW",
        "price": "800",
        "price_per_unit": "400",
        "price_unit": "ml"
      },
      {
        "state": "QLD",
        "price": "800",
        "price_per_unit": "400",
        "price_unit": "ml"
      },
      {
        "state": "WA",
        "price": "800",
        "price_per_unit": "400",
        "price_unit": "ml"
      },
      {
        "state": "SA",
        "price": "800",
        "price_per_unit": "400",
        "price_unit": "ml"
      },
      {
        "state": "TAS",
        "price": "770",
        "price_per_unit": "385",
        "price_unit": "ml"
      },
      {
        "state": "ACT",
        "price": "800",
        "price_per_unit": "400",
        "price_unit": "ml"
      },
      {
        "state": "NT",
        "price": "840",
        "price_per_unit": "420",
        "price_unit": "ml"
      }
    ]
  },
  {
    "source_url": "https://www.woolworths.com.au/shop/productdetails/315692/v-energy-energy-drink",
    "name": "V Energy Energy Drink 500ml",
    "image_url": "https://cdn1.woolworths.media/content/wowproductimages/large/315692.jpg",
    "source_id": "Woolworths - 315692",
    "barcode": "9415767677203",
    "shop": "Woolworths",
    "category_id": "22164",
    "weight": "1L",
    "prices": [
      {
        "state": "NSW",
        "price": "400",
        "price_per_unit": "800",
        "price_unit": "L"
      },
      {
        "state": "VIC",
        "price": "400",
        "price_per_unit": "800",
        "price_unit": "L"
      },
      {
        "state": "QLD",
        "price": "400",
        "price_per_unit": "800",
        "price_unit": "L"
      },
      {
        "state": "WA",
        "price": "400",
        "price_per_unit": "800",
        "price_unit": "L"
      },
      {
        "state": "SA",
        "price": "400",
        "price_per_unit": "800",
        "price_unit": "L"
      },
      {
        "state": "TAS",
        "price": "385",
        "price_per_unit": "770",
        "price_unit": "L"
      },
      {
        "state": "ACT",
        "price": "400",
        "price_per_unit": "800",
        "price_unit": "L"
      },
      {
        "state": "NT",
        "price": "400",
        "price_per_unit": "800",
        "price_unit": "L"
      }
    ]
  },
  {
    "source_url": "https://www.coles.com.au/product/v-energy-drink-green-apple-4x250ml-4-pack-7085410",
    "name": "V Energy Drink Green Apple 4x250ml | 4 pack",
    "image_url": "https://www.coles.com.au/_next/image?url=https%3A%2F%2Fproductimages.coles.com.au%2Fproductimages%2F7%2F7085410.jpg&w=640&q=90",
    "source_id": "Coles - 7085410",
    "barcode": "9415767019133",
    "shop": "coles",
    "category_id": "22164",
    "weight": "4pack",
    "prices": [
      {
        "state": "VIC",
        "price": "850",
        "price_per_unit": "850",
        "price_unit": "pack"
      },
      {
        "state": "NSW",
        "price": "850",
        "price_per_unit": "850",
        "price_unit": "pack"
      },
      {
        "state": "QLD",
        "price": "850",
        "price_per_unit": "850",
        "price_unit": "pack"
      },
      {
        "state": "WA",
        "price": "850",
        "price_per_unit": "850",
        "price_unit": "pack"
      },
      {
        "state": "SA",
        "price": "850",
        "price_per_unit": "850",
        "price_unit": "pack"
      },
      {
        "state": "TAS",
        "price": "795",
        "price_per_unit": "795",
        "price_unit": "pack"
      },
      {
        "state": "ACT",
        "price": "850",
        "price_per_unit": "850",
        "price_unit": "pack"
      },
      {
        "state": "NT",
        "price": "885",
        "price_per_unit": "885",
        "price_unit": "pack"
      }
    ]
  },
  {
    "source_url": "https://www.woolworths.com.au/shop/productdetails/318675/v-energy-refresh-green-apple-lemonade-cans",
    "name": "V Energy Refresh Green Apple Lemonade Cans 250ml x 4 Pack",
    "image_url": "https://cdn1.woolworths.media/content/wowproductimages/large/318675.jpg",
    "source_id": "Woolworths - 318675",
    "barcode": "9415767019133",
    "shop": "Woolworths",
    "category_id": "22164",
    "weight": "1L",
    "prices": [
      {
        "state": "NSW",
        "price": "1100",
        "price_per_unit": "1100",
        "price_unit": "L"
      },
      {
        "state": "VIC",
        "price": "1100",
        "price_per_unit": "1100",
        "price_unit": "L"
      },
      {
        "state": "QLD",
        "price": "1100",
        "price_per_unit": "1100",
        "price_unit": "L"
      },
      {
        "state": "WA",
        "price": "1100",
        "price_per_unit": "1100",
        "price_unit": "L"
      },
      {
        "state": "SA",
        "price": "1100",
        "price_per_unit": "1100",
        "price_unit": "L"
      },
      {
        "state": "TAS",
        "price": "1045",
        "price_per_unit": "1045",
        "price_unit": "L"
      },
      {
        "state": "ACT",
        "price": "1100",
        "price_per_unit": "1100",
        "price_unit": "L"
      },
      {
        "state": "NT",
        "price": "1100",
        "price_per_unit": "1100",
        "price_unit": "L"
      }
    ]
  },
  {
    "source_url": "https://www.coles.com.au/product/v-energy-refresh-drink-pineapple-watermelon-can-250ml-5486384",
    "name": "V Energy Refresh Drink Pineapple Watermelon Can | 250mL",
    "image_url": "https://www.coles.com.au/_next/image?url=https%3A%2F%2Fproductimages.coles.com.au%2Fproductimages%2F5%2F5486384.jpg&w=640&q=90",
    "source_id": "Coles - 5486384",
    "barcode": "9415767019225",
    "shop": "coles",
    "category_id": "22164",
    "weight": "250ml",
    "prices": [
      {
        "state": "VIC",
        "price": "1040",
        "price_per_unit": "260",
        "price_unit": "ml"
      },
      {
        "state": "WA",
        "price": "1040",
        "price_per_unit": "260",
        "price_unit": "ml"
      },
      {
        "state": "SA",
        "price": "1040",
        "price_per_unit": "260",
        "price_unit": "ml"
      },
      {
        "state": "ACT",
        "price": "1040",
        "price_per_unit": "260",
        "price_unit": "ml"
      },
      {
        "state": "NT",
        "price": "1040",
        "price_per_unit": "260",
        "price_unit": "ml"
      }
    ]
  },
  {
    "source_url": "https://www.woolworths.com.au/shop/productdetails/228006/v-energy-refresh-pineapple-watermelon-zero-sugar-can",
    "name": "V Energy Refresh Pineapple & Watermelon Zero Sugar Can 250ml",
    "image_url": "https://cdn1.woolworths.media/content/wowproductimages/large/228006.jpg",
    "source_id": "Woolworths - 228006",
    "barcode": "9415767019225",
    "shop": "Woolworths",
    "category_id": "22164",
    "weight": "1L",
    "prices": [
      {
        "state": "NSW",
        "price": "260",
        "price_per_unit": "1040",
        "price_unit": "L"
      },
      {
        "state": "VIC",
        "price": "260",
        "price_per_unit": "1040",
        "price_unit": "L"
      },
      {
        "state": "QLD",
        "price": "260",
        "price_per_unit": "1040",
        "price_unit": "L"
      },
      {
        "state": "WA",
        "price": "260",
        "price_per_unit": "1040",
        "price_unit": "L"
      },
      {
        "state": "SA",
        "price": "260",
        "price_per_unit": "1040",
        "price_unit": "L"
      },
      {
        "state": "TAS",
        "price": "245",
        "price_per_unit": "980",
        "price_unit": "L"
      },
      {
        "state": "ACT",
        "price": "260",
        "price_per_unit": "1040",
        "price_unit": "L"
      },
      {
        "state": "NT",
        "price": "260",
        "price_per_unit": "1040",
        "price_unit": "L"
      }
    ]
  },
  {
    "source_url": "https://www.coles.com.au/product/v-energy-refresh-drink-pineapple-watermelon-4x250ml-4-pack-5486362",
    "name": "V Energy Refresh Drink Pineapple Watermelon 4x250mL | 4 pack",
    "image_url": "https://www.coles.com.au/_next/image?url=https%3A%2F%2Fproductimages.coles.com.au%2Fproductimages%2F5%2F5486362.jpg&w=640&q=90",
    "source_id": "Coles - 5486362",
    "barcode": "9415767019065",
    "shop": "coles",
    "category_id": "22164",
    "weight": "4pack",
    "prices": [
      {
        "state": "VIC",
        "price": "850",
        "price_per_unit": "850",
        "price_unit": "pack"
      },
      {
        "state": "NSW",
        "price": "850",
        "price_per_unit": "850",
        "price_unit": "pack"
      },
      {
        "state": "QLD",
        "price": "850",
        "price_per_unit": "850",
        "price_unit": "pack"
      },
      {
        "state": "WA",
        "price": "850",
        "price_per_unit": "850",
        "price_unit": "pack"
      },
      {
        "state": "SA",
        "price": "850",
        "price_per_unit": "850",
        "price_unit": "pack"
      },
      {
        "state": "TAS",
        "price": "795",
        "price_per_unit": "795",
        "price_unit": "pack"
      },
      {
        "state": "ACT",
        "price": "850",
        "price_per_unit": "850",
        "price_unit": "pack"
      },
      {
        "state": "NT",
        "price": "885",
        "price_per_unit": "885",
        "price_unit": "pack"
      }
    ]
  },
  {
    "source_url": "https://www.woolworths.com.au/shop/productdetails/227590/v-energy-refresh-pineapple-watermelon-zero-sugar-cans",
    "name": "V Energy Refresh Pineapple & Watermelon Zero Sugar Cans 250ml x4 Pack",
    "image_url": "https://cdn1.woolworths.media/content/wowproductimages/large/227590.jpg",
    "source_id": "Woolworths - 227590",
    "barcode": "9415767019065",
    "shop": "Woolworths",
    "category_id": "22164",
    "weight": "1L",
    "prices": [
      {
        "state": "NSW",
        "price": "1100",
        "price_per_unit": "1100",
        "price_unit": "L"
      },
      {
        "state": "VIC",
        "price": "1100",
        "price_per_unit": "1100",
        "price_unit": "L"
      },
      {
        "state": "QLD",
        "price": "1100",
        "price_per_unit": "1100",
        "price_unit": "L"
      },
      {
        "state": "WA",
        "price": "1100",
        "price_per_unit": "1100",
        "price_unit": "L"
      },
      {
        "state": "SA",
        "price": "1100",
        "price_per_unit": "1100",
        "price_unit": "L"
      },
      {
        "state": "TAS",
        "price": "1045",
        "price_per_unit": "1045",
        "price_unit": "L"
      },
      {
        "state": "ACT",
        "price": "1100",
        "price_per_unit": "1100",
        "price_unit": "L"
      },
      {
        "state": "NT",
        "price": "1100",
        "price_per_unit": "1100",
        "price_unit": "L"
      }
    ]
  },
  {
    "source_url": "https://www.coles.com.au/product/v-sugar-free-energy-drink-4x250ml-4-pack-5020242",
    "name": "V Sugar Free Energy Drink 4x250mL | 4 pack",
    "image_url": "https://www.coles.com.au/_next/image?url=https%3A%2F%2Fproductimages.coles.com.au%2Fproductimages%2F5%2F5020242.jpg&w=640&q=90",
    "source_id": "Coles - 5020242",
    "barcode": "9415767676688",
    "shop": "coles",
    "category_id": "22164",
    "weight": "4pack",
    "prices": [
      {
        "state": "VIC",
        "price": "850",
        "price_per_unit": "850",
        "price_unit": "pack"
      },
      {
        "state": "NSW",
        "price": "850",
        "price_per_unit": "850",
        "price_unit": "pack"
      },
      {
        "state": "QLD",
        "price": "850",
        "price_per_unit": "850",
        "price_unit": "pack"
      },
      {
        "state": "WA",
        "price": "850",
        "price_per_unit": "850",
        "price_unit": "pack"
      },
      {
        "state": "SA",
        "price": "850",
        "price_per_unit": "850",
        "price_unit": "pack"
      },
      {
        "state": "TAS",
        "price": "795",
        "price_per_unit": "795",
        "price_unit": "pack"
      },
      {
        "state": "ACT",
        "price": "850",
        "price_per_unit": "850",
        "price_unit": "pack"
      },
      {
        "state": "NT",
        "price": "885",
        "price_per_unit": "885",
        "price_unit": "pack"
      }
    ]
  },
  {
    "source_url": "https://www.woolworths.com.au/shop/productdetails/264490/v-energy-sugar-free",
    "name": "V Energy Sugar Free 250mlx 4",
    "image_url": "https://cdn1.woolworths.media/content/wowproductimages/large/264490.jpg",
    "source_id": "Woolworths - 264490",
    "barcode": "9415767676688",
    "shop": "Woolworths",
    "category_id": "22164",
    "weight": "1L",
    "prices": [
      {
        "state": "NSW",
        "price": "1100",
        "price_per_unit": "1100",
        "price_unit": "L"
      },
      {
        "state": "VIC",
        "price": "1100",
        "price_per_unit": "1100",
        "price_unit": "L"
      },
      {
        "state": "QLD",
        "price": "1100",
        "price_per_unit": "1100",
        "price_unit": "L"
      },
      {
        "state": "WA",
        "price": "1100",
        "price_per_unit": "1100",
        "price_unit": "L"
      },
      {
        "state": "SA",
        "price": "1100",
        "price_per_unit": "1100",
        "price_unit": "L"
      },
      {
        "state": "TAS",
        "price": "1045",
        "price_per_unit": "1045",
        "price_unit": "L"
      },
      {
        "state": "ACT",
        "price": "1100",
        "price_per_unit": "1100",
        "price_unit": "L"
      },
      {
        "state": "NT",
        "price": "1100",
        "price_per_unit": "1100",
        "price_unit": "L"
      }
    ]
  },
  {
    "source_url": "https://www.coles.com.au/product/v-original-energy-drink-4x250ml-4-pack-8737163",
    "name": "V Original Energy Drink 4x250mL | 4 pack",
    "image_url": "https://www.coles.com.au/_next/image?url=https%3A%2F%2Fproductimages.coles.com.au%2Fproductimages%2F8%2F8737163.jpg&w=640&q=90",
    "source_id": "Coles - 8737163",
    "barcode": "9415767677685",
    "shop": "coles",
    "category_id": "22164",
    "weight": "4pack",
    "prices": [
      {
        "state": "VIC",
        "price": "850",
        "price_per_unit": "850",
        "price_unit": "pack"
      },
      {
        "state": "NSW",
        "price": "850",
        "price_per_unit": "850",
        "price_unit": "pack"
      },
      {
        "state": "QLD",
        "price": "850",
        "price_per_unit": "850",
        "price_unit": "pack"
      },
      {
        "state": "WA",
        "price": "850",
        "price_per_unit": "850",
        "price_unit": "pack"
      },
      {
        "state": "SA",
        "price": "850",
        "price_per_unit": "850",
        "price_unit": "pack"
      },
      {
        "state": "TAS",
        "price": "795",
        "price_per_unit": "795",
        "price_unit": "pack"
      },
      {
        "state": "ACT",
        "price": "850",
        "price_per_unit": "850",
        "price_unit": "pack"
      },
      {
        "state": "NT",
        "price": "885",
        "price_per_unit": "885",
        "price_unit": "pack"
      }
    ]
  },
  {
    "source_url": "https://www.woolworths.com.au/shop/productdetails/132815/v-original-guarana-energy-drink",
    "name": "V Original Guarana Energy Drink",
    "image_url": "https://cdn1.woolworths.media/content/wowproductimages/large/132815.jpg",
    "source_id": "Woolworths - 132815",
    "barcode": "9415767677685",
    "shop": "Woolworths",
    "category_id": "22164",
    "weight": "1L",
    "prices": [
      {
        "state": "NSW",
        "price": "1100",
        "price_per_unit": "1100",
        "price_unit": "L"
      },
      {
        "state": "VIC",
        "price": "1100",
        "price_per_unit": "1100",
        "price_unit": "L"
      },
      {
        "state": "QLD",
        "price": "1100",
        "price_per_unit": "1100",
        "price_unit": "L"
      },
      {
        "state": "WA",
        "price": "1100",
        "price_per_unit": "1100",
        "price_unit": "L"
      },
      {
        "state": "SA",
        "price": "1100",
        "price_per_unit": "1100",
        "price_unit": "L"
      },
      {
        "state": "TAS",
        "price": "1045",
        "price_per_unit": "1045",
        "price_unit": "L"
      },
      {
        "state": "ACT",
        "price": "1100",
        "price_per_unit": "1100",
        "price_unit": "L"
      },
      {
        "state": "NT",
        "price": "1100",
        "price_per_unit": "1100",
        "price_unit": "L"
      }
    ]
  },
  {
    "source_url": "https://www.coles.com.au/product/red-bull-energy-drink-can-473ml-7255622",
    "name": "Red Bull Energy Drink Can | 473mL",
    "image_url": "https://www.coles.com.au/_next/image?url=https%3A%2F%2Fproductimages.coles.com.au%2Fproductimages%2F7%2F7255622.jpg&w=640&q=90",
    "source_id": "Coles - 7255622",
    "barcode": "9002490243319",
    "shop": "coles",
    "category_id": "22164",
    "weight": "473ml",
    "prices": [
      {
        "state": "VIC",
        "price": "1078",
        "price_per_unit": "510",
        "price_unit": "ml"
      },
      {
        "state": "NSW",
        "price": "1078",
        "price_per_unit": "510",
        "price_unit": "ml"
      },
      {
        "state": "QLD",
        "price": "1078",
        "price_per_unit": "510",
        "price_unit": "ml"
      },
      {
        "state": "WA",
        "price": "1078",
        "price_per_unit": "510",
        "price_unit": "ml"
      },
      {
        "state": "SA",
        "price": "1078",
        "price_per_unit": "510",
        "price_unit": "ml"
      },
      {
        "state": "TAS",
        "price": "1036",
        "price_per_unit": "490",
        "price_unit": "ml"
      },
      {
        "state": "ACT",
        "price": "1078",
        "price_per_unit": "510",
        "price_unit": "ml"
      },
      {
        "state": "NT",
        "price": "1078",
        "price_per_unit": "510",
        "price_unit": "ml"
      }
    ]
  },
  {
    "source_url": "https://www.woolworths.com.au/shop/productdetails/327603/red-bull-energy-drink",
    "name": "Red Bull Energy Drink 473ml",
    "image_url": "https://cdn1.woolworths.media/content/wowproductimages/large/327603.jpg",
    "source_id": "Woolworths - 327603",
    "barcode": "9002490243319",
    "shop": "Woolworths",
    "category_id": "22164",
    "weight": "1L",
    "prices": [
      {
        "state": "VIC",
        "price": "510",
        "price_per_unit": "1078",
        "price_unit": "L"
      },
      {
        "state": "WA",
        "price": "510",
        "price_per_unit": "1078",
        "price_unit": "L"
      },
      {
        "state": "SA",
        "price": "510",
        "price_per_unit": "1078",
        "price_unit": "L"
      },
      {
        "state": "TAS",
        "price": "490",
        "price_per_unit": "1036",
        "price_unit": "L"
      },
      {
        "state": "ACT",
        "price": "510",
        "price_per_unit": "1078",
        "price_unit": "L"
      },
      {
        "state": "NT",
        "price": "510",
        "price_per_unit": "1078",
        "price_unit": "L"
      }
    ]
  },
  {
    "source_url": "https://www.coles.com.au/product/red-bull-energy-drink-original-4x473ml-4-pack-3192495",
    "name": "Red Bull Energy Drink Original 4x473ml | 4 pack",
    "image_url": "https://www.coles.com.au/_next/image?url=https%3A%2F%2Fproductimages.coles.com.au%2Fproductimages%2F3%2F3192495.jpg&w=640&q=90",
    "source_id": "Coles - 3192495",
    "barcode": "9002490238438",
    "shop": "coles",
    "category_id": "22164",
    "weight": "4pack",
    "prices": [
      {
        "state": "VIC",
        "price": "761",
        "price_per_unit": "1440",
        "price_unit": "pack"
      },
      {
        "state": "NSW",
        "price": "761",
        "price_per_unit": "1440",
        "price_unit": "pack"
      },
      {
        "state": "QLD",
        "price": "761",
        "price_per_unit": "1440",
        "price_unit": "pack"
      },
      {
        "state": "WA",
        "price": "761",
        "price_per_unit": "1440",
        "price_unit": "pack"
      },
      {
        "state": "SA",
        "price": "761",
        "price_per_unit": "1440",
        "price_unit": "pack"
      },
      {
        "state": "TAS",
        "price": "737",
        "price_per_unit": "1395",
        "price_unit": "pack"
      },
      {
        "state": "ACT",
        "price": "761",
        "price_per_unit": "1440",
        "price_unit": "pack"
      },
      {
        "state": "NT",
        "price": "798",
        "price_per_unit": "1510",
        "price_unit": "pack"
      }
    ]
  },
  {
    "source_url": "https://www.woolworths.com.au/shop/productdetails/679135/red-bull-energy-drink",
    "name": "Red Bull Energy Drink 473ml x4 Pack",
    "image_url": "https://cdn1.woolworths.media/content/wowproductimages/large/679135.jpg",
    "source_id": "Woolworths - 679135",
    "barcode": "9002490238438",
    "shop": "Woolworths",
    "category_id": "22164",
    "weight": "1L",
    "prices": [
      {
        "state": "VIC",
        "price": "1800",
        "price_per_unit": "951",
        "price_unit": "L"
      },
      {
        "state": "QLD",
        "price": "1800",
        "price_per_unit": "951",
        "price_unit": "L"
      },
      {
        "state": "WA",
        "price": "1800",
        "price_per_unit": "951",
        "price_unit": "L"
      },
      {
        "state": "SA",
        "price": "1800",
        "price_per_unit": "951",
        "price_unit": "L"
      },
      {
        "state": "TAS",
        "price": "1745",
        "price_per_unit": "922",
        "price_unit": "L"
      },
      {
        "state": "ACT",
        "price": "1800",
        "price_per_unit": "951",
        "price_unit": "L"
      },
      {
        "state": "NT",
        "price": "1890",
        "price_per_unit": "999",
        "price_unit": "L"
      }
    ]
  },
  {
    "source_url": "https://www.coles.com.au/product/red-bull-energy-drink-250ml-12-pack-4942488",
    "name": "Red Bull Energy Drink 250mL | 12 pack",
    "image_url": "https://www.coles.com.au/_next/image?url=https%3A%2F%2Fproductimages.coles.com.au%2Fproductimages%2F4%2F4942488.jpg&w=640&q=90",
    "source_id": "Coles - 4942488",
    "barcode": "9002490254476",
    "shop": "coles",
    "category_id": "22164",
    "weight": "12pack",
    "prices": [
      {
        "state": "VIC",
        "price": "800",
        "price_per_unit": "2400",
        "price_unit": "pack"
      },
      {
        "state": "NSW",
        "price": "800",
        "price_per_unit": "2400",
        "price_unit": "pack"
      },
      {
        "state": "QLD",
        "price": "800",
        "price_per_unit": "2400",
        "price_unit": "pack"
      },
      {
        "state": "WA",
        "price": "800",
        "price_per_unit": "2400",
        "price_unit": "pack"
      },
      {
        "state": "SA",
        "price": "800",
        "price_per_unit": "2400",
        "price_unit": "pack"
      },
      {
        "state": "TAS",
        "price": "750",
        "price_per_unit": "2250",
        "price_unit": "pack"
      },
      {
        "state": "ACT",
        "price": "800",
        "price_per_unit": "2400",
        "price_unit": "pack"
      },
      {
        "state": "NT",
        "price": "800",
        "price_per_unit": "2400",
        "price_unit": "pack"
      }
    ]
  },
  {
    "source_url": "https://www.woolworths.com.au/shop/productdetails/223875/red-bull-energy-drink-cans",
    "name": "Red Bull Energy Drink Cans 12 x250ml",
    "image_url": "https://cdn1.woolworths.media/content/wowproductimages/large/223875.jpg",
    "source_id": "Woolworths - 223875",
    "barcode": "9002490254476",
    "shop": "Woolworths",
    "category_id": "22164",
    "weight": "1L",
    "prices": [
      {
        "state": "VIC",
        "price": "2400",
        "price_per_unit": "800",
        "price_unit": "L"
      },
      {
        "state": "QLD",
        "price": "2400",
        "price_per_unit": "800",
        "price_unit": "L"
      },
      {
        "state": "SA",
        "price": "2400",
        "price_per_unit": "800",
        "price_unit": "L"
      },
      {
        "state": "ACT",
        "price": "2400",
        "price_per_unit": "800",
        "price_unit": "L"
      },
      {
        "state": "NT",
        "price": "2400",
        "price_per_unit": "800",
        "price_unit": "L"
      }
    ]
  },
  {
    "source_url": "https://www.coles.com.au/product/red-bull-energy-drink-sugar-free-12x250ml-12-pack-7172321",
    "name": "Red Bull Energy Drink Sugar Free 12x250mL | 12 pack",
    "image_url": "https://www.coles.com.au/_next/image?url=https%3A%2F%2Fproductimages.coles.com.au%2Fproductimages%2F7%2F7172321.jpg&w=640&q=90",
    "source_id": "Coles - 7172321",
    "barcode": "9002490260972",
    "shop": "coles",
    "category_id": "22164",
    "weight": "12pack",
    "prices": [
      {
        "state": "VIC",
        "price": "800",
        "price_per_unit": "2400",
        "price_unit": "pack"
      },
      {
        "state": "WA",
        "price": "800",
        "price_per_unit": "2400",
        "price_unit": "pack"
      },
      {
        "state": "SA",
        "price": "800",
        "price_per_unit": "2400",
        "price_unit": "pack"
      },
      {
        "state": "ACT",
        "price": "800",
        "price_per_unit": "2400",
        "price_unit": "pack"
      },
      {
        "state": "NT",
        "price": "800",
        "price_per_unit": "2400",
        "price_unit": "pack"
      }
    ]
  },
  {
    "source_url": "https://www.woolworths.com.au/shop/productdetails/953142/red-bull-energy-drink-sugar-free-cans",
    "name": "Red Bull Energy Drink Sugar Free Cans 250mL x 12 pack",
    "image_url": "https://cdn1.woolworths.media/content/wowproductimages/large/953142.jpg",
    "source_id": "Woolworths - 953142",
    "barcode": "9002490260972",
    "shop": "Woolworths",
    "category_id": "22164",
    "weight": "1L",
    "prices": [
      {
        "state": "VIC",
        "price": "2400",
        "price_per_unit": "800",
        "price_unit": "L"
      },
      {
        "state": "SA",
        "price": "2400",
        "price_per_unit": "800",
        "price_unit": "L"
      },
      {
        "state": "ACT",
        "price": "2400",
        "price_per_unit": "800",
        "price_unit": "L"
      },
      {
        "state": "NT",
        "price": "2400",
        "price_per_unit": "800",
        "price_unit": "L"
      }
    ]
  },
  {
    "source_url": "https://www.coles.com.au/product/red-bull-sugar-free-energy-drink-8x250ml-8-pack-3324177",
    "name": "Red Bull Sugar Free Energy Drink 8x250mL | 8 pack",
    "image_url": "https://www.coles.com.au/_next/image?url=https%3A%2F%2Fproductimages.coles.com.au%2Fproductimages%2F3%2F3324177.jpg&w=640&q=90",
    "source_id": "Coles - 3324177",
    "barcode": "9002490242251",
    "shop": "coles",
    "category_id": "22164",
    "weight": "8pack",
    "prices": [
      {
        "state": "VIC",
        "price": "1050",
        "price_per_unit": "2100",
        "price_unit": "pack"
      },
      {
        "state": "NSW",
        "price": "1050",
        "price_per_unit": "2100",
        "price_unit": "pack"
      },
      {
        "state": "QLD",
        "price": "1050",
        "price_per_unit": "2100",
        "price_unit": "pack"
      },
      {
        "state": "WA",
        "price": "1050",
        "price_per_unit": "2100",
        "price_unit": "pack"
      },
      {
        "state": "SA",
        "price": "1050",
        "price_per_unit": "2100",
        "price_unit": "pack"
      },
      {
        "state": "TAS",
        "price": "950",
        "price_per_unit": "1900",
        "price_unit": "pack"
      },
      {
        "state": "ACT",
        "price": "1050",
        "price_per_unit": "2100",
        "price_unit": "pack"
      },
      {
        "state": "NT",
        "price": "1103",
        "price_per_unit": "2205",
        "price_unit": "pack"
      }
    ]
  },
  {
    "source_url": "https://www.woolworths.com.au/shop/productdetails/220969/red-bull-energy-drink-sugar-free-cans",
    "name": "Red Bull Energy Drink Sugar Free Cans 8 x250ml",
    "image_url": "https://cdn1.woolworths.media/content/wowproductimages/large/220969.jpg",
    "source_id": "Woolworths - 220969",
    "barcode": "9002490242251",
    "shop": "Woolworths",
    "category_id": "22164",
    "weight": "1L",
    "prices": [
      {
        "state": "VIC",
        "price": "1470",
        "price_per_unit": "735",
        "price_unit": "L"
      },
      {
        "state": "QLD",
        "price": "1470",
        "price_per_unit": "735",
        "price_unit": "L"
      },
      {
        "state": "WA",
        "price": "1470",
        "price_per_unit": "735",
        "price_unit": "L"
      },
      {
        "state": "SA",
        "price": "1470",
        "price_per_unit": "735",
        "price_unit": "L"
      },
      {
        "state": "TAS",
        "price": "1330",
        "price_per_unit": "665",
        "price_unit": "L"
      },
      {
        "state": "ACT",
        "price": "1470",
        "price_per_unit": "735",
        "price_unit": "L"
      },
      {
        "state": "NT",
        "price": "1470",
        "price_per_unit": "735",
        "price_unit": "L"
      }
    ]
  },
  {
    "source_url": "https://www.coles.com.au/product/red-bull-energy-drink-zero-4x250ml-4-pack-1492443",
    "name": "Red Bull Energy Drink Zero 4x250mL | 4 pack",
    "image_url": "https://www.coles.com.au/_next/image?url=https%3A%2F%2Fproductimages.coles.com.au%2Fproductimages%2F1%2F1492443.jpg&w=640&q=90",
    "source_id": "Coles - 1492443",
    "barcode": "9002490223649",
    "shop": "coles",
    "category_id": "22164",
    "weight": "4pack",
    "prices": [
      {
        "state": "VIC",
        "price": "720",
        "price_per_unit": "720",
        "price_unit": "pack"
      },
      {
        "state": "NSW",
        "price": "720",
        "price_per_unit": "720",
        "price_unit": "pack"
      },
      {
        "state": "QLD",
        "price": "720",
        "price_per_unit": "720",
        "price_unit": "pack"
      },
      {
        "state": "WA",
        "price": "720",
        "price_per_unit": "720",
        "price_unit": "pack"
      },
      {
        "state": "SA",
        "price": "720",
        "price_per_unit": "720",
        "price_unit": "pack"
      },
      {
        "state": "TAS",
        "price": "675",
        "price_per_unit": "675",
        "price_unit": "pack"
      },
      {
        "state": "ACT",
        "price": "720",
        "price_per_unit": "720",
        "price_unit": "pack"
      },
      {
        "state": "NT",
        "price": "750",
        "price_per_unit": "750",
        "price_unit": "pack"
      }
    ]
  },
  {
    "source_url": "https://www.woolworths.com.au/shop/productdetails/767252/red-bull-energy-drink-zero",
    "name": "Red Bull Energy Drink Zero 4x250ml",
    "image_url": "https://cdn1.woolworths.media/content/wowproductimages/large/767252.jpg",
    "source_id": "Woolworths - 767252",
    "barcode": "9002490223649",
    "shop": "Woolworths",
    "category_id": "22164",
    "weight": "1L",
    "prices": [
      {
        "state": "VIC",
        "price": "1185",
        "price_per_unit": "1185",
        "price_unit": "L"
      },
      {
        "state": "SA",
        "price": "1200",
        "price_per_unit": "1200",
        "price_unit": "L"
      },
      {
        "state": "ACT",
        "price": "1200",
        "price_per_unit": "1200",
        "price_unit": "L"
      },
      {
        "state": "NT",
        "price": "1200",
        "price_per_unit": "1200",
        "price_unit": "L"
      }
    ]
  }
]