[
  {
    "source_url": "https://www.coles.com.au/product/bean-ground-and-drunk-organic-classic-medium-roast-fairtrade-coffee-250g-3208290",
    "name": "Bean Ground & Drunk Organic Classic Medium Roast Fairtrade C ... 250g",
    "image_url": "https://www.coles.com.au/_next/image?url=https%3A%2F%2Fproductimages.coles.com.au%2Fproductimages%2F3%2F3208290.jpg&w=640&q=90",
    "barcode": "9311264001025",
    "shop": "coles",
    "category_id": "22164",
    "weight": "250g",
    "prices": [
      {
        "state": "VIC",
        "price": "336",
        "price_per_unit": "840",
        "price_unit": "g"
      },
      {
        "state": "NSW",
        "price": "336",
        "price_per_unit": "840",
        "price_unit": "g"
      },
      {
        "state": "QLD",
        "price": null,
        "price_per_unit": null,
        "price_unit": "g"
      },
      {
        "state": "WA",
        "price": "336",
        "price_per_unit": "840",
        "price_unit": "g"
      },
      {
        "state": "SA",
        "price": "336",
        "price_per_unit": "840",
        "price_unit": "g"
      },
      {
        "state": "ACT",
        "price": "336",
        "price_per_unit": "840",
        "price_unit": "g"
      },
      {
        "state": "NT",
        "price": "336",
        "price_per_unit": "840",
        "price_unit": "g"
      }
    ]
  },
  {
    "source_url": "https://www.woolworths.com.au/shop/productdetails/313808/bean-ground-drunk-ground-coffee-organic-fairtrade-classic-roast",
    "name": "Bean Ground & Drunk Ground Coffee Organic Fairtrade Classic Roast 250g",
    "image_url": "https://cdn1.woolworths.media/content/wowproductimages/large/313808.jpg",
    "barcode": "9311264001025",
    "shop": "Woolworths",
    "category_id": "22164",
    "weight": "100G",
    "prices": [
      {
        "state": "NSW",
        "price": "1050",
        "price_per_unit": "420",
        "price_unit": "G"
      },
      {
        "state": "VIC",
        "price": "1050",
        "price_per_unit": "420",
        "price_unit": "G"
      },
      {
        "state": "QLD",
        "price": "1050",
        "price_per_unit": "420",
        "price_unit": "G"
      },
      {
        "state": "SA",
        "price": "1050",
        "price_per_unit": "420",
        "price_unit": "G"
      },
      {
        "state": "TAS",
        "price": "1050",
        "price_per_unit": "420",
        "price_unit": "G"
      },
      {
        "state": "ACT",
        "price": "1050",
        "price_per_unit": "420",
        "price_unit": "G"
      }
    ]
  },
  {
    "source_url": "https://www.coles.com.au/product/bean-ground-and-drunk-organic-decaffeinated-medium-roast-fairtrade-coffee-250g-2007099",
    "name": "Bean Ground & Drunk Organic Decaffeinated Medium Roast Fai ... 250g",
    "image_url": "https://www.coles.com.au/_next/image?url=https%3A%2F%2Fproductimages.coles.com.au%2Fproductimages%2F2%2F2007099.jpg&w=640&q=90",
    "barcode": "9311264001070",
    "shop": "coles",
    "category_id": "22164",
    "weight": "250g",
    "prices": [
      {
        "state": "VIC",
        "price": "350",
        "price_per_unit": "875",
        "price_unit": "g"
      },
      {
        "state": "NSW",
        "price": "350",
        "price_per_unit": "875",
        "price_unit": "g"
      },
      {
        "state": "QLD",
        "price": "350",
        "price_per_unit": "875",
        "price_unit": "g"
      },
      {
        "state": "WA",
        "price": "350",
        "price_per_unit": "875",
        "price_unit": "g"
      },
      {
        "state": "SA",
        "price": "350",
        "price_per_unit": "875",
        "price_unit": "g"
      },
      {
        "state": "ACT",
        "price": "350",
        "price_per_unit": "875",
        "price_unit": "g"
      },
      {
        "state": "NT",
        "price": "350",
        "price_per_unit": "875",
        "price_unit": "g"
      }
    ]
  },
  {
    "source_url": "https://www.woolworths.com.au/shop/productdetails/313811/bean-ground-drunk-ground-coffee-organic-fairtrade-decaff",
    "name": "Bean Ground & Drunk Ground Coffee Organic Fairtrade Decaff 250g",
    "image_url": "https://cdn1.woolworths.media/content/wowproductimages/large/313811.jpg",
    "barcode": "9311264001070",
    "shop": "Woolworths",
    "category_id": "22164",
    "weight": "100G",
    "prices": [
      {
        "state": "NSW",
        "price": "1100",
        "price_per_unit": "440",
        "price_unit": "G"
      },
      {
        "state": "VIC",
        "price": "1100",
        "price_per_unit": "440",
        "price_unit": "G"
      },
      {
        "state": "QLD",
        "price": "1100",
        "price_per_unit": "440",
        "price_unit": "G"
      },
      {
        "state": "WA",
        "price": "1100",
        "price_per_unit": "440",
        "price_unit": "G"
      },
      {
        "state": "SA",
        "price": "1100",
        "price_per_unit": "440",
        "price_unit": "G"
      },
      {
        "state": "TAS",
        "price": "1100",
        "price_per_unit": "440",
        "price_unit": "G"
      },
      {
        "state": "ACT",
        "price": "1100",
        "price_per_unit": "440",
        "price_unit": "G"
      },
      {
        "state": "NT",
        "price": "1100",
        "price_per_unit": "440",
        "price_unit": "G"
      }
    ]
  },
  {
    "source_url": "https://www.coles.com.au/product/illy-classico-ground-coffee-250g-8097061",
    "name": "Illy Classico Ground Coffee | 250g",
    "image_url": "https://www.coles.com.au/_next/image?url=https%3A%2F%2Fproductimages.coles.com.au%2Fproductimages%2F8%2F8097061.jpg&w=640&q=90",
    "barcode": "8003753900438",
    "shop": "coles",
    "category_id": "22164",
    "weight": "250g",
    "prices": [
      {
        "state": "VIC",
        "price": "640",
        "price_per_unit": "1600",
        "price_unit": "g"
      },
      {
        "state": "NSW",
        "price": "640",
        "price_per_unit": "1600",
        "price_unit": "g"
      },
      {
        "state": "QLD",
        "price": "640",
        "price_per_unit": "1600",
        "price_unit": "g"
      },
      {
        "state": "WA",
        "price": "640",
        "price_per_unit": "1600",
        "price_unit": "g"
      },
      {
        "state": "SA",
        "price": "640",
        "price_per_unit": "1600",
        "price_unit": "g"
      },
      {
        "state": "TAS",
        "price": "640",
        "price_per_unit": "1600",
        "price_unit": "g"
      },
      {
        "state": "ACT",
        "price": "640",
        "price_per_unit": "1600",
        "price_unit": "g"
      },
      {
        "state": "NT",
        "price": "672",
        "price_per_unit": "1680",
        "price_unit": "g"
      }
    ]
  },
  {
    "source_url": "https://www.woolworths.com.au/shop/productdetails/188087/illy-ground-coffee-espresso",
    "name": "Illy Ground Coffee Espresso 250g",
    "image_url": "https://cdn1.woolworths.media/content/wowproductimages/large/188087.jpg",
    "barcode": "8003753900438",
    "shop": "Woolworths",
    "category_id": "22164",
    "weight": "100G",
    "prices": [
      {
        "state": "NSW",
        "price": "1600",
        "price_per_unit": "640",
        "price_unit": "G"
      },
      {
        "state": "VIC",
        "price": "1600",
        "price_per_unit": "640",
        "price_unit": "G"
      },
      {
        "state": "QLD",
        "price": "1600",
        "price_per_unit": "640",
        "price_unit": "G"
      },
      {
        "state": "WA",
        "price": "1600",
        "price_per_unit": "640",
        "price_unit": "G"
      },
      {
        "state": "SA",
        "price": "1600",
        "price_per_unit": "640",
        "price_unit": "G"
      },
      {
        "state": "TAS",
        "price": "1600",
        "price_per_unit": "640",
        "price_unit": "G"
      },
      {
        "state": "ACT",
        "price": "1600",
        "price_per_unit": "640",
        "price_unit": "G"
      },
      {
        "state": "NT",
        "price": "1600",
        "price_per_unit": "640",
        "price_unit": "G"
      }
    ]
  },
  {
    "source_url": "https://www.coles.com.au/product/lavazza-qualita-oro-ground-coffee-250g-3790635",
    "name": "Lavazza Qualita Oro Ground Coffee | 250g",
    "image_url": "https://www.coles.com.au/_next/image?url=https%3A%2F%2Fproductimages.coles.com.au%2Fproductimages%2F3%2F3790635.jpg&w=640&q=90",
    "barcode": "8000070012783",
    "shop": "coles",
    "category_id": "22164",
    "weight": "250g",
    "prices": [
      {
        "state": "VIC",
        "price": "520",
        "price_per_unit": "1300",
        "price_unit": "g"
      },
      {
        "state": "NSW",
        "price": "520",
        "price_per_unit": "1300",
        "price_unit": "g"
      },
      {
        "state": "QLD",
        "price": "520",
        "price_per_unit": "1300",
        "price_unit": "g"
      },
      {
        "state": "WA",
        "price": "520",
        "price_per_unit": "1300",
        "price_unit": "g"
      },
      {
        "state": "SA",
        "price": "520",
        "price_per_unit": "1300",
        "price_unit": "g"
      },
      {
        "state": "ACT",
        "price": "520",
        "price_per_unit": "1300",
        "price_unit": "g"
      },
      {
        "state": "NT",
        "price": "546",
        "price_per_unit": "1365",
        "price_unit": "g"
      }
    ]
  },
  {
    "source_url": "https://www.woolworths.com.au/shop/productdetails/95682/lavazza-qualita-oro-ground-coffee",
    "name": "Lavazza Qualita Oro Ground Coffee 250g",
    "image_url": "https://cdn1.woolworths.media/content/wowproductimages/large/095682.jpg",
    "barcode": "8000070012783",
    "shop": "Woolworths",
    "category_id": "22164",
    "weight": "100G",
    "prices": [
      {
        "state": "NSW",
        "price": "1300",
        "price_per_unit": "520",
        "price_unit": "G"
      },
      {
        "state": "VIC",
        "price": "1300",
        "price_per_unit": "520",
        "price_unit": "G"
      },
      {
        "state": "QLD",
        "price": "1300",
        "price_per_unit": "520",
        "price_unit": "G"
      },
      {
        "state": "WA",
        "price": "1300",
        "price_per_unit": "520",
        "price_unit": "G"
      },
      {
        "state": "SA",
        "price": "1300",
        "price_per_unit": "520",
        "price_unit": "G"
      },
      {
        "state": "TAS",
        "price": "1300",
        "price_per_unit": "520",
        "price_unit": "G"
      },
      {
        "state": "ACT",
        "price": "1300",
        "price_per_unit": "520",
        "price_unit": "G"
      },
      {
        "state": "NT",
        "price": "1300",
        "price_per_unit": "520",
        "price_unit": "G"
      }
    ]
  },
  {
    "source_url": "https://www.coles.com.au/product/oasis-greek-style-coffee-200g-204328",
    "name": "Oasis Greek Style Coffee | 200g",
    "image_url": "https://www.coles.com.au/_next/image?url=https%3A%2F%2Fproductimages.coles.com.au%2Fproductimages%2F2%2F204328.jpg&w=640&q=90",
    "barcode": "9310326105015",
    "shop": "coles",
    "category_id": "22164",
    "weight": "200g",
    "prices": [
      {
        "state": "VIC",
        "price": "285",
        "price_per_unit": "570",
        "price_unit": "g"
      },
      {
        "state": "NSW",
        "price": "285",
        "price_per_unit": "570",
        "price_unit": "g"
      },
      {
        "state": "QLD",
        "price": "285",
        "price_per_unit": "570",
        "price_unit": "g"
      },
      {
        "state": "WA",
        "price": "285",
        "price_per_unit": "570",
        "price_unit": "g"
      },
      {
        "state": "SA",
        "price": "285",
        "price_per_unit": "570",
        "price_unit": "g"
      },
      {
        "state": "ACT",
        "price": "285",
        "price_per_unit": "570",
        "price_unit": "g"
      },
      {
        "state": "NT",
        "price": "300",
        "price_per_unit": "599",
        "price_unit": "g"
      }
    ]
  },
  {
    "source_url": "https://www.woolworths.com.au/shop/productdetails/29734/oasis-ground-coffee-greek-style",
    "name": "Oasis Ground Coffee Greek Style 200g",
    "image_url": "https://cdn1.woolworths.media/content/wowproductimages/large/029734.jpg",
    "barcode": "9310326105015",
    "shop": "Woolworths",
    "category_id": "22164",
    "weight": "100G",
    "prices": [
      {
        "state": "NSW",
        "price": "570",
        "price_per_unit": "285",
        "price_unit": "G"
      },
      {
        "state": "VIC",
        "price": "570",
        "price_per_unit": "285",
        "price_unit": "G"
      },
      {
        "state": "QLD",
        "price": "570",
        "price_per_unit": "285",
        "price_unit": "G"
      },
      {
        "state": "WA",
        "price": "570",
        "price_per_unit": "285",
        "price_unit": "G"
      },
      {
        "state": "SA",
        "price": "570",
        "price_per_unit": "285",
        "price_unit": "G"
      },
      {
        "state": "TAS",
        "price": "570",
        "price_per_unit": "285",
        "price_unit": "G"
      },
      {
        "state": "ACT",
        "price": "570",
        "price_per_unit": "285",
        "price_unit": "G"
      },
      {
        "state": "NT",
        "price": "570",
        "price_per_unit": "285",
        "price_unit": "G"
      }
    ]
  },
  {
    "source_url": "https://www.coles.com.au/product/vittoria-espresso-decaffeinated-ground-coffee-200g-91549",
    "name": "Vittoria Espresso Decaffeinated Ground Coffee | 200g",
    "image_url": "https://www.coles.com.au/_next/image?url=https%3A%2F%2Fproductimages.coles.com.au%2Fproductimages%2F9%2F91549.jpg&w=640&q=90",
    "barcode": "9310631000975",
    "shop": "coles",
    "category_id": "22164",
    "weight": "200g",
    "prices": [
      {
        "state": "VIC",
        "price": "575",
        "price_per_unit": "1150",
        "price_unit": "g"
      },
      {
        "state": "NSW",
        "price": "575",
        "price_per_unit": "1150",
        "price_unit": "g"
      },
      {
        "state": "QLD",
        "price": "575",
        "price_per_unit": "1150",
        "price_unit": "g"
      },
      {
        "state": "WA",
        "price": "575",
        "price_per_unit": "1150",
        "price_unit": "g"
      },
      {
        "state": "SA",
        "price": "575",
        "price_per_unit": "1150",
        "price_unit": "g"
      },
      {
        "state": "ACT",
        "price": "575",
        "price_per_unit": "1150",
        "price_unit": "g"
      },
      {
        "state": "NT",
        "price": "575",
        "price_per_unit": "1150",
        "price_unit": "g"
      }
    ]
  },
  {
    "source_url": "https://www.woolworths.com.au/shop/productdetails/16485/vittoria-decaffeinated-ground-coffee-espresso",
    "name": "Vittoria Decaffeinated Ground Coffee Espresso 200g",
    "image_url": "https://cdn1.woolworths.media/content/wowproductimages/large/016485.jpg",
    "barcode": "9310631000975",
    "shop": "Woolworths",
    "category_id": "22164",
    "weight": "100G",
    "prices": [
      {
        "state": "NSW",
        "price": "1350",
        "price_per_unit": "675",
        "price_unit": "G"
      },
      {
        "state": "VIC",
        "price": "1350",
        "price_per_unit": "675",
        "price_unit": "G"
      },
      {
        "state": "QLD",
        "price": "1350",
        "price_per_unit": "675",
        "price_unit": "G"
      },
      {
        "state": "WA",
        "price": "1350",
        "price_per_unit": "675",
        "price_unit": "G"
      },
      {
        "state": "SA",
        "price": "1350",
        "price_per_unit": "675",
        "price_unit": "G"
      },
      {
        "state": "TAS",
        "price": "1350",
        "price_per_unit": "675",
        "price_unit": "G"
      },
      {
        "state": "ACT",
        "price": "1350",
        "price_per_unit": "675",
        "price_unit": "G"
      },
      {
        "state": "NT",
        "price": "1350",
        "price_per_unit": "675",
        "price_unit": "G"
      }
    ]
  },
  {
    "source_url": "https://www.coles.com.au/product/vittoria-espresso-ground-coffee-200g-397447",
    "name": "Vittoria Espresso Ground Coffee | 200g",
    "image_url": "https://www.coles.com.au/_next/image?url=https%3A%2F%2Fproductimages.coles.com.au%2Fproductimages%2F3%2F397447.jpg&w=640&q=90",
    "barcode": "9310631000784",
    "shop": "coles",
    "category_id": "22164",
    "weight": "200g",
    "prices": [
      {
        "state": "VIC",
        "price": "550",
        "price_per_unit": "1100",
        "price_unit": "g"
      },
      {
        "state": "NSW",
        "price": "550",
        "price_per_unit": "1100",
        "price_unit": "g"
      },
      {
        "state": "QLD",
        "price": "550",
        "price_per_unit": "1100",
        "price_unit": "g"
      },
      {
        "state": "WA",
        "price": "550",
        "price_per_unit": "1100",
        "price_unit": "g"
      },
      {
        "state": "SA",
        "price": "550",
        "price_per_unit": "1100",
        "price_unit": "g"
      },
      {
        "state": "TAS",
        "price": "550",
        "price_per_unit": "1100",
        "price_unit": "g"
      },
      {
        "state": "ACT",
        "price": "550",
        "price_per_unit": "1100",
        "price_unit": "g"
      },
      {
        "state": "NT",
        "price": "578",
        "price_per_unit": "1155",
        "price_unit": "g"
      }
    ]
  },
  {
    "source_url": "https://www.woolworths.com.au/shop/productdetails/37831/vittoria-espresso-ground-coffee",
    "name": "Vittoria Espresso Ground Coffee 200g",
    "image_url": "https://cdn1.woolworths.media/content/wowproductimages/large/037831.jpg",
    "barcode": "9310631000784",
    "shop": "Woolworths",
    "category_id": "22164",
    "weight": "100G",
    "prices": [
      {
        "state": "NSW",
        "price": "1100",
        "price_per_unit": "550",
        "price_unit": "G"
      },
      {
        "state": "VIC",
        "price": "1100",
        "price_per_unit": "550",
        "price_unit": "G"
      },
      {
        "state": "QLD",
        "price": "1100",
        "price_per_unit": "550",
        "price_unit": "G"
      },
      {
        "state": "WA",
        "price": "1100",
        "price_per_unit": "550",
        "price_unit": "G"
      },
      {
        "state": "SA",
        "price": "1100",
        "price_per_unit": "550",
        "price_unit": "G"
      },
      {
        "state": "TAS",
        "price": "1100",
        "price_per_unit": "550",
        "price_unit": "G"
      },
      {
        "state": "ACT",
        "price": "1100",
        "price_per_unit": "550",
        "price_unit": "G"
      },
      {
        "state": "NT",
        "price": "1100",
        "price_per_unit": "550",
        "price_unit": "G"
      }
    ]
  },
  {
    "source_url": "https://www.coles.com.au/product/vittoria-coffee-ground-special-italian-blend-1kg-91538",
    "name": "Vittoria Coffee Ground Special Italian Blend | 1kg",
    "image_url": "https://www.coles.com.au/_next/image?url=https%3A%2F%2Fproductimages.coles.com.au%2Fproductimages%2F9%2F91538.jpg&w=640&q=90",
    "barcode": "9310631000760",
    "shop": "coles",
    "category_id": "22164",
    "weight": "1kg",
    "prices": [
      {
        "state": "VIC",
        "price": "240",
        "price_per_unit": "2400",
        "price_unit": "kg"
      },
      {
        "state": "WA",
        "price": "240",
        "price_per_unit": "2400",
        "price_unit": "kg"
      },
      {
        "state": "SA",
        "price": "240",
        "price_per_unit": "2400",
        "price_unit": "kg"
      },
      {
        "state": "ACT",
        "price": "240",
        "price_per_unit": "2400",
        "price_unit": "kg"
      },
      {
        "state": "NT",
        "price": "252",
        "price_per_unit": "2520",
        "price_unit": "kg"
      }
    ]
  },
  {
    "source_url": "https://www.woolworths.com.au/shop/productdetails/2108/vittoria-ground-coffee-italian-blend",
    "name": "Vittoria Ground Coffee Italian Blend 1kg",
    "image_url": "https://cdn1.woolworths.media/content/wowproductimages/large/002108.jpg",
    "barcode": "9310631000760",
    "shop": "Woolworths",
    "category_id": "22164",
    "weight": "100G",
    "prices": [
      {
        "state": "NSW",
        "price": "2400",
        "price_per_unit": "240",
        "price_unit": "G"
      },
      {
        "state": "VIC",
        "price": "2400",
        "price_per_unit": "240",
        "price_unit": "G"
      },
      {
        "state": "QLD",
        "price": "2400",
        "price_per_unit": "240",
        "price_unit": "G"
      },
      {
        "state": "WA",
        "price": "2400",
        "price_per_unit": "240",
        "price_unit": "G"
      },
      {
        "state": "SA",
        "price": "2400",
        "price_per_unit": "240",
        "price_unit": "G"
      },
      {
        "state": "TAS",
        "price": "2400",
        "price_per_unit": "240",
        "price_unit": "G"
      },
      {
        "state": "ACT",
        "price": "2400",
        "price_per_unit": "240",
        "price_unit": "G"
      },
      {
        "state": "NT",
        "price": "2400",
        "price_per_unit": "240",
        "price_unit": "G"
      }
    ]
  },
  {
    "source_url": "https://www.coles.com.au/product/vittoria-oro-ground-1kg-5698510",
    "name": "Vittoria Oro Ground | 1kg",
    "image_url": "https://www.coles.com.au/_next/image?url=https%3A%2F%2Fproductimages.coles.com.au%2Fproductimages%2F5%2F5698510.jpg&w=640&q=90",
    "barcode": "9310631622252",
    "shop": "coles",
    "category_id": "22164",
    "weight": "1kg",
    "prices": [
      {
        "state": "VIC",
        "price": "440",
        "price_per_unit": "4400",
        "price_unit": "kg"
      },
      {
        "state": "WA",
        "price": "440",
        "price_per_unit": "4400",
        "price_unit": "kg"
      },
      {
        "state": "SA",
        "price": "440",
        "price_per_unit": "4400",
        "price_unit": "kg"
      },
      {
        "state": "ACT",
        "price": "440",
        "price_per_unit": "4400",
        "price_unit": "kg"
      },
      {
        "state": "NT",
        "price": "462",
        "price_per_unit": "4620",
        "price_unit": "kg"
      }
    ]
  },
  {
    "source_url": "https://www.woolworths.com.au/shop/productdetails/254695/vittoria-oro-ground-coffee-oro",
    "name": "Vittoria Oro Ground Coffee Oro 1kg",
    "image_url": "https://cdn1.woolworths.media/content/wowproductimages/large/254695.jpg",
    "barcode": "9310631622252",
    "shop": "Woolworths",
    "category_id": "22164",
    "weight": "100G",
    "prices": [
      {
        "state": "NSW",
        "price": "3000",
        "price_per_unit": "300",
        "price_unit": "G"
      },
      {
        "state": "VIC",
        "price": "3000",
        "price_per_unit": "300",
        "price_unit": "G"
      },
      {
        "state": "QLD",
        "price": "3000",
        "price_per_unit": "300",
        "price_unit": "G"
      },
      {
        "state": "WA",
        "price": "3000",
        "price_per_unit": "300",
        "price_unit": "G"
      },
      {
        "state": "SA",
        "price": "3000",
        "price_per_unit": "300",
        "price_unit": "G"
      },
      {
        "state": "TAS",
        "price": "3000",
        "price_per_unit": "300",
        "price_unit": "G"
      }
    ]
  },
  {
    "source_url": "https://www.coles.com.au/product/caffe-aurora-italian-blend-ground-coffee-1kg-4824404",
    "name": "Caffe Aurora Italian Blend Ground Coffee | 1kg",
    "image_url": "https://www.coles.com.au/_next/image?url=https%3A%2F%2Fproductimages.coles.com.au%2Fproductimages%2F4%2F4824404.jpg&w=640&q=90",
    "barcode": "9310631636075",
    "shop": "coles",
    "category_id": "22164",
    "weight": "1kg",
    "prices": [
      {
        "state": "VIC",
        "price": "310",
        "price_per_unit": "3100",
        "price_unit": "kg"
      },
      {
        "state": "NSW",
        "price": "310",
        "price_per_unit": "3100",
        "price_unit": "kg"
      },
      {
        "state": "QLD",
        "price": "310",
        "price_per_unit": "3100",
        "price_unit": "kg"
      },
      {
        "state": "WA",
        "price": "310",
        "price_per_unit": "3100",
        "price_unit": "kg"
      },
      {
        "state": "SA",
        "price": "310",
        "price_per_unit": "3100",
        "price_unit": "kg"
      },
      {
        "state": "TAS",
        "price": "310",
        "price_per_unit": "3100",
        "price_unit": "kg"
      },
      {
        "state": "ACT",
        "price": "310",
        "price_per_unit": "3100",
        "price_unit": "kg"
      },
      {
        "state": "NT",
        "price": "326",
        "price_per_unit": "3255",
        "price_unit": "kg"
      }
    ]
  },
  {
    "source_url": "https://www.woolworths.com.au/shop/productdetails/158982/caffe-aurora-ground-coffee-italian-blend",
    "name": "Caffe Aurora Ground Coffee Italian Blend 1kg",
    "image_url": "https://cdn1.woolworths.media/content/wowproductimages/large/158982.jpg",
    "barcode": "9310631636075",
    "shop": "Woolworths",
    "category_id": "22164",
    "weight": "100G",
    "prices": [
      {
        "state": "VIC",
        "price": "2400",
        "price_per_unit": "240",
        "price_unit": "G"
      },
      {
        "state": "QLD",
        "price": "2400",
        "price_per_unit": "240",
        "price_unit": "G"
      },
      {
        "state": "WA",
        "price": "2400",
        "price_per_unit": "240",
        "price_unit": "G"
      },
      {
        "state": "NT",
        "price": "2400",
        "price_per_unit": "240",
        "price_unit": "G"
      }
    ]
  },
  {
    "source_url": "https://www.coles.com.au/product/chicco-d'oro-premium-blend-delta-ground-coffee-200g-7397638",
    "name": "Chicco D'Oro Premium Blend Delta Ground Coffee | 200g",
    "image_url": "https://www.coles.com.au/_next/image?url=https%3A%2F%2Fproductimages.coles.com.au%2Fproductimages%2F7%2F7397638.jpg&w=640&q=90",
    "barcode": "9310631001736",
    "shop": "coles",
    "category_id": "22164",
    "weight": "200g",
    "prices": [
      {
        "state": "VIC",
        "price": "200",
        "price_per_unit": "400",
        "price_unit": "g"
      },
      {
        "state": "QLD",
        "price": "200",
        "price_per_unit": "400",
        "price_unit": "g"
      },
      {
        "state": "WA",
        "price": "200",
        "price_per_unit": "400",
        "price_unit": "g"
      },
      {
        "state": "SA",
        "price": "200",
        "price_per_unit": "400",
        "price_unit": "g"
      },
      {
        "state": "ACT",
        "price": "200",
        "price_per_unit": "400",
        "price_unit": "g"
      },
      {
        "state": "NT",
        "price": "200",
        "price_per_unit": "400",
        "price_unit": "g"
      }
    ]
  },
  {
    "source_url": "https://www.woolworths.com.au/shop/productdetails/35051/delta-chicco-d-oro-ground-coffee",
    "name": "Delta Chicco D'Oro Ground Coffee 200g",
    "image_url": "https://cdn1.woolworths.media/content/wowproductimages/large/035051.jpg",
    "barcode": "9310631001736",
    "shop": "Woolworths",
    "category_id": "22164",
    "weight": "100G",
    "prices": [
      {
        "state": "VIC",
        "price": "460",
        "price_per_unit": "230",
        "price_unit": "G"
      },
      {
        "state": "QLD",
        "price": "460",
        "price_per_unit": "230",
        "price_unit": "G"
      },
      {
        "state": "WA",
        "price": "460",
        "price_per_unit": "230",
        "price_unit": "G"
      },
      {
        "state": "SA",
        "price": "460",
        "price_per_unit": "230",
        "price_unit": "G"
      },
      {
        "state": "TAS",
        "price": "460",
        "price_per_unit": "230",
        "price_unit": "G"
      },
      {
        "state": "ACT",
        "price": "460",
        "price_per_unit": "230",
        "price_unit": "G"
      },
      {
        "state": "NT",
        "price": "460",
        "price_per_unit": "230",
        "price_unit": "G"
      }
    ]
  },
  {
    "source_url": "https://www.coles.com.au/product/harris-strong-coffee-ground-1kg-3755383",
    "name": "Harris Strong Coffee Ground | 1kg",
    "image_url": "https://www.coles.com.au/_next/image?url=https%3A%2F%2Fproductimages.coles.com.au%2Fproductimages%2F3%2F3755383.jpg&w=640&q=90",
    "barcode": "9310200009538",
    "shop": "coles",
    "category_id": "22164",
    "weight": "1kg",
    "prices": [
      {
        "state": "VIC",
        "price": "250",
        "price_per_unit": "2500",
        "price_unit": "kg"
      },
      {
        "state": "NSW",
        "price": "250",
        "price_per_unit": "2500",
        "price_unit": "kg"
      },
      {
        "state": "QLD",
        "price": "250",
        "price_per_unit": "2500",
        "price_unit": "kg"
      },
      {
        "state": "WA",
        "price": "250",
        "price_per_unit": "2500",
        "price_unit": "kg"
      },
      {
        "state": "SA",
        "price": "250",
        "price_per_unit": "2500",
        "price_unit": "kg"
      },
      {
        "state": "ACT",
        "price": "250",
        "price_per_unit": "2500",
        "price_unit": "kg"
      },
      {
        "state": "NT",
        "price": "250",
        "price_per_unit": "2500",
        "price_unit": "kg"
      }
    ]
  },
  {
    "source_url": "https://www.woolworths.com.au/shop/productdetails/91149/harris-coffee-ground-strong",
    "name": "Harris Coffee Ground Strong 1kg",
    "image_url": "https://cdn1.woolworths.media/content/wowproductimages/large/091149.jpg",
    "barcode": "9310200009538",
    "shop": "Woolworths",
    "category_id": "22164",
    "weight": "100G",
    "prices": [
      {
        "state": "VIC",
        "price": "3200",
        "price_per_unit": "320",
        "price_unit": "G"
      },
      {
        "state": "QLD",
        "price": "3200",
        "price_per_unit": "320",
        "price_unit": "G"
      },
      {
        "state": "WA",
        "price": "3200",
        "price_per_unit": "320",
        "price_unit": "G"
      },
      {
        "state": "SA",
        "price": "3200",
        "price_per_unit": "320",
        "price_unit": "G"
      },
      {
        "state": "TAS",
        "price": "3200",
        "price_per_unit": "320",
        "price_unit": "G"
      },
      {
        "state": "ACT",
        "price": "3200",
        "price_per_unit": "320",
        "price_unit": "G"
      },
      {
        "state": "NT",
        "price": "3200",
        "price_per_unit": "320",
        "price_unit": "G"
      }
    ]
  },
  {
    "source_url": "https://www.coles.com.au/product/lavazza-tales-of-italy-alluring-napoli-ground-coffee-250g-6277776",
    "name": "Lavazza Tales Of Italy Alluring Napoli Ground Coffee | 250g",
    "image_url": "https://www.coles.com.au/_next/image?url=https%3A%2F%2Fproductimages.coles.com.au%2Fproductimages%2F6%2F6277776.jpg&w=640&q=90",
    "barcode": "8000070069145",
    "shop": "coles",
    "category_id": "22164",
    "weight": "250g",
    "prices": [
      {
        "state": "VIC",
        "price": "448",
        "price_per_unit": "1120",
        "price_unit": "g"
      },
      {
        "state": "NSW",
        "price": "448",
        "price_per_unit": "1120",
        "price_unit": "g"
      },
      {
        "state": "QLD",
        "price": "448",
        "price_per_unit": "1120",
        "price_unit": "g"
      },
      {
        "state": "WA",
        "price": "448",
        "price_per_unit": "1120",
        "price_unit": "g"
      },
      {
        "state": "SA",
        "price": "448",
        "price_per_unit": "1120",
        "price_unit": "g"
      },
      {
        "state": "ACT",
        "price": "448",
        "price_per_unit": "1120",
        "price_unit": "g"
      },
      {
        "state": "NT",
        "price": "448",
        "price_per_unit": "1120",
        "price_unit": "g"
      }
    ]
  },
  {
    "source_url": "https://www.woolworths.com.au/shop/productdetails/309492/lavazza-tales-of-italy-alluring-napoli-ground-coffee",
    "name": "Lavazza Tales Of Italy Alluring Napoli Ground Coffee 250g",
    "image_url": "https://cdn1.woolworths.media/content/wowproductimages/large/309492.jpg",
    "barcode": "8000070069145",
    "shop": "Woolworths",
    "category_id": "22164",
    "weight": "100G",
    "prices": [
      {
        "state": "VIC",
        "price": "1600",
        "price_per_unit": "640",
        "price_unit": "G"
      },
      {
        "state": "QLD",
        "price": "1600",
        "price_per_unit": "640",
        "price_unit": "G"
      },
      {
        "state": "WA",
        "price": "1600",
        "price_per_unit": "640",
        "price_unit": "G"
      },
      {
        "state": "SA",
        "price": "1600",
        "price_per_unit": "640",
        "price_unit": "G"
      },
      {
        "state": "TAS",
        "price": "1600",
        "price_per_unit": "640",
        "price_unit": "G"
      },
      {
        "state": "ACT",
        "price": "1600",
        "price_per_unit": "640",
        "price_unit": "G"
      },
      {
        "state": "NT",
        "price": "1600",
        "price_per_unit": "640",
        "price_unit": "G"
      }
    ]
  },
  {
    "source_url": "https://www.coles.com.au/product/lavazza-tales-of-italy-eternal-roma-ground-coffee-250g-6277812",
    "name": "Lavazza Tales Of Italy Eternal Roma Ground Coffee | 250g",
    "image_url": "https://www.coles.com.au/_next/image?url=https%3A%2F%2Fproductimages.coles.com.au%2Fproductimages%2F6%2F6277812.jpg&w=640&q=90",
    "barcode": "8000070069206",
    "shop": "coles",
    "category_id": "22164",
    "weight": "250g",
    "prices": [
      {
        "state": "VIC",
        "price": "448",
        "price_per_unit": "1120",
        "price_unit": "g"
      },
      {
        "state": "NSW",
        "price": "448",
        "price_per_unit": "1120",
        "price_unit": "g"
      },
      {
        "state": "QLD",
        "price": "448",
        "price_per_unit": "1120",
        "price_unit": "g"
      },
      {
        "state": "WA",
        "price": "448",
        "price_per_unit": "1120",
        "price_unit": "g"
      },
      {
        "state": "SA",
        "price": "448",
        "price_per_unit": "1120",
        "price_unit": "g"
      },
      {
        "state": "ACT",
        "price": "448",
        "price_per_unit": "1120",
        "price_unit": "g"
      },
      {
        "state": "NT",
        "price": "448",
        "price_per_unit": "1120",
        "price_unit": "g"
      }
    ]
  },
  {
    "source_url": "https://www.woolworths.com.au/shop/productdetails/309564/lavazza-tales-of-italy-eternal-roma-ground-coffee",
    "name": "Lavazza Tales Of Italy Eternal Roma Ground Coffee 250g",
    "image_url": "https://cdn1.woolworths.media/content/wowproductimages/large/309564.jpg",
    "barcode": "8000070069206",
    "shop": "Woolworths",
    "category_id": "22164",
    "weight": "100G",
    "prices": [
      {
        "state": "VIC",
        "price": "1600",
        "price_per_unit": "640",
        "price_unit": "G"
      },
      {
        "state": "QLD",
        "price": "1600",
        "price_per_unit": "640",
        "price_unit": "G"
      },
      {
        "state": "WA",
        "price": "1600",
        "price_per_unit": "640",
        "price_unit": "G"
      },
      {
        "state": "SA",
        "price": "1600",
        "price_per_unit": "640",
        "price_unit": "G"
      },
      {
        "state": "TAS",
        "price": "1600",
        "price_per_unit": "640",
        "price_unit": "G"
      },
      {
        "state": "ACT",
        "price": "1600",
        "price_per_unit": "640",
        "price_unit": "G"
      },
      {
        "state": "NT",
        "price": "1600",
        "price_per_unit": "640",
        "price_unit": "G"
      }
    ]
  },
  {
    "source_url": "https://www.coles.com.au/product/oxfam-fair-ethiopia-blend-ground-coffee-250g-4824540",
    "name": "Oxfam Fair Ethiopia Blend Ground Coffee | 250g",
    "image_url": "https://www.coles.com.au/_next/image?url=https%3A%2F%2Fproductimages.coles.com.au%2Fproductimages%2F4%2F4824540.jpg&w=640&q=90",
    "barcode": "9316454000055",
    "shop": "coles",
    "category_id": "22164",
    "weight": "250g",
    "prices": [
      {
        "state": "VIC",
        "price": "368",
        "price_per_unit": "920",
        "price_unit": "g"
      },
      {
        "state": "NSW",
        "price": "368",
        "price_per_unit": "920",
        "price_unit": "g"
      },
      {
        "state": "QLD",
        "price": "368",
        "price_per_unit": "920",
        "price_unit": "g"
      },
      {
        "state": "WA",
        "price": "368",
        "price_per_unit": "920",
        "price_unit": "g"
      },
      {
        "state": "SA",
        "price": "368",
        "price_per_unit": "920",
        "price_unit": "g"
      },
      {
        "state": "ACT",
        "price": "368",
        "price_per_unit": "920",
        "price_unit": "g"
      },
      {
        "state": "NT",
        "price": "386",
        "price_per_unit": "965",
        "price_unit": "g"
      }
    ]
  },
  {
    "source_url": "https://www.woolworths.com.au/shop/productdetails/363085/oxfam-ethiopia-blend-ground-coffee",
    "name": "Oxfam Ethiopia Blend Ground Coffee 250G",
    "image_url": "https://cdn1.woolworths.media/content/wowproductimages/large/363085.jpg",
    "barcode": "9316454000055",
    "shop": "Woolworths",
    "category_id": "22164",
    "weight": "100G",
    "prices": [
      {
        "state": "VIC",
        "price": "925",
        "price_per_unit": "370",
        "price_unit": "G"
      },
      {
        "state": "QLD",
        "price": "925",
        "price_per_unit": "370",
        "price_unit": "G"
      },
      {
        "state": "WA",
        "price": "925",
        "price_per_unit": "370",
        "price_unit": "G"
      },
      {
        "state": "SA",
        "price": "925",
        "price_per_unit": "370",
        "price_unit": "G"
      },
      {
        "state": "TAS",
        "price": "925",
        "price_per_unit": "370",
        "price_unit": "G"
      },
      {
        "state": "ACT",
        "price": "925",
        "price_per_unit": "370",
        "price_unit": "G"
      }
    ]
  },
  {
    "source_url": "https://www.coles.com.au/product/st-ali-italo-disco-ground-espresso-250g-3984427",
    "name": "St Ali Italo Disco Ground Espresso | 250g",
    "image_url": "https://www.coles.com.au/_next/image?url=https%3A%2F%2Fproductimages.coles.com.au%2Fproductimages%2F3%2F3984427.jpg&w=640&q=90",
    "barcode": "9355572000417",
    "shop": "coles",
    "category_id": "22164",
    "weight": "250g",
    "prices": [
      {
        "state": "VIC",
        "price": "760",
        "price_per_unit": "1900",
        "price_unit": "g"
      },
      {
        "state": "NSW",
        "price": "760",
        "price_per_unit": "1900",
        "price_unit": "g"
      },
      {
        "state": "TAS",
        "price": "760",
        "price_per_unit": "1900",
        "price_unit": "g"
      },
      {
        "state": "ACT",
        "price": "760",
        "price_per_unit": "1900",
        "price_unit": "g"
      }
    ]
  },
  {
    "source_url": "https://www.woolworths.com.au/shop/productdetails/162468/st-ali-italo-disco-coffee-ground-beans",
    "name": "St. Ali Italo Disco Coffee Ground Beans 250g",
    "image_url": "https://cdn1.woolworths.media/content/wowproductimages/large/162468.jpg",
    "barcode": "9355572000417",
    "shop": "Woolworths",
    "category_id": "22164",
    "weight": "100G",
    "prices": [
      {
        "state": "VIC",
        "price": "1900",
        "price_per_unit": "760",
        "price_unit": "G"
      }
    ]
  },
  {
    "source_url": "https://www.coles.com.au/product/vittoria-espresso-ground-coffee-1kg-5098986",
    "name": "Vittoria Espresso Ground Coffee | 1kg",
    "image_url": "https://www.coles.com.au/_next/image?url=https%3A%2F%2Fproductimages.coles.com.au%2Fproductimages%2F5%2F5098986.jpg&w=640&q=90",
    "barcode": "9310631000821",
    "shop": "coles",
    "category_id": "22164",
    "weight": "1kg",
    "prices": [
      {
        "state": "VIC",
        "price": "280",
        "price_per_unit": "2800",
        "price_unit": "kg"
      },
      {
        "state": "NSW",
        "price": "280",
        "price_per_unit": "2800",
        "price_unit": "kg"
      },
      {
        "state": "QLD",
        "price": "280",
        "price_per_unit": "2800",
        "price_unit": "kg"
      },
      {
        "state": "WA",
        "price": "280",
        "price_per_unit": "2800",
        "price_unit": "kg"
      },
      {
        "state": "SA",
        "price": "280",
        "price_per_unit": "2800",
        "price_unit": "kg"
      },
      {
        "state": "ACT",
        "price": "280",
        "price_per_unit": "2800",
        "price_unit": "kg"
      },
      {
        "state": "NT",
        "price": "280",
        "price_per_unit": "2800",
        "price_unit": "kg"
      }
    ]
  },
  {
    "source_url": "https://www.woolworths.com.au/shop/productdetails/94131/vittoria-espresso-ground-coffee",
    "name": "Vittoria Espresso Ground Coffee 1kg",
    "image_url": "https://cdn1.woolworths.media/content/wowproductimages/large/094131.jpg",
    "barcode": "9310631000821",
    "shop": "Woolworths",
    "category_id": "22164",
    "weight": "100G",
    "prices": [
      {
        "state": "VIC",
        "price": "4000",
        "price_per_unit": "400",
        "price_unit": "G"
      },
      {
        "state": "QLD",
        "price": "4000",
        "price_per_unit": "400",
        "price_unit": "G"
      },
      {
        "state": "WA",
        "price": "4000",
        "price_per_unit": "400",
        "price_unit": "G"
      },
      {
        "state": "SA",
        "price": "4000",
        "price_per_unit": "400",
        "price_unit": "G"
      },
      {
        "state": "TAS",
        "price": "4000",
        "price_per_unit": "400",
        "price_unit": "G"
      },
      {
        "state": "ACT",
        "price": "4000",
        "price_per_unit": "400",
        "price_unit": "G"
      },
      {
        "state": "NT",
        "price": "4000",
        "price_per_unit": "400",
        "price_unit": "G"
      }
    ]
  },
  {
    "source_url": "https://www.coles.com.au/product/vittoria-espresso-ground-coffee-500g-8830566",
    "name": "Vittoria Espresso Ground Coffee | 500g",
    "image_url": "https://www.coles.com.au/_next/image?url=https%3A%2F%2Fproductimages.coles.com.au%2Fproductimages%2F8%2F8830566.jpg&w=640&q=90",
    "barcode": "9310631600748",
    "shop": "coles",
    "category_id": "22164",
    "weight": "500g",
    "prices": [
      {
        "state": "VIC",
        "price": "440",
        "price_per_unit": "2200",
        "price_unit": "g"
      },
      {
        "state": "NSW",
        "price": "440",
        "price_per_unit": "2200",
        "price_unit": "g"
      },
      {
        "state": "QLD",
        "price": "440",
        "price_per_unit": "2200",
        "price_unit": "g"
      },
      {
        "state": "WA",
        "price": "440",
        "price_per_unit": "2200",
        "price_unit": "g"
      },
      {
        "state": "SA",
        "price": "440",
        "price_per_unit": "2200",
        "price_unit": "g"
      },
      {
        "state": "ACT",
        "price": "440",
        "price_per_unit": "2200",
        "price_unit": "g"
      },
      {
        "state": "NT",
        "price": "462",
        "price_per_unit": "2310",
        "price_unit": "g"
      }
    ]
  },
  {
    "source_url": "https://www.woolworths.com.au/shop/productdetails/147701/vittoria-espresso-ground-coffee",
    "name": "Vittoria Espresso Ground Coffee 500g",
    "image_url": "https://cdn1.woolworths.media/content/wowproductimages/large/147701.jpg",
    "barcode": "9310631600748",
    "shop": "Woolworths",
    "category_id": "22164",
    "weight": "100G",
    "prices": [
      {
        "state": "VIC",
        "price": "1750",
        "price_per_unit": "350",
        "price_unit": "G"
      },
      {
        "state": "QLD",
        "price": "1750",
        "price_per_unit": "350",
        "price_unit": "G"
      },
      {
        "state": "WA",
        "price": "1750",
        "price_per_unit": "350",
        "price_unit": "G"
      },
      {
        "state": "SA",
        "price": "1750",
        "price_per_unit": "350",
        "price_unit": "G"
      },
      {
        "state": "TAS",
        "price": "1750",
        "price_per_unit": "350",
        "price_unit": "G"
      },
      {
        "state": "ACT",
        "price": "1750",
        "price_per_unit": "350",
        "price_unit": "G"
      },
      {
        "state": "NT",
        "price": "1750",
        "price_per_unit": "350",
        "price_unit": "G"
      }
    ]
  },
  {
    "source_url": "https://www.coles.com.au/product/vittoria-italian-ground-coffee-200g-3511378",
    "name": "Vittoria Italian Ground Coffee | 200g",
    "image_url": "https://www.coles.com.au/_next/image?url=https%3A%2F%2Fproductimages.coles.com.au%2Fproductimages%2F3%2F3511378.jpg&w=640&q=90",
    "barcode": "9310631630363",
    "shop": "coles",
    "category_id": "22164",
    "weight": "200g",
    "prices": [
      {
        "state": "VIC",
        "price": "325",
        "price_per_unit": "650",
        "price_unit": "g"
      },
      {
        "state": "WA",
        "price": "325",
        "price_per_unit": "650",
        "price_unit": "g"
      },
      {
        "state": "SA",
        "price": "325",
        "price_per_unit": "650",
        "price_unit": "g"
      },
      {
        "state": "ACT",
        "price": "325",
        "price_per_unit": "650",
        "price_unit": "g"
      },
      {
        "state": "NT",
        "price": "325",
        "price_per_unit": "650",
        "price_unit": "g"
      }
    ]
  },
  {
    "source_url": "https://www.woolworths.com.au/shop/productdetails/32179/vittoria-italian-ground",
    "name": "Vittoria Italian Ground 200g",
    "image_url": "https://cdn1.woolworths.media/content/wowproductimages/large/032179.jpg",
    "barcode": "9310631630363",
    "shop": "Woolworths",
    "category_id": "22164",
    "weight": "100G",
    "prices": [
      {
        "state": "VIC",
        "price": "800",
        "price_per_unit": "400",
        "price_unit": "G"
      },
      {
        "state": "QLD",
        "price": "800",
        "price_per_unit": "400",
        "price_unit": "G"
      },
      {
        "state": "WA",
        "price": "800",
        "price_per_unit": "400",
        "price_unit": "G"
      },
      {
        "state": "TAS",
        "price": "800",
        "price_per_unit": "400",
        "price_unit": "G"
      },
      {
        "state": "ACT",
        "price": "800",
        "price_per_unit": "400",
        "price_unit": "G"
      },
      {
        "state": "NT",
        "price": "800",
        "price_per_unit": "400",
        "price_unit": "G"
      }
    ]
  },
  {
    "source_url": "https://www.coles.com.au/product/vittoria-italian-blend-ground-coffee-500g-3208347",
    "name": "Vittoria Italian Blend Ground Coffee | 500g",
    "image_url": "https://www.coles.com.au/_next/image?url=https%3A%2F%2Fproductimages.coles.com.au%2Fproductimages%2F3%2F3208347.jpg&w=640&q=90",
    "barcode": "9310631628889",
    "shop": "coles",
    "category_id": "22164",
    "weight": "500g",
    "prices": [
      {
        "state": "VIC",
        "price": "260",
        "price_per_unit": "1300",
        "price_unit": "g"
      },
      {
        "state": "NSW",
        "price": "260",
        "price_per_unit": "1300",
        "price_unit": "g"
      },
      {
        "state": "QLD",
        "price": "260",
        "price_per_unit": "1300",
        "price_unit": "g"
      },
      {
        "state": "WA",
        "price": "260",
        "price_per_unit": "1300",
        "price_unit": "g"
      },
      {
        "state": "SA",
        "price": "260",
        "price_per_unit": "1300",
        "price_unit": "g"
      },
      {
        "state": "ACT",
        "price": "260",
        "price_per_unit": "1300",
        "price_unit": "g"
      },
      {
        "state": "NT",
        "price": "260",
        "price_per_unit": "1300",
        "price_unit": "g"
      }
    ]
  },
  {
    "source_url": "https://www.woolworths.com.au/shop/productdetails/692561/vittoria-italian-ground",
    "name": "Vittoria Italian Ground 500g",
    "image_url": "https://cdn1.woolworths.media/content/wowproductimages/large/692561.jpg",
    "barcode": "9310631628889",
    "shop": "Woolworths",
    "category_id": "22164",
    "weight": "100G",
    "prices": [
      {
        "state": "VIC",
        "price": "1450",
        "price_per_unit": "290",
        "price_unit": "G"
      },
      {
        "state": "SA",
        "price": "1450",
        "price_per_unit": "290",
        "price_unit": "G"
      },
      {
        "state": "ACT",
        "price": "1450",
        "price_per_unit": "290",
        "price_unit": "G"
      },
      {
        "state": "NT",
        "price": "1450",
        "price_per_unit": "290",
        "price_unit": "G"
      }
    ]
  },
  {
    "source_url": "https://www.coles.com.au/product/vittoria-mountain-grown-ground-coffee-200g-3208336",
    "name": "Vittoria Mountain Grown Ground Coffee | 200g",
    "image_url": "https://www.coles.com.au/_next/image?url=https%3A%2F%2Fproductimages.coles.com.au%2Fproductimages%2F3%2F3208336.jpg&w=640&q=90",
    "barcode": "9310631001545",
    "shop": "coles",
    "category_id": "22164",
    "weight": "200g",
    "prices": [
      {
        "state": "VIC",
        "price": "550",
        "price_per_unit": "1100",
        "price_unit": "g"
      },
      {
        "state": "NSW",
        "price": "550",
        "price_per_unit": "1100",
        "price_unit": "g"
      },
      {
        "state": "WA",
        "price": "550",
        "price_per_unit": "1100",
        "price_unit": "g"
      },
      {
        "state": "SA",
        "price": "550",
        "price_per_unit": "1100",
        "price_unit": "g"
      },
      {
        "state": "ACT",
        "price": "550",
        "price_per_unit": "1100",
        "price_unit": "g"
      }
    ]
  },
  {
    "source_url": "https://www.woolworths.com.au/shop/productdetails/94686/vittoria-mountain-grown-ground-coffee",
    "name": "Vittoria Mountain Grown Ground Coffee 200g",
    "image_url": "https://cdn1.woolworths.media/content/wowproductimages/large/094686.jpg",
    "barcode": "9310631001545",
    "shop": "Woolworths",
    "category_id": "22164",
    "weight": "100G",
    "prices": [
      {
        "state": "VIC",
        "price": "1100",
        "price_per_unit": "550",
        "price_unit": "G"
      },
      {
        "state": "SA",
        "price": "1100",
        "price_per_unit": "550",
        "price_unit": "G"
      },
      {
        "state": "TAS",
        "price": "1100",
        "price_per_unit": "550",
        "price_unit": "G"
      },
      {
        "state": "ACT",
        "price": "1100",
        "price_per_unit": "550",
        "price_unit": "G"
      },
      {
        "state": "NT",
        "price": "1100",
        "price_per_unit": "550",
        "price_unit": "G"
      }
    ]
  },
  {
    "source_url": "https://www.coles.com.au/product/caffe-aurora-italian-style-ground-coffee-500g-4875835",
    "name": "Caffe Aurora Italian Style Ground Coffee | 500g",
    "image_url": "https://www.coles.com.au/_next/image?url=https%3A%2F%2Fproductimages.coles.com.au%2Fproductimages%2F4%2F4875835.jpg&w=640&q=90",
    "barcode": "9310631636112",
    "shop": "coles",
    "category_id": "22164",
    "weight": "500g",
    "prices": [
      {
        "state": "VIC",
        "price": "220",
        "price_per_unit": "1100",
        "price_unit": "g"
      },
      {
        "state": "QLD",
        "price": "220",
        "price_per_unit": "1100",
        "price_unit": "g"
      },
      {
        "state": "WA",
        "price": "220",
        "price_per_unit": "1100",
        "price_unit": "g"
      },
      {
        "state": "SA",
        "price": "220",
        "price_per_unit": "1100",
        "price_unit": "g"
      },
      {
        "state": "ACT",
        "price": "220",
        "price_per_unit": "1100",
        "price_unit": "g"
      },
      {
        "state": "NT",
        "price": "220",
        "price_per_unit": "1100",
        "price_unit": "g"
      }
    ]
  },
  {
    "source_url": "https://www.woolworths.com.au/shop/productdetails/159898/caffe-aurora-ground-coffee-italian-blend",
    "name": "Caffe Aurora Ground Coffee Italian Blend 500g",
    "image_url": "https://cdn1.woolworths.media/content/wowproductimages/large/159898.jpg",
    "barcode": "9310631636112",
    "shop": "Woolworths",
    "category_id": "22164",
    "weight": "100G",
    "prices": [
      {
        "state": "NT",
        "price": "1100",
        "price_per_unit": "220",
        "price_unit": "G"
      }
    ]
  }
]