[
  {
    "source_url": "https://www.woolworths.com.au/shop/productdetails/259345/grapefruit-red-flesh",
    "name": "Grapefruit Red Flesh Each",
    "image_url": "https://cdn1.woolworths.media/content/wowproductimages/large/259345.jpg",
    "source_id": "Woolworths - 259345",
    "barcode": "0266471000004",
    "shop": "Woolworths",
    "weight": "1EA",
    "prices": [
      {
        "state": "NSW",
        "price": "162",
        "price_per_unit": "162",
        "price_unit": "EA"
      },
      {
        "state": "VIC",
        "price": "162",
        "price_per_unit": "162",
        "price_unit": "EA"
      },
      {
        "state": "QLD",
        "price": "162",
        "price_per_unit": "162",
        "price_unit": "EA"
      },
      {
        "state": "WA",
        "price": "162",
        "price_per_unit": "162",
        "price_unit": "EA"
      },
      {
        "state": "SA",
        "price": "162",
        "price_per_unit": "162",
        "price_unit": "EA"
      },
      {
        "state": "NT",
        "price": "162",
        "price_per_unit": "162",
        "price_unit": "EA"
      }
    ]
  },
  {
    "source_url": "https://www.woolworths.com.au/shop/productdetails/693501/lemon-lemon",
    "name": "Lemon 500g Per Pack",
    "image_url": "https://cdn1.woolworths.media/content/wowproductimages/large/693501.jpg",
    "source_id": "Woolworths - 693501",
    "barcode": "9339687382125",
    "shop": "Woolworths",
    "weight": "1KG",
    "prices": [
      {
        "state": "NSW",
        "price": "750",
        "price_per_unit": "1500",
        "price_unit": "KG"
      },
      {
        "state": "VIC",
        "price": "750",
        "price_per_unit": "1500",
        "price_unit": "KG"
      },
      {
        "state": "QLD",
        "price": "750",
        "price_per_unit": "1500",
        "price_unit": "KG"
      },
      {
        "state": "WA",
        "price": "750",
        "price_per_unit": "1500",
        "price_unit": "KG"
      },
      {
        "state": "SA",
        "price": "750",
        "price_per_unit": "1500",
        "price_unit": "KG"
      },
      null,
      {
        "state": "ACT",
        "price": "490",
        "price_per_unit": "980",
        "price_unit": "KG"
      },
      null
    ]
  },
  {
    "source_url": "https://www.woolworths.com.au/shop/productdetails/259514/lemon-fresh",
    "name": "Lemon Fresh Each",
    "image_url": "https://cdn1.woolworths.media/content/wowproductimages/large/259514.jpg",
    "source_id": "Woolworths - 259514",
    "barcode": "0266462000006",
    "shop": "Woolworths",
    "weight": "1EA",
    "prices": [
      {
        "state": "NSW",
        "price": "208",
        "price_per_unit": "208",
        "price_unit": "EA"
      },
      {
        "state": "VIC",
        "price": "208",
        "price_per_unit": "208",
        "price_unit": "EA"
      },
      {
        "state": "QLD",
        "price": "208",
        "price_per_unit": "208",
        "price_unit": "EA"
      },
      {
        "state": "WA",
        "price": "208",
        "price_per_unit": "208",
        "price_unit": "EA"
      },
      {
        "state": "TAS",
        "price": "173",
        "price_per_unit": "173",
        "price_unit": "EA"
      },
      {
        "state": "NT",
        "price": "173",
        "price_per_unit": "173",
        "price_unit": "EA"
      }
    ]
  },
  {
    "source_url": "https://www.woolworths.com.au/shop/productdetails/245902/lime-fresh",
    "name": "Lime Fresh Each",
    "image_url": "https://cdn1.woolworths.media/content/wowproductimages/large/245902.jpg",
    "source_id": "Woolworths - 245902",
    "barcode": "0264048000006",
    "shop": "Woolworths",
    "weight": "1EA",
    "prices": [
      {
        "state": "NSW",
        "price": "170",
        "price_per_unit": "170",
        "price_unit": "EA"
      },
      {
        "state": "VIC",
        "price": "170",
        "price_per_unit": "170",
        "price_unit": "EA"
      },
      {
        "state": "QLD",
        "price": "170",
        "price_per_unit": "170",
        "price_unit": "EA"
      },
      {
        "state": "WA",
        "price": "170",
        "price_per_unit": "170",
        "price_unit": "EA"
      },
      {
        "state": "SA",
        "price": "170",
        "price_per_unit": "170",
        "price_unit": "EA"
      },
      {
        "state": "TAS",
        "price": "161",
        "price_per_unit": "161",
        "price_unit": "EA"
      },
      {
        "state": "ACT",
        "price": "161",
        "price_per_unit": "161",
        "price_unit": "EA"
      },
      {
        "state": "NT",
        "price": "161",
        "price_per_unit": "161",
        "price_unit": "EA"
      }
    ]
  },
  {
    "source_url": "https://www.woolworths.com.au/shop/productdetails/141407/macro-organic-valencia-oranges",
    "name": "Macro Organic Valencia Oranges 1.5kg Bag",
    "image_url": "https://cdn1.woolworths.media/content/wowproductimages/large/141407.jpg",
    "source_id": "Woolworths - 141407",
    "barcode": "9300633007171",
    "shop": "Woolworths",
    "weight": "1KG",
    "prices": [
      {
        "state": "NSW",
        "price": "890",
        "price_per_unit": "593",
        "price_unit": "KG"
      },
      {
        "state": "VIC",
        "price": "890",
        "price_per_unit": "593",
        "price_unit": "KG"
      },
      {
        "state": "QLD",
        "price": "890",
        "price_per_unit": "593",
        "price_unit": "KG"
      },
      {
        "state": "WA",
        "price": "890",
        "price_per_unit": "593",
        "price_unit": "KG"
      },
      {
        "state": "ACT",
        "price": "890",
        "price_per_unit": "593",
        "price_unit": "KG"
      }
    ]
  },
  {
    "source_url": "https://www.woolworths.com.au/shop/productdetails/185754/mandarin",
    "name": "Mandarin Each",
    "image_url": "https://cdn1.woolworths.media/content/wowproductimages/large/185754.jpg",
    "source_id": "Woolworths - 185754",
    "barcode": "0264301000002",
    "shop": "Woolworths",
    "weight": "1EA",
    "prices": [
      null,
      null,
      null
    ]
  },
  {
    "source_url": "https://www.woolworths.com.au/shop/productdetails/149885/orange-navel",
    "name": "Orange Navel Each",
    "image_url": "https://cdn1.woolworths.media/content/wowproductimages/large/149885.jpg",
    "source_id": "Woolworths - 149885",
    "barcode": "0264012000001",
    "shop": "Woolworths",
    "weight": "1EA",
    "prices": [
      {
        "state": "QLD",
        "price": "223",
        "price_per_unit": "223",
        "price_unit": "EA"
      },
      {
        "state": "WA",
        "price": "223",
        "price_per_unit": "223",
        "price_unit": "EA"
      },
      null,
      {
        "state": "ACT",
        "price": "223",
        "price_per_unit": "223",
        "price_unit": "EA"
      },
      null
    ]
  },
  {
    "source_url": "https://www.woolworths.com.au/shop/productdetails/256488/orange-valencia",
    "name": "Orange Valencia 3kg Bag",
    "image_url": "https://cdn1.woolworths.media/content/wowproductimages/large/256488.jpg",
    "source_id": "Woolworths - 256488",
    "barcode": "9300633604967",
    "shop": "Woolworths",
    "weight": "1KG",
    "prices": [
      {
        "state": "NSW",
        "price": "850",
        "price_per_unit": "283",
        "price_unit": "KG"
      },
      {
        "state": "VIC",
        "price": "850",
        "price_per_unit": "283",
        "price_unit": "KG"
      },
      {
        "state": "QLD",
        "price": "850",
        "price_per_unit": "283",
        "price_unit": "KG"
      },
      {
        "state": "WA",
        "price": "850",
        "price_per_unit": "283",
        "price_unit": "KG"
      },
      {
        "state": "SA",
        "price": "850",
        "price_per_unit": "283",
        "price_unit": "KG"
      },
      {
        "state": "TAS",
        "price": "850",
        "price_per_unit": "283",
        "price_unit": "KG"
      },
      {
        "state": "ACT",
        "price": "850",
        "price_per_unit": "283",
        "price_unit": "KG"
      },
      null
    ]
  },
  {
    "source_url": "https://www.woolworths.com.au/shop/productdetails/144708/orange-valencia",
    "name": "Orange Valencia Each",
    "image_url": "https://cdn1.woolworths.media/content/wowproductimages/large/144708.jpg",
    "source_id": "Woolworths - 144708",
    "barcode": "0263108000000",
    "shop": "Woolworths",
    "weight": "1EA",
    "prices": [
      null,
      {
        "state": "ACT",
        "price": "59",
        "price_per_unit": "59",
        "price_unit": "EA"
      },
      null
    ]
  },
  {
    "source_url": "https://www.woolworths.com.au/shop/productdetails/830353/the-odd-bunch-lemon-prepacked",
    "name": "The Odd Bunch Lemon Prepacked 500g",
    "image_url": "https://cdn1.woolworths.media/content/wowproductimages/large/830353.jpg",
    "source_id": "Woolworths - 830353",
    "barcode": "9300633741563",
    "shop": "Woolworths",
    "weight": "1KG",
    "prices": [
      {
        "state": "VIC",
        "price": "390",
        "price_per_unit": "780",
        "price_unit": "KG"
      },
      {
        "state": "QLD",
        "price": "390",
        "price_per_unit": "780",
        "price_unit": "KG"
      },
      {
        "state": "WA",
        "price": "390",
        "price_per_unit": "780",
        "price_unit": "KG"
      },
      {
        "state": "SA",
        "price": "390",
        "price_per_unit": "780",
        "price_unit": "KG"
      },
      null,
      {
        "state": "ACT",
        "price": "390",
        "price_per_unit": "780",
        "price_unit": "KG"
      },
      null
    ]
  },
  {
    "source_url": "https://www.woolworths.com.au/shop/productdetails/830354/the-odd-bunch-lime-prepacked",
    "name": "The Odd Bunch Lime Prepacked 500g",
    "image_url": "https://cdn1.woolworths.media/content/wowproductimages/large/830354.jpg",
    "source_id": "Woolworths - 830354",
    "barcode": "9300633741457",
    "shop": "Woolworths",
    "weight": "1KG",
    "prices": [
      {
        "state": "NSW",
        "price": "710",
        "price_per_unit": "1420",
        "price_unit": "KG"
      },
      {
        "state": "VIC",
        "price": "710",
        "price_per_unit": "1420",
        "price_unit": "KG"
      },
      {
        "state": "QLD",
        "price": "710",
        "price_per_unit": "1420",
        "price_unit": "KG"
      },
      {
        "state": "WA",
        "price": "710",
        "price_per_unit": "1420",
        "price_unit": "KG"
      },
      {
        "state": "SA",
        "price": "710",
        "price_per_unit": "1420",
        "price_unit": "KG"
      },
      {
        "state": "TAS",
        "price": "710",
        "price_per_unit": "1420",
        "price_unit": "KG"
      },
      {
        "state": "ACT",
        "price": "710",
        "price_per_unit": "1420",
        "price_unit": "KG"
      },
      {
        "state": "NT",
        "price": "710",
        "price_per_unit": "1420",
        "price_unit": "KG"
      }
    ]
  },
  {
    "source_url": "https://www.woolworths.com.au/shop/productdetails/428898/woolworths-orange-navel",
    "name": "Woolworths Orange Navel 5 Pack",
    "image_url": "https://cdn1.woolworths.media/content/wowproductimages/large/428898.jpg",
    "source_id": "Woolworths - 428898",
    "barcode": "9335089001350",
    "shop": "Woolworths",
    "weight": "1EA",
    "prices": [
      null,
      {
        "state": "ACT",
        "price": "850",
        "price_per_unit": "170",
        "price_unit": "EA"
      },
      null
    ]
  },
  {
    "source_url": "https://www.woolworths.com.au/shop/productdetails/940332/macro-prepack-mandarin",
    "name": "Macro Prepack Mandarin 750g",
    "image_url": "https://cdn1.woolworths.media/content/wowproductimages/large/940332.jpg",
    "source_id": "Woolworths - 940332",
    "barcode": "9300633526818",
    "shop": "Woolworths",
    "weight": "1KG",
    "prices": []
  },
  {
    "source_url": "https://www.woolworths.com.au/shop/productdetails/349867/mandarin-phoenix",
    "name": "Mandarin Phoenix Each",
    "image_url": "https://cdn1.woolworths.media/content/wowproductimages/large/349867.jpg",
    "source_id": "Woolworths - 349867",
    "barcode": "0264484000004",
    "shop": "Woolworths",
    "weight": "1EA",
    "prices": []
  }
]