[
  {
    "source_url": "https://www.woolworths.com.au/shop/productdetails/204225/apricot-fresh-organic",
    "name": "Apricot Fresh Organic 400g Punnet",
    "image_url": "https://cdn1.woolworths.media/content/wowproductimages/large/204225.jpg",
    "source_id": "Woolworths - 204225",
    "barcode": "9316131109422",
    "shop": "Woolworths",
    "weight": "1KG",
    "prices": [
      {
        "state": "VIC",
        "price": "690",
        "price_per_unit": "1725",
        "price_unit": "KG"
      },
      {
        "state": "QLD",
        "price": "690",
        "price_per_unit": "1725",
        "price_unit": "KG"
      },
      {
        "state": "WA",
        "price": "690",
        "price_per_unit": "1725",
        "price_unit": "KG"
      },
      {
        "state": "ACT",
        "price": "690",
        "price_per_unit": "1725",
        "price_unit": "KG"
      }
    ]
  },
  {
    "source_url": "https://www.woolworths.com.au/shop/productdetails/188154/fresh-celery-organic",
    "name": "Fresh Celery Organic Each",
    "image_url": "https://cdn1.woolworths.media/content/wowproductimages/large/188154.jpg",
    "source_id": "Woolworths - 188154",
    "barcode": "0266308000009",
    "shop": "Woolworths",
    "weight": "1EA",
    "prices": [
      null
    ]
  },
  {
    "source_url": "https://www.woolworths.com.au/shop/productdetails/426888/macro-avocado-mini-organic",
    "name": "Macro Avocado Mini Organic 550g",
    "image_url": "https://cdn1.woolworths.media/content/wowproductimages/large/426888.jpg",
    "source_id": "Woolworths - 426888",
    "barcode": "9300633579340",
    "shop": "Woolworths",
    "weight": "1KG",
    "prices": [
      {
        "state": "NSW",
        "price": "790",
        "price_per_unit": "1436",
        "price_unit": "KG"
      },
      {
        "state": "ACT",
        "price": "790",
        "price_per_unit": "1436",
        "price_unit": "KG"
      }
    ]
  },
  {
    "source_url": "https://www.woolworths.com.au/shop/productdetails/145947/macro-brown-onions-organic",
    "name": "Macro Brown Onions Organic 1kg Bag",
    "image_url": "https://cdn1.woolworths.media/content/wowproductimages/large/145947.jpg",
    "source_id": "Woolworths - 145947",
    "barcode": "9300633007690",
    "shop": "Woolworths",
    "weight": "1KG",
    "prices": [
      {
        "state": "NSW",
        "price": "850",
        "price_per_unit": "850",
        "price_unit": "KG"
      },
      {
        "state": "VIC",
        "price": "850",
        "price_per_unit": "850",
        "price_unit": "KG"
      },
      {
        "state": "SA",
        "price": "790",
        "price_per_unit": "790",
        "price_unit": "KG"
      },
      {
        "state": "TAS",
        "price": "900",
        "price_per_unit": "900",
        "price_unit": "KG"
      },
      {
        "state": "ACT",
        "price": "850",
        "price_per_unit": "850",
        "price_unit": "KG"
      },
      {
        "state": "NT",
        "price": "790",
        "price_per_unit": "790",
        "price_unit": "KG"
      }
    ]
  },
  {
    "source_url": "https://www.woolworths.com.au/shop/productdetails/717237/macro-certified-organic-baby-spinach",
    "name": "Macro Certified Organic Baby Spinach 100g",
    "image_url": "https://cdn1.woolworths.media/content/wowproductimages/large/717237.jpg",
    "source_id": "Woolworths - 717237",
    "barcode": "9300633285418",
    "shop": "Woolworths",
    "weight": "1KG",
    "prices": [
      {
        "state": "NSW",
        "price": "450",
        "price_per_unit": "4500",
        "price_unit": "KG"
      },
      {
        "state": "VIC",
        "price": "450",
        "price_per_unit": "4500",
        "price_unit": "KG"
      },
      {
        "state": "QLD",
        "price": "450",
        "price_per_unit": "4500",
        "price_unit": "KG"
      },
      {
        "state": "WA",
        "price": "450",
        "price_per_unit": "4500",
        "price_unit": "KG"
      },
      {
        "state": "SA",
        "price": "450",
        "price_per_unit": "4500",
        "price_unit": "KG"
      },
      {
        "state": "ACT",
        "price": "450",
        "price_per_unit": "4500",
        "price_unit": "KG"
      },
      {
        "state": "NT",
        "price": "450",
        "price_per_unit": "4500",
        "price_unit": "KG"
      }
    ]
  },
  {
    "source_url": "https://www.woolworths.com.au/shop/productdetails/717238/macro-certified-organic-salad-mix",
    "name": "Macro Certified Organic Salad Mix 100g",
    "image_url": "https://cdn1.woolworths.media/content/wowproductimages/large/717238.jpg",
    "source_id": "Woolworths - 717238",
    "barcode": "9300633285425",
    "shop": "Woolworths",
    "weight": "1KG",
    "prices": [
      {
        "state": "NSW",
        "price": "380",
        "price_per_unit": "3800",
        "price_unit": "KG"
      },
      {
        "state": "VIC",
        "price": "380",
        "price_per_unit": "3800",
        "price_unit": "KG"
      },
      {
        "state": "QLD",
        "price": "380",
        "price_per_unit": "3800",
        "price_unit": "KG"
      },
      {
        "state": "WA",
        "price": "380",
        "price_per_unit": "3800",
        "price_unit": "KG"
      },
      {
        "state": "SA",
        "price": "380",
        "price_per_unit": "3800",
        "price_unit": "KG"
      },
      {
        "state": "ACT",
        "price": "380",
        "price_per_unit": "3800",
        "price_unit": "KG"
      },
      {
        "state": "NT",
        "price": "380",
        "price_per_unit": "3800",
        "price_unit": "KG"
      }
    ]
  },
  {
    "source_url": "https://www.woolworths.com.au/shop/productdetails/157367/macro-cos-lettuce-organic",
    "name": "Macro Cos Lettuce Organic Each",
    "image_url": "https://cdn1.woolworths.media/content/wowproductimages/large/157367.jpg",
    "source_id": "Woolworths - 157367",
    "barcode": "0261436000006",
    "shop": "Woolworths",
    "weight": "1EA",
    "prices": [
      {
        "state": "ACT",
        "price": "590",
        "price_per_unit": "590",
        "price_unit": "EA"
      },
      null
    ]
  },
  {
    "source_url": "https://www.woolworths.com.au/shop/productdetails/769063/macro-dutch-cream-organic-potato",
    "name": "Macro Dutch Cream Organic Potato 1kg Punnet",
    "image_url": "https://cdn1.woolworths.media/content/wowproductimages/large/769063.jpg",
    "source_id": "Woolworths - 769063",
    "barcode": "9300633451042",
    "shop": "Woolworths",
    "weight": "1KG",
    "prices": [
      {
        "state": "NSW",
        "price": "500",
        "price_per_unit": "500",
        "price_unit": "KG"
      },
      {
        "state": "VIC",
        "price": "500",
        "price_per_unit": "500",
        "price_unit": "KG"
      },
      {
        "state": "QLD",
        "price": "500",
        "price_per_unit": "500",
        "price_unit": "KG"
      },
      {
        "state": "WA",
        "price": "500",
        "price_per_unit": "500",
        "price_unit": "KG"
      },
      null,
      {
        "state": "ACT",
        "price": "330",
        "price_per_unit": "330",
        "price_unit": "KG"
      }
    ]
  },
  {
    "source_url": "https://www.woolworths.com.au/shop/productdetails/149792/macro-fresh-cabbage-organic-green-half",
    "name": "Macro Fresh Cabbage Organic Green Half Each",
    "image_url": "https://cdn1.woolworths.media/content/wowproductimages/large/149792.jpg",
    "source_id": "Woolworths - 149792",
    "barcode": "0264835000004",
    "shop": "Woolworths",
    "weight": "1EA",
    "prices": [
      {
        "state": "NSW",
        "price": "650",
        "price_per_unit": "650",
        "price_unit": "EA"
      },
      {
        "state": "VIC",
        "price": "650",
        "price_per_unit": "650",
        "price_unit": "EA"
      },
      null,
      {
        "state": "ACT",
        "price": "650",
        "price_per_unit": "650",
        "price_unit": "EA"
      },
      null
    ]
  },
  {
    "source_url": "https://www.woolworths.com.au/shop/productdetails/169763/macro-fresh-cauliflower-half-organic",
    "name": "Macro Fresh Cauliflower Half Organic Each",
    "image_url": "https://cdn1.woolworths.media/content/wowproductimages/large/169763.jpg",
    "source_id": "Woolworths - 169763",
    "barcode": "0265740000004",
    "shop": "Woolworths",
    "weight": "1EA",
    "prices": [
      {
        "state": "NSW",
        "price": "490",
        "price_per_unit": "490",
        "price_unit": "EA"
      },
      {
        "state": "ACT",
        "price": "490",
        "price_per_unit": "490",
        "price_unit": "EA"
      },
      {
        "state": "NT",
        "price": "490",
        "price_per_unit": "490",
        "price_unit": "EA"
      }
    ]
  },
  {
    "source_url": "https://www.woolworths.com.au/shop/productdetails/789892/macro-fresh-celery-heart-organic",
    "name": "Macro Fresh Celery Heart Organic Each",
    "image_url": "https://cdn1.woolworths.media/content/wowproductimages/large/789892.jpg",
    "source_id": "Woolworths - 789892",
    "barcode": "0260527000000",
    "shop": "Woolworths",
    "weight": "1EA",
    "prices": [
      {
        "state": "NSW",
        "price": "590",
        "price_per_unit": "590",
        "price_unit": "EA"
      },
      {
        "state": "VIC",
        "price": "590",
        "price_per_unit": "590",
        "price_unit": "EA"
      },
      {
        "state": "QLD",
        "price": "590",
        "price_per_unit": "590",
        "price_unit": "EA"
      },
      {
        "state": "WA",
        "price": "590",
        "price_per_unit": "590",
        "price_unit": "EA"
      },
      {
        "state": "ACT",
        "price": "590",
        "price_per_unit": "590",
        "price_unit": "EA"
      }
    ]
  },
  {
    "source_url": "https://www.woolworths.com.au/shop/productdetails/786006/macro-fresh-lettuce-baby-cos-organic-pack",
    "name": "Macro Fresh Lettuce Baby Cos Organic Pack Each",
    "image_url": "https://cdn1.woolworths.media/content/wowproductimages/large/786006.jpg",
    "source_id": "Woolworths - 786006",
    "barcode": "0260476000007",
    "shop": "Woolworths",
    "weight": "1EA",
    "prices": [
      {
        "state": "NSW",
        "price": "550",
        "price_per_unit": "550",
        "price_unit": "EA"
      },
      {
        "state": "VIC",
        "price": "550",
        "price_per_unit": "550",
        "price_unit": "EA"
      },
      {
        "state": "SA",
        "price": "550",
        "price_per_unit": "550",
        "price_unit": "EA"
      },
      {
        "state": "ACT",
        "price": "550",
        "price_per_unit": "550",
        "price_unit": "EA"
      },
      null
    ]
  },
  {
    "source_url": "https://www.woolworths.com.au/shop/productdetails/768759/macro-gourmet-organic",
    "name": "Macro Gourmet Organic 400g Punnet",
    "image_url": "https://cdn1.woolworths.media/content/wowproductimages/large/768759.jpg",
    "source_id": "Woolworths - 768759",
    "barcode": "9300633450212",
    "shop": "Woolworths",
    "weight": "1KG",
    "prices": [
      {
        "state": "NSW",
        "price": "490",
        "price_per_unit": "1225",
        "price_unit": "KG"
      },
      {
        "state": "VIC",
        "price": "490",
        "price_per_unit": "1225",
        "price_unit": "KG"
      },
      {
        "state": "QLD",
        "price": "490",
        "price_per_unit": "1225",
        "price_unit": "KG"
      },
      {
        "state": "WA",
        "price": "490",
        "price_per_unit": "1225",
        "price_unit": "KG"
      },
      {
        "state": "SA",
        "price": "490",
        "price_per_unit": "1225",
        "price_unit": "KG"
      },
      null,
      null,
      {
        "state": "NT",
        "price": "490",
        "price_per_unit": "1225",
        "price_unit": "KG"
      }
    ]
  },
  {
    "source_url": "https://www.woolworths.com.au/shop/productdetails/306519/macro-kensington-mango-pride-organic",
    "name": "Macro Kensington Mango Pride Organic Each",
    "image_url": "https://cdn1.woolworths.media/content/wowproductimages/large/306519.jpg",
    "source_id": "Woolworths - 306519",
    "barcode": "0268412000005",
    "shop": "Woolworths",
    "weight": "1EA",
    "prices": [
      {
        "state": "NSW",
        "price": "450",
        "price_per_unit": "450",
        "price_unit": "EA"
      },
      {
        "state": "VIC",
        "price": "450",
        "price_per_unit": "450",
        "price_unit": "EA"
      },
      null,
      {
        "state": "ACT",
        "price": "450",
        "price_per_unit": "450",
        "price_unit": "EA"
      }
    ]
  },
  {
    "source_url": "https://www.woolworths.com.au/shop/productdetails/122674/macro-onion-spring-organic",
    "name": "Macro Onion Spring Organic Each",
    "image_url": "https://cdn1.woolworths.media/content/wowproductimages/large/122674.jpg",
    "source_id": "Woolworths - 122674",
    "barcode": "0264512000006",
    "shop": "Woolworths",
    "weight": "1EA",
    "prices": [
      {
        "state": "VIC",
        "price": "490",
        "price_per_unit": "490",
        "price_unit": "EA"
      },
      {
        "state": "QLD",
        "price": "490",
        "price_per_unit": "490",
        "price_unit": "EA"
      },
      {
        "state": "WA",
        "price": "490",
        "price_per_unit": "490",
        "price_unit": "EA"
      },
      {
        "state": "SA",
        "price": "550",
        "price_per_unit": "550",
        "price_unit": "EA"
      },
      {
        "state": "TAS",
        "price": "500",
        "price_per_unit": "500",
        "price_unit": "EA"
      },
      {
        "state": "NT",
        "price": "550",
        "price_per_unit": "550",
        "price_unit": "EA"
      }
    ]
  },
  {
    "source_url": "https://www.woolworths.com.au/shop/productdetails/135245/macro-orange-navel-organic",
    "name": "Macro Orange Navel Organic 1.5kg Bag",
    "image_url": "https://cdn1.woolworths.media/content/wowproductimages/large/135245.jpg",
    "source_id": "Woolworths - 135245",
    "barcode": "9300633007164",
    "shop": "Woolworths",
    "weight": "1KG",
    "prices": [
      null,
      null,
      null
    ]
  },
  {
    "source_url": "https://www.woolworths.com.au/shop/productdetails/792361/macro-organic-avocado",
    "name": "Macro Organic Avocado Each",
    "image_url": "https://cdn1.woolworths.media/content/wowproductimages/large/792361.jpg",
    "source_id": "Woolworths - 792361",
    "barcode": "0266181000004",
    "shop": "Woolworths",
    "weight": "1EA",
    "prices": [
      {
        "state": "NSW",
        "price": "380",
        "price_per_unit": "380",
        "price_unit": "EA"
      },
      {
        "state": "VIC",
        "price": "380",
        "price_per_unit": "380",
        "price_unit": "EA"
      },
      {
        "state": "QLD",
        "price": "380",
        "price_per_unit": "380",
        "price_unit": "EA"
      },
      {
        "state": "WA",
        "price": "380",
        "price_per_unit": "380",
        "price_unit": "EA"
      },
      {
        "state": "SA",
        "price": "390",
        "price_per_unit": "390",
        "price_unit": "EA"
      },
      {
        "state": "ACT",
        "price": "380",
        "price_per_unit": "380",
        "price_unit": "EA"
      },
      null
    ]
  },
  {
    "source_url": "https://www.woolworths.com.au/shop/productdetails/306510/macro-organic-banana",
    "name": "Macro Organic Banana Each",
    "image_url": "https://cdn1.woolworths.media/content/wowproductimages/large/306510.jpg",
    "source_id": "Woolworths - 306510",
    "barcode": "0268095000002",
    "shop": "Woolworths",
    "weight": "1EA",
    "prices": [
      {
        "state": "NSW",
        "price": "117",
        "price_per_unit": "117",
        "price_unit": "EA"
      },
      {
        "state": "VIC",
        "price": "117",
        "price_per_unit": "117",
        "price_unit": "EA"
      },
      {
        "state": "QLD",
        "price": "117",
        "price_per_unit": "117",
        "price_unit": "EA"
      },
      {
        "state": "WA",
        "price": "117",
        "price_per_unit": "117",
        "price_unit": "EA"
      },
      {
        "state": "SA",
        "price": "135",
        "price_per_unit": "135",
        "price_unit": "EA"
      },
      {
        "state": "TAS",
        "price": "135",
        "price_per_unit": "135",
        "price_unit": "EA"
      },
      {
        "state": "ACT",
        "price": "117",
        "price_per_unit": "117",
        "price_unit": "EA"
      },
      {
        "state": "NT",
        "price": "135",
        "price_per_unit": "135",
        "price_unit": "EA"
      }
    ]
  },
  {
    "source_url": "https://www.woolworths.com.au/shop/productdetails/806260/macro-organic-beetroot",
    "name": "Macro Organic Beetroot 250g",
    "image_url": "https://cdn1.woolworths.media/content/wowproductimages/large/806260.jpg",
    "source_id": "Woolworths - 806260",
    "barcode": "9339687066339",
    "shop": "Woolworths",
    "weight": "1KG",
    "prices": [
      {
        "state": "NSW",
        "price": "490",
        "price_per_unit": "1960",
        "price_unit": "KG"
      },
      {
        "state": "VIC",
        "price": "490",
        "price_per_unit": "1960",
        "price_unit": "KG"
      },
      {
        "state": "QLD",
        "price": "490",
        "price_per_unit": "1960",
        "price_unit": "KG"
      },
      {
        "state": "WA",
        "price": "490",
        "price_per_unit": "1960",
        "price_unit": "KG"
      },
      {
        "state": "SA",
        "price": "490",
        "price_per_unit": "1960",
        "price_unit": "KG"
      },
      {
        "state": "TAS",
        "price": "490",
        "price_per_unit": "1960",
        "price_unit": "KG"
      },
      {
        "state": "ACT",
        "price": "490",
        "price_per_unit": "1960",
        "price_unit": "KG"
      },
      {
        "state": "NT",
        "price": "490",
        "price_per_unit": "1960",
        "price_unit": "KG"
      }
    ]
  },
  {
    "source_url": "https://www.woolworths.com.au/shop/productdetails/116277/macro-organic-beetroot-punnet",
    "name": "Macro Organic Beetroot Punnet 500g",
    "image_url": "https://cdn1.woolworths.media/content/wowproductimages/large/116277.jpg",
    "source_id": "Woolworths - 116277",
    "barcode": "9316131112484",
    "shop": "Woolworths",
    "weight": "1KG",
    "prices": [
      {
        "state": "NSW",
        "price": "500",
        "price_per_unit": "1000",
        "price_unit": "KG"
      },
      {
        "state": "VIC",
        "price": "500",
        "price_per_unit": "1000",
        "price_unit": "KG"
      },
      {
        "state": "QLD",
        "price": "500",
        "price_per_unit": "1000",
        "price_unit": "KG"
      },
      {
        "state": "WA",
        "price": "500",
        "price_per_unit": "1000",
        "price_unit": "KG"
      },
      {
        "state": "SA",
        "price": "650",
        "price_per_unit": "1300",
        "price_unit": "KG"
      },
      {
        "state": "TAS",
        "price": "650",
        "price_per_unit": "1300",
        "price_unit": "KG"
      },
      {
        "state": "ACT",
        "price": "500",
        "price_per_unit": "1000",
        "price_unit": "KG"
      },
      {
        "state": "NT",
        "price": "650",
        "price_per_unit": "1300",
        "price_unit": "KG"
      }
    ]
  },
  {
    "source_url": "https://www.woolworths.com.au/shop/productdetails/118526/macro-organic-blackberry-punnet",
    "name": "Macro Organic Blackberry Punnet 125G",
    "image_url": "https://cdn1.woolworths.media/content/wowproductimages/large/118526.jpg",
    "source_id": "Woolworths - 118526",
    "barcode": "9339687211906",
    "shop": "Woolworths",
    "weight": "1KG",
    "prices": [
      {
        "state": "NSW",
        "price": "550",
        "price_per_unit": "4400",
        "price_unit": "KG"
      },
      {
        "state": "VIC",
        "price": "590",
        "price_per_unit": "4720",
        "price_unit": "KG"
      },
      {
        "state": "QLD",
        "price": "550",
        "price_per_unit": "4400",
        "price_unit": "KG"
      },
      {
        "state": "WA",
        "price": "550",
        "price_per_unit": "4400",
        "price_unit": "KG"
      },
      {
        "state": "ACT",
        "price": "590",
        "price_per_unit": "4720",
        "price_unit": "KG"
      }
    ]
  },
  {
    "source_url": "https://www.woolworths.com.au/shop/productdetails/810386/macro-organic-broccoli",
    "name": "Macro Organic Broccoli 500g",
    "image_url": "https://cdn1.woolworths.media/content/wowproductimages/large/810386.jpg",
    "source_id": "Woolworths - 810386",
    "barcode": "9339687069057",
    "shop": "Woolworths",
    "weight": "1KG",
    "prices": [
      {
        "state": "NSW",
        "price": "700",
        "price_per_unit": "1400",
        "price_unit": "KG"
      },
      {
        "state": "VIC",
        "price": "700",
        "price_per_unit": "1400",
        "price_unit": "KG"
      },
      {
        "state": "QLD",
        "price": "700",
        "price_per_unit": "1400",
        "price_unit": "KG"
      },
      {
        "state": "WA",
        "price": "700",
        "price_per_unit": "1400",
        "price_unit": "KG"
      },
      {
        "state": "SA",
        "price": "900",
        "price_per_unit": "1800",
        "price_unit": "KG"
      },
      {
        "state": "ACT",
        "price": "700",
        "price_per_unit": "1400",
        "price_unit": "KG"
      },
      {
        "state": "NT",
        "price": "900",
        "price_per_unit": "1800",
        "price_unit": "KG"
      }
    ]
  },
  {
    "source_url": "https://www.woolworths.com.au/shop/productdetails/117381/macro-organic-carrots",
    "name": "Macro Organic Carrots 750g",
    "image_url": "https://cdn1.woolworths.media/content/wowproductimages/large/117381.jpg",
    "source_id": "Woolworths - 117381",
    "barcode": "9300633007218",
    "shop": "Woolworths",
    "weight": "1KG",
    "prices": [
      {
        "state": "NSW",
        "price": "400",
        "price_per_unit": "533",
        "price_unit": "KG"
      },
      {
        "state": "VIC",
        "price": "400",
        "price_per_unit": "533",
        "price_unit": "KG"
      },
      {
        "state": "QLD",
        "price": "400",
        "price_per_unit": "533",
        "price_unit": "KG"
      },
      {
        "state": "WA",
        "price": "400",
        "price_per_unit": "533",
        "price_unit": "KG"
      },
      {
        "state": "SA",
        "price": "440",
        "price_per_unit": "587",
        "price_unit": "KG"
      },
      {
        "state": "TAS",
        "price": "390",
        "price_per_unit": "520",
        "price_unit": "KG"
      },
      {
        "state": "ACT",
        "price": "290",
        "price_per_unit": "387",
        "price_unit": "KG"
      },
      null
    ]
  },
  {
    "source_url": "https://www.woolworths.com.au/shop/productdetails/629215/macro-organic-celery-sticks",
    "name": "Macro Organic Celery Sticks 250g",
    "image_url": "https://cdn1.woolworths.media/content/wowproductimages/large/629215.jpg",
    "source_id": "Woolworths - 629215",
    "barcode": "9300633677466",
    "shop": "Woolworths",
    "weight": "1KG",
    "prices": [
      {
        "state": "NSW",
        "price": "390",
        "price_per_unit": "1560",
        "price_unit": "KG"
      },
      null,
      null
    ]
  },
  {
    "source_url": "https://www.woolworths.com.au/shop/productdetails/651491/macro-organic-coleslaw-kale-slaw-kit",
    "name": "Macro Organic Coleslaw & Kale Slaw Kit 250g",
    "image_url": "https://cdn1.woolworths.media/content/wowproductimages/large/651491.jpg",
    "source_id": "Woolworths - 651491",
    "barcode": "9300633685966",
    "shop": "Woolworths",
    "weight": "1KG",
    "prices": [
      {
        "state": "NSW",
        "price": "490",
        "price_per_unit": "1960",
        "price_unit": "KG"
      },
      {
        "state": "VIC",
        "price": "490",
        "price_per_unit": "1960",
        "price_unit": "KG"
      },
      {
        "state": "QLD",
        "price": "490",
        "price_per_unit": "1960",
        "price_unit": "KG"
      },
      {
        "state": "WA",
        "price": "490",
        "price_per_unit": "1960",
        "price_unit": "KG"
      },
      {
        "state": "SA",
        "price": "490",
        "price_per_unit": "1960",
        "price_unit": "KG"
      },
      {
        "state": "ACT",
        "price": "490",
        "price_per_unit": "1960",
        "price_unit": "KG"
      },
      {
        "state": "NT",
        "price": "490",
        "price_per_unit": "1960",
        "price_unit": "KG"
      }
    ]
  },
  {
    "source_url": "https://www.woolworths.com.au/shop/productdetails/318163/macro-organic-dates-punnet",
    "name": "Macro Organic Dates Punnet 200g",
    "image_url": "https://cdn1.woolworths.media/content/wowproductimages/large/318163.jpg",
    "source_id": "Woolworths - 318163",
    "barcode": "9300633126490",
    "shop": "Woolworths",
    "weight": "1KG",
    "prices": [
      {
        "state": "NSW",
        "price": "750",
        "price_per_unit": "3750",
        "price_unit": "KG"
      },
      {
        "state": "VIC",
        "price": "750",
        "price_per_unit": "3750",
        "price_unit": "KG"
      },
      {
        "state": "QLD",
        "price": "750",
        "price_per_unit": "3750",
        "price_unit": "KG"
      },
      {
        "state": "WA",
        "price": "750",
        "price_per_unit": "3750",
        "price_unit": "KG"
      },
      {
        "state": "SA",
        "price": "750",
        "price_per_unit": "3750",
        "price_unit": "KG"
      },
      {
        "state": "TAS",
        "price": "750",
        "price_per_unit": "3750",
        "price_unit": "KG"
      },
      {
        "state": "ACT",
        "price": "750",
        "price_per_unit": "3750",
        "price_unit": "KG"
      },
      {
        "state": "NT",
        "price": "750",
        "price_per_unit": "3750",
        "price_unit": "KG"
      }
    ]
  },
  {
    "source_url": "https://www.woolworths.com.au/shop/productdetails/157404/macro-organic-ginger-punnet",
    "name": "Macro Organic Ginger Punnet 150g",
    "image_url": "https://cdn1.woolworths.media/content/wowproductimages/large/157404.jpg",
    "source_id": "Woolworths - 157404",
    "barcode": "9300633007379",
    "shop": "Woolworths",
    "weight": "1KG",
    "prices": [
      {
        "state": "NSW",
        "price": "650",
        "price_per_unit": "4333",
        "price_unit": "KG"
      },
      {
        "state": "TAS",
        "price": "650",
        "price_per_unit": "4333",
        "price_unit": "KG"
      },
      {
        "state": "ACT",
        "price": "650",
        "price_per_unit": "4333",
        "price_unit": "KG"
      },
      {
        "state": "NT",
        "price": "750",
        "price_per_unit": "5000",
        "price_unit": "KG"
      }
    ]
  },
  {
    "source_url": "https://www.woolworths.com.au/shop/productdetails/426911/macro-organic-gourmet-salad-mix",
    "name": "Macro Organic Gourmet Salad Mix 100g",
    "image_url": "https://cdn1.woolworths.media/content/wowproductimages/large/426911.jpg",
    "source_id": "Woolworths - 426911",
    "barcode": "9300633584412",
    "shop": "Woolworths",
    "weight": "1KG",
    "prices": [
      {
        "state": "NSW",
        "price": "400",
        "price_per_unit": "4000",
        "price_unit": "KG"
      },
      {
        "state": "VIC",
        "price": "400",
        "price_per_unit": "4000",
        "price_unit": "KG"
      },
      {
        "state": "QLD",
        "price": "400",
        "price_per_unit": "4000",
        "price_unit": "KG"
      },
      {
        "state": "WA",
        "price": "400",
        "price_per_unit": "4000",
        "price_unit": "KG"
      },
      {
        "state": "SA",
        "price": "400",
        "price_per_unit": "4000",
        "price_unit": "KG"
      },
      {
        "state": "ACT",
        "price": "400",
        "price_per_unit": "4000",
        "price_unit": "KG"
      },
      {
        "state": "NT",
        "price": "400",
        "price_per_unit": "4000",
        "price_unit": "KG"
      }
    ]
  },
  {
    "source_url": "https://www.woolworths.com.au/shop/productdetails/160903/macro-organic-green-asparagus-bunch",
    "name": "Macro Organic Green Asparagus Bunch each",
    "image_url": "https://cdn1.woolworths.media/content/wowproductimages/large/160903.jpg",
    "source_id": "Woolworths - 160903",
    "barcode": "0269798000009",
    "shop": "Woolworths",
    "weight": "1EA",
    "prices": [
      {
        "state": "NSW",
        "price": "600",
        "price_per_unit": "600",
        "price_unit": "EA"
      },
      null
    ]
  },
  {
    "source_url": "https://www.woolworths.com.au/shop/productdetails/83985/macro-organic-green-capsicum",
    "name": "Macro Organic Green Capsicum 400g",
    "image_url": "https://cdn1.woolworths.media/content/wowproductimages/large/083985.jpg",
    "source_id": "Woolworths - 83985",
    "barcode": "9339687157792",
    "shop": "Woolworths",
    "weight": "1KG",
    "prices": [
      {
        "state": "VIC",
        "price": "790",
        "price_per_unit": "1975",
        "price_unit": "KG"
      },
      null,
      {
        "state": "ACT",
        "price": "790",
        "price_per_unit": "1975",
        "price_unit": "KG"
      }
    ]
  },
  {
    "source_url": "https://www.woolworths.com.au/shop/productdetails/117383/macro-organic-green-zucchini-punnet",
    "name": "Macro Organic Green Zucchini Punnet 500g",
    "image_url": "https://cdn1.woolworths.media/content/wowproductimages/large/117383.jpg",
    "source_id": "Woolworths - 117383",
    "barcode": "9300633007454",
    "shop": "Woolworths",
    "weight": "1KG",
    "prices": [
      {
        "state": "SA",
        "price": "650",
        "price_per_unit": "1300",
        "price_unit": "KG"
      },
      null,
      {
        "state": "ACT",
        "price": "500",
        "price_per_unit": "1000",
        "price_unit": "KG"
      },
      null
    ]
  },
  {
    "source_url": "https://www.woolworths.com.au/shop/productdetails/427867/macro-organic-herb-coriander-bunch",
    "name": "Macro Organic Herb Coriander Bunch Each",
    "image_url": "https://cdn1.woolworths.media/content/wowproductimages/large/427867.jpg",
    "source_id": "Woolworths - 427867",
    "barcode": "0262331000009",
    "shop": "Woolworths",
    "weight": "1EA",
    "prices": [
      {
        "state": "NSW",
        "price": "400",
        "price_per_unit": "400",
        "price_unit": "EA"
      },
      {
        "state": "VIC",
        "price": "400",
        "price_per_unit": "400",
        "price_unit": "EA"
      },
      {
        "state": "QLD",
        "price": "400",
        "price_per_unit": "400",
        "price_unit": "EA"
      },
      {
        "state": "WA",
        "price": "400",
        "price_per_unit": "400",
        "price_unit": "EA"
      },
      {
        "state": "SA",
        "price": "400",
        "price_per_unit": "400",
        "price_unit": "EA"
      },
      null,
      {
        "state": "NT",
        "price": "400",
        "price_per_unit": "400",
        "price_unit": "EA"
      }
    ]
  },
  {
    "source_url": "https://www.woolworths.com.au/shop/productdetails/427873/macro-organic-herb-parsley-bunch",
    "name": "Macro Organic Herb Parsley Bunch Each",
    "image_url": "https://cdn1.woolworths.media/content/wowproductimages/large/427873.jpg",
    "source_id": "Woolworths - 427873",
    "barcode": "0262351000003",
    "shop": "Woolworths",
    "weight": "1EA",
    "prices": [
      {
        "state": "NSW",
        "price": "400",
        "price_per_unit": "400",
        "price_unit": "EA"
      },
      {
        "state": "VIC",
        "price": "400",
        "price_per_unit": "400",
        "price_unit": "EA"
      },
      {
        "state": "QLD",
        "price": "400",
        "price_per_unit": "400",
        "price_unit": "EA"
      },
      {
        "state": "WA",
        "price": "400",
        "price_per_unit": "400",
        "price_unit": "EA"
      },
      {
        "state": "SA",
        "price": "400",
        "price_per_unit": "400",
        "price_unit": "EA"
      },
      null,
      null,
      {
        "state": "NT",
        "price": "400",
        "price_per_unit": "400",
        "price_unit": "EA"
      }
    ]
  },
  {
    "source_url": "https://www.woolworths.com.au/shop/productdetails/772786/macro-organic-kale",
    "name": "Macro Organic Kale Each",
    "image_url": "https://cdn1.woolworths.media/content/wowproductimages/large/772786.jpg",
    "source_id": "Woolworths - 772786",
    "barcode": "0261670000008",
    "shop": "Woolworths",
    "weight": "1EA",
    "prices": [
      {
        "state": "VIC",
        "price": "500",
        "price_per_unit": "500",
        "price_unit": "EA"
      },
      {
        "state": "QLD",
        "price": "600",
        "price_per_unit": "600",
        "price_unit": "EA"
      },
      {
        "state": "WA",
        "price": "600",
        "price_per_unit": "600",
        "price_unit": "EA"
      },
      {
        "state": "SA",
        "price": "650",
        "price_per_unit": "650",
        "price_unit": "EA"
      },
      {
        "state": "TAS",
        "price": "590",
        "price_per_unit": "590",
        "price_unit": "EA"
      },
      {
        "state": "NT",
        "price": "650",
        "price_per_unit": "650",
        "price_unit": "EA"
      }
    ]
  },
  {
    "source_url": "https://www.woolworths.com.au/shop/productdetails/153654/macro-organic-kiwi-fruit",
    "name": "Macro Organic Kiwi Fruit 6 Pack",
    "image_url": "https://cdn1.woolworths.media/content/wowproductimages/large/153654.jpg",
    "source_id": "Woolworths - 153654",
    "barcode": "9300633007669",
    "shop": "Woolworths",
    "weight": "1EA",
    "prices": [
      {
        "state": "VIC",
        "price": "690",
        "price_per_unit": "115",
        "price_unit": "EA"
      },
      {
        "state": "SA",
        "price": "690",
        "price_per_unit": "115",
        "price_unit": "EA"
      },
      null,
      null,
      {
        "state": "NT",
        "price": "690",
        "price_per_unit": "115",
        "price_unit": "EA"
      }
    ]
  },
  {
    "source_url": "https://www.woolworths.com.au/shop/productdetails/79173/macro-organic-lebanese-cucumber",
    "name": "Macro Organic Lebanese Cucumber 350g",
    "image_url": "https://cdn1.woolworths.media/content/wowproductimages/large/079173.jpg",
    "source_id": "Woolworths - 79173",
    "barcode": "9339687153428",
    "shop": "Woolworths",
    "weight": "1KG",
    "prices": [
      {
        "state": "NSW",
        "price": "450",
        "price_per_unit": "1286",
        "price_unit": "KG"
      },
      {
        "state": "VIC",
        "price": "450",
        "price_per_unit": "1286",
        "price_unit": "KG"
      },
      {
        "state": "QLD",
        "price": "450",
        "price_per_unit": "1286",
        "price_unit": "KG"
      },
      {
        "state": "WA",
        "price": "450",
        "price_per_unit": "1286",
        "price_unit": "KG"
      },
      {
        "state": "SA",
        "price": "490",
        "price_per_unit": "1400",
        "price_unit": "KG"
      },
      null,
      {
        "state": "NT",
        "price": "490",
        "price_per_unit": "1400",
        "price_unit": "KG"
      }
    ]
  },
  {
    "source_url": "https://www.woolworths.com.au/shop/productdetails/63832/macro-organic-lemon",
    "name": "Macro Organic Lemon 500g",
    "image_url": "https://cdn1.woolworths.media/content/wowproductimages/large/063832.jpg",
    "source_id": "Woolworths - 63832",
    "barcode": "9339687135134",
    "shop": "Woolworths",
    "weight": "1KG",
    "prices": [
      {
        "state": "NSW",
        "price": "550",
        "price_per_unit": "1100",
        "price_unit": "KG"
      },
      null
    ]
  },
  {
    "source_url": "https://www.woolworths.com.au/shop/productdetails/814379/macro-organic-nectarine",
    "name": "Macro Organic Nectarine 500g",
    "image_url": "https://cdn1.woolworths.media/content/wowproductimages/large/814379.jpg",
    "source_id": "Woolworths - 814379",
    "barcode": "9339687072637",
    "shop": "Woolworths",
    "weight": "1KG",
    "prices": [
      {
        "state": "NSW",
        "price": "690",
        "price_per_unit": "1380",
        "price_unit": "KG"
      },
      null
    ]
  },
  {
    "source_url": "https://www.woolworths.com.au/shop/productdetails/60053/macro-organic-parsnip",
    "name": "Macro Organic Parsnip 350g",
    "image_url": "https://cdn1.woolworths.media/content/wowproductimages/large/060053.jpg",
    "source_id": "Woolworths - 60053",
    "barcode": "9339687108121",
    "shop": "Woolworths",
    "weight": "1KG",
    "prices": []
  },
  {
    "source_url": "https://www.woolworths.com.au/shop/productdetails/169761/macro-organic-roma-tomato",
    "name": "Macro Organic Roma Tomato 500g",
    "image_url": "https://cdn1.woolworths.media/content/wowproductimages/large/169761.jpg",
    "source_id": "Woolworths - 169761",
    "barcode": "9300633007522",
    "shop": "Woolworths",
    "weight": "1KG",
    "prices": []
  },
  {
    "source_url": "https://www.woolworths.com.au/shop/productdetails/306567/macro-organic-round-beans",
    "name": "Macro Organic Round Beans 200g",
    "image_url": "https://cdn1.woolworths.media/content/wowproductimages/large/306567.jpg",
    "source_id": "Woolworths - 306567",
    "barcode": "9300633077488",
    "shop": "Woolworths",
    "weight": "1KG",
    "prices": [
      {
        "state": "NSW",
        "price": "460",
        "price_per_unit": "2300",
        "price_unit": "KG"
      },
      {
        "state": "VIC",
        "price": "460",
        "price_per_unit": "2300",
        "price_unit": "KG"
      },
      {
        "state": "QLD",
        "price": "460",
        "price_per_unit": "2300",
        "price_unit": "KG"
      },
      {
        "state": "WA",
        "price": "460",
        "price_per_unit": "2300",
        "price_unit": "KG"
      },
      null,
      {
        "state": "ACT",
        "price": "460",
        "price_per_unit": "2300",
        "price_unit": "KG"
      },
      null
    ]
  },
  {
    "source_url": "https://www.woolworths.com.au/shop/productdetails/154338/macro-organic-royal-gala-apple-punnet",
    "name": "Macro Organic Royal Gala Apple Punnet 1kg",
    "image_url": "https://cdn1.woolworths.media/content/wowproductimages/large/154338.jpg",
    "source_id": "Woolworths - 154338",
    "barcode": "9300633007034",
    "shop": "Woolworths",
    "weight": "1KG",
    "prices": [
      null,
      null,
      null
    ]
  },
  {
    "source_url": "https://www.woolworths.com.au/shop/productdetails/120471/macro-organic-silverbeet-bunch",
    "name": "Macro Organic Silverbeet Bunch Each",
    "image_url": "https://cdn1.woolworths.media/content/wowproductimages/large/120471.jpg",
    "source_id": "Woolworths - 120471",
    "barcode": "0265638000000",
    "shop": "Woolworths",
    "weight": "1EA",
    "prices": [
      {
        "state": "NSW",
        "price": "550",
        "price_per_unit": "550",
        "price_unit": "EA"
      },
      null,
      null
    ]
  },
  {
    "source_url": "https://www.woolworths.com.au/shop/productdetails/349592/macro-organic-silverbeet-rainbow",
    "name": "Macro Organic Silverbeet Rainbow Each",
    "image_url": "https://cdn1.woolworths.media/content/wowproductimages/large/349592.jpg",
    "source_id": "Woolworths - 349592",
    "barcode": "9300633163259",
    "shop": "Woolworths",
    "weight": "1EA",
    "prices": [
      {
        "state": "NSW",
        "price": "550",
        "price_per_unit": "550",
        "price_unit": "EA"
      },
      {
        "state": "VIC",
        "price": "550",
        "price_per_unit": "550",
        "price_unit": "EA"
      },
      {
        "state": "SA",
        "price": "550",
        "price_per_unit": "550",
        "price_unit": "EA"
      },
      null,
      {
        "state": "ACT",
        "price": "550",
        "price_per_unit": "550",
        "price_unit": "EA"
      }
    ]
  },
  {
    "source_url": "https://www.woolworths.com.au/shop/productdetails/625377/macro-organic-snacking-tomato",
    "name": "Macro Organic Snacking Tomato 200g Punnet",
    "image_url": "https://cdn1.woolworths.media/content/wowproductimages/large/625377.jpg",
    "source_id": "Woolworths - 625377",
    "barcode": "9300633675431",
    "shop": "Woolworths",
    "weight": "1KG",
    "prices": [
      {
        "state": "NSW",
        "price": "450",
        "price_per_unit": "2250",
        "price_unit": "KG"
      },
      {
        "state": "VIC",
        "price": "450",
        "price_per_unit": "2250",
        "price_unit": "KG"
      },
      {
        "state": "QLD",
        "price": "450",
        "price_per_unit": "2250",
        "price_unit": "KG"
      },
      {
        "state": "WA",
        "price": "450",
        "price_per_unit": "2250",
        "price_unit": "KG"
      },
      {
        "state": "SA",
        "price": "450",
        "price_per_unit": "2250",
        "price_unit": "KG"
      },
      null,
      null,
      {
        "state": "NT",
        "price": "450",
        "price_per_unit": "2250",
        "price_unit": "KG"
      }
    ]
  },
  {
    "source_url": "https://www.woolworths.com.au/shop/productdetails/117393/macro-organic-snow-peas",
    "name": "Macro Organic Snow Peas 125g Pack",
    "image_url": "https://cdn1.woolworths.media/content/wowproductimages/large/117393.jpg",
    "source_id": "Woolworths - 117393",
    "barcode": "9300633007478",
    "shop": "Woolworths",
    "weight": "1KG",
    "prices": [
      null,
      null
    ]
  },
  {
    "source_url": "https://www.woolworths.com.au/shop/productdetails/688869/macro-organic-solanato-tomatoes",
    "name": "Macro Organic Solanato Tomatoes 200g",
    "image_url": "https://cdn1.woolworths.media/content/wowproductimages/large/688869.jpg",
    "source_id": "Woolworths - 688869",
    "barcode": "9339687045365",
    "shop": "Woolworths",
    "weight": "1KG",
    "prices": [
      {
        "state": "NSW",
        "price": "400",
        "price_per_unit": "2000",
        "price_unit": "KG"
      },
      {
        "state": "VIC",
        "price": "400",
        "price_per_unit": "2000",
        "price_unit": "KG"
      },
      {
        "state": "QLD",
        "price": "400",
        "price_per_unit": "2000",
        "price_unit": "KG"
      },
      {
        "state": "WA",
        "price": "400",
        "price_per_unit": "2000",
        "price_unit": "KG"
      },
      null,
      null,
      null
    ]
  },
  {
    "source_url": "https://www.woolworths.com.au/shop/productdetails/372556/macro-organic-sweet-corn",
    "name": "Macro Organic Sweet Corn 400g",
    "image_url": "https://cdn1.woolworths.media/content/wowproductimages/large/372556.jpg",
    "source_id": "Woolworths - 372556",
    "barcode": "9300633007331",
    "shop": "Woolworths",
    "weight": "1KG",
    "prices": [
      {
        "state": "VIC",
        "price": "750",
        "price_per_unit": "1875",
        "price_unit": "KG"
      },
      {
        "state": "SA",
        "price": "790",
        "price_per_unit": "1975",
        "price_unit": "KG"
      },
      {
        "state": "TAS",
        "price": "790",
        "price_per_unit": "1975",
        "price_unit": "KG"
      },
      {
        "state": "ACT",
        "price": "750",
        "price_per_unit": "1875",
        "price_unit": "KG"
      },
      {
        "state": "NT",
        "price": "790",
        "price_per_unit": "1975",
        "price_unit": "KG"
      }
    ]
  },
  {
    "source_url": "https://www.woolworths.com.au/shop/productdetails/271214/macro-organic-sweet-potato",
    "name": "Macro Organic Sweet Potato 500g",
    "image_url": "https://cdn1.woolworths.media/content/wowproductimages/large/271214.jpg",
    "source_id": "Woolworths - 271214",
    "barcode": "9339687329564",
    "shop": "Woolworths",
    "weight": "1KG",
    "prices": [
      {
        "state": "NSW",
        "price": "890",
        "price_per_unit": "1780",
        "price_unit": "KG"
      },
      {
        "state": "VIC",
        "price": "890",
        "price_per_unit": "1780",
        "price_unit": "KG"
      },
      {
        "state": "QLD",
        "price": "890",
        "price_per_unit": "1780",
        "price_unit": "KG"
      },
      {
        "state": "WA",
        "price": "890",
        "price_per_unit": "1780",
        "price_unit": "KG"
      },
      null,
      null,
      null
    ]
  },
  {
    "source_url": "https://www.woolworths.com.au/shop/productdetails/413886/macro-organic-sweet-potato",
    "name": "Macro Organic Sweet Potato Each",
    "image_url": "https://cdn1.woolworths.media/content/wowproductimages/large/413886.jpg",
    "source_id": "Woolworths - 413886",
    "barcode": "0262904000009",
    "shop": "Woolworths",
    "weight": "1EA",
    "prices": [
      {
        "state": "NSW",
        "price": "581",
        "price_per_unit": "581",
        "price_unit": "EA"
      },
      {
        "state": "VIC",
        "price": "581",
        "price_per_unit": "581",
        "price_unit": "EA"
      },
      {
        "state": "QLD",
        "price": "581",
        "price_per_unit": "581",
        "price_unit": "EA"
      },
      {
        "state": "WA",
        "price": "581",
        "price_per_unit": "581",
        "price_unit": "EA"
      },
      {
        "state": "SA",
        "price": "581",
        "price_per_unit": "581",
        "price_unit": "EA"
      },
      null,
      {
        "state": "ACT",
        "price": "581",
        "price_per_unit": "581",
        "price_unit": "EA"
      },
      {
        "state": "NT",
        "price": "581",
        "price_per_unit": "581",
        "price_unit": "EA"
      }
    ]
  },
  {
    "source_url": "https://www.woolworths.com.au/shop/productdetails/102305/macro-organic-tumeric",
    "name": "Macro Organic Tumeric 75g",
    "image_url": "https://cdn1.woolworths.media/content/wowproductimages/large/102305.jpg",
    "source_id": "Woolworths - 102305",
    "barcode": "9339687185016",
    "shop": "Woolworths",
    "weight": "1KG",
    "prices": [
      null
    ]
  },
  {
    "source_url": "https://www.woolworths.com.au/shop/productdetails/141407/macro-organic-valencia-oranges",
    "name": "Macro Organic Valencia Oranges 1.5kg Bag",
    "image_url": "https://cdn1.woolworths.media/content/wowproductimages/large/141407.jpg",
    "source_id": "Woolworths - 141407",
    "barcode": "9300633007171",
    "shop": "Woolworths",
    "weight": "1KG",
    "prices": [
      {
        "state": "NSW",
        "price": "890",
        "price_per_unit": "593",
        "price_unit": "KG"
      },
      {
        "state": "VIC",
        "price": "890",
        "price_per_unit": "593",
        "price_unit": "KG"
      },
      {
        "state": "QLD",
        "price": "890",
        "price_per_unit": "593",
        "price_unit": "KG"
      },
      {
        "state": "WA",
        "price": "890",
        "price_per_unit": "593",
        "price_unit": "KG"
      },
      {
        "state": "ACT",
        "price": "890",
        "price_per_unit": "593",
        "price_unit": "KG"
      }
    ]
  },
  {
    "source_url": "https://www.woolworths.com.au/shop/productdetails/717236/organic-wild-rocket",
    "name": "Macro Organic Wild Rocket 100g",
    "image_url": "https://cdn1.woolworths.media/content/wowproductimages/large/717236.jpg",
    "source_id": "Woolworths - 717236",
    "barcode": "9339687304820",
    "shop": "Woolworths",
    "weight": "1KG",
    "prices": [
      {
        "state": "NSW",
        "price": "450",
        "price_per_unit": "4500",
        "price_unit": "KG"
      },
      {
        "state": "VIC",
        "price": "450",
        "price_per_unit": "4500",
        "price_unit": "KG"
      },
      {
        "state": "QLD",
        "price": "450",
        "price_per_unit": "4500",
        "price_unit": "KG"
      },
      {
        "state": "WA",
        "price": "450",
        "price_per_unit": "4500",
        "price_unit": "KG"
      },
      null,
      {
        "state": "ACT",
        "price": "450",
        "price_per_unit": "4500",
        "price_unit": "KG"
      },
      {
        "state": "NT",
        "price": "450",
        "price_per_unit": "4500",
        "price_unit": "KG"
      }
    ]
  },
  {
    "source_url": "https://www.woolworths.com.au/shop/productdetails/814378/macro-organic-yellow-peaches-pre-packed",
    "name": "Macro Organic Yellow Peaches Pre Packed 500g",
    "image_url": "https://cdn1.woolworths.media/content/wowproductimages/large/814378.jpg",
    "source_id": "Woolworths - 814378",
    "barcode": "9339687072620",
    "shop": "Woolworths",
    "weight": "1KG",
    "prices": [
      {
        "state": "NSW",
        "price": "690",
        "price_per_unit": "1380",
        "price_unit": "KG"
      },
      {
        "state": "VIC",
        "price": "690",
        "price_per_unit": "1380",
        "price_unit": "KG"
      },
      {
        "state": "QLD",
        "price": "690",
        "price_per_unit": "1380",
        "price_unit": "KG"
      },
      {
        "state": "WA",
        "price": "690",
        "price_per_unit": "1380",
        "price_unit": "KG"
      },
      null
    ]
  },
  {
    "source_url": "https://www.woolworths.com.au/shop/productdetails/160888/macro-pink-lady-apple-organic",
    "name": "Macro Pink Lady Apple Organic 1kg Punnet",
    "image_url": "https://cdn1.woolworths.media/content/wowproductimages/large/160888.jpg",
    "source_id": "Woolworths - 160888",
    "barcode": "9300633007249",
    "shop": "Woolworths",
    "weight": "1KG",
    "prices": [
      {
        "state": "TAS",
        "price": "850",
        "price_per_unit": "850",
        "price_unit": "KG"
      },
      null,
      null
    ]
  },
  {
    "source_url": "https://www.woolworths.com.au/shop/productdetails/1634/macro-pumpkin-butternut-cut-organic",
    "name": "Macro Pumpkin Butternut Cut Organic Each",
    "image_url": "https://cdn1.woolworths.media/content/wowproductimages/large/001634.jpg",
    "source_id": "Woolworths - 1634",
    "barcode": "9339687091928",
    "shop": "Woolworths",
    "weight": "1EA",
    "prices": [
      {
        "state": "VIC",
        "price": "350",
        "price_per_unit": "350",
        "price_unit": "EA"
      },
      {
        "state": "SA",
        "price": "320",
        "price_per_unit": "320",
        "price_unit": "EA"
      },
      null,
      null,
      {
        "state": "NT",
        "price": "345",
        "price_per_unit": "345",
        "price_unit": "EA"
      }
    ]
  },
  {
    "source_url": "https://www.woolworths.com.au/shop/productdetails/1632/macro-pumpkin-kent-cut-organic",
    "name": "Macro Pumpkin Kent Cut Organic Each",
    "image_url": "https://cdn1.woolworths.media/content/wowproductimages/large/001632.jpg",
    "source_id": "Woolworths - 1632",
    "barcode": "9339687091911",
    "shop": "Woolworths",
    "weight": "1EA",
    "prices": [
      {
        "state": "NSW",
        "price": "325",
        "price_per_unit": "325",
        "price_unit": "EA"
      },
      {
        "state": "VIC",
        "price": "325",
        "price_per_unit": "325",
        "price_unit": "EA"
      },
      {
        "state": "QLD",
        "price": "325",
        "price_per_unit": "325",
        "price_unit": "EA"
      },
      {
        "state": "WA",
        "price": "325",
        "price_per_unit": "325",
        "price_unit": "EA"
      },
      {
        "state": "SA",
        "price": "375",
        "price_per_unit": "375",
        "price_unit": "EA"
      },
      null,
      null,
      {
        "state": "NT",
        "price": "375",
        "price_per_unit": "375",
        "price_unit": "EA"
      }
    ]
  },
  {
    "source_url": "https://www.woolworths.com.au/shop/productdetails/781399/macro-red-grapes-organic",
    "name": "Macro Red Grapes Organic 500g",
    "image_url": "https://cdn1.woolworths.media/content/wowproductimages/large/781399.jpg",
    "source_id": "Woolworths - 781399",
    "barcode": "9300633703127",
    "shop": "Woolworths",
    "weight": "1KG",
    "prices": [
      null
    ]
  },
  {
    "source_url": "https://www.woolworths.com.au/shop/productdetails/769064/macro-sebago-organic-potato",
    "name": "Macro Sebago Organic Potato 1kg Punnet",
    "image_url": "https://cdn1.woolworths.media/content/wowproductimages/large/769064.jpg",
    "source_id": "Woolworths - 769064",
    "barcode": "9300633451059",
    "shop": "Woolworths",
    "weight": "1KG",
    "prices": [
      {
        "state": "NSW",
        "price": "500",
        "price_per_unit": "500",
        "price_unit": "KG"
      },
      {
        "state": "VIC",
        "price": "500",
        "price_per_unit": "500",
        "price_unit": "KG"
      },
      {
        "state": "ACT",
        "price": "350",
        "price_per_unit": "350",
        "price_unit": "KG"
      }
    ]
  },
  {
    "source_url": "https://www.woolworths.com.au/shop/productdetails/751602/macro-sugar-plum-organic",
    "name": "Macro Sugar Plum Organic 500g",
    "image_url": "https://cdn1.woolworths.media/content/wowproductimages/large/751602.jpg",
    "source_id": "Woolworths - 751602",
    "barcode": "9347386000004",
    "shop": "Woolworths",
    "weight": "1KG",
    "prices": [
      null
    ]
  },
  {
    "source_url": "https://www.woolworths.com.au/shop/productdetails/676206/macro-white-organic-grapes",
    "name": "Macro White Organic Grapes 500g",
    "image_url": "https://cdn1.woolworths.media/content/wowproductimages/large/676206.jpg",
    "source_id": "Woolworths - 676206",
    "barcode": "9339687030347",
    "shop": "Woolworths",
    "weight": "1KG",
    "prices": [
      null
    ]
  },
  {
    "source_url": "https://www.woolworths.com.au/shop/productdetails/271213/macro-wholefoods-market-organic-australian-mini-cucumbers",
    "name": "Macro Wholefoods Market Organic Australian Mini Cucumbers 200g",
    "image_url": "https://cdn1.woolworths.media/content/wowproductimages/large/271213.jpg",
    "source_id": "Woolworths - 271213",
    "barcode": "9339687329557",
    "shop": "Woolworths",
    "weight": "1KG",
    "prices": [
      {
        "state": "NSW",
        "price": "300",
        "price_per_unit": "1500",
        "price_unit": "KG"
      },
      {
        "state": "VIC",
        "price": "300",
        "price_per_unit": "1500",
        "price_unit": "KG"
      },
      {
        "state": "QLD",
        "price": "300",
        "price_per_unit": "1500",
        "price_unit": "KG"
      },
      {
        "state": "WA",
        "price": "300",
        "price_per_unit": "1500",
        "price_unit": "KG"
      },
      {
        "state": "SA",
        "price": "390",
        "price_per_unit": "1950",
        "price_unit": "KG"
      },
      null,
      null,
      null
    ]
  },
  {
    "source_url": "https://www.woolworths.com.au/shop/productdetails/285806/organic-carrots",
    "name": "Organic Carrots 500g",
    "image_url": "https://cdn1.woolworths.media/content/wowproductimages/large/285806.jpg",
    "source_id": "Woolworths - 285806",
    "barcode": "9339687341214",
    "shop": "Woolworths",
    "weight": "1KG",
    "prices": [
      {
        "state": "NSW",
        "price": "290",
        "price_per_unit": "580",
        "price_unit": "KG"
      },
      {
        "state": "VIC",
        "price": "290",
        "price_per_unit": "580",
        "price_unit": "KG"
      },
      {
        "state": "QLD",
        "price": "290",
        "price_per_unit": "580",
        "price_unit": "KG"
      },
      {
        "state": "WA",
        "price": "290",
        "price_per_unit": "580",
        "price_unit": "KG"
      }
    ]
  },
  {
    "source_url": "https://www.woolworths.com.au/shop/productdetails/238802/organic-in-conversion-apple-jazz",
    "name": "Organic In Conversion Apple Jazz 1kg",
    "image_url": "https://cdn1.woolworths.media/content/wowproductimages/large/238802.jpg",
    "source_id": "Woolworths - 238802",
    "barcode": "9322288005746",
    "shop": "Woolworths",
    "weight": "1KG",
    "prices": [
      null,
      null
    ]
  },
  {
    "source_url": "https://www.woolworths.com.au/shop/productdetails/79288/organic-mini-watermelon-seedless",
    "name": "Organic Mini Watermelon Seedless Each",
    "image_url": "https://cdn1.woolworths.media/content/wowproductimages/large/079288.jpg",
    "source_id": "Woolworths - 79288",
    "barcode": "0261557000008",
    "shop": "Woolworths",
    "weight": "1EA",
    "prices": [
      {
        "state": "NSW",
        "price": "790",
        "price_per_unit": "790",
        "price_unit": "EA"
      },
      {
        "state": "SA",
        "price": "790",
        "price_per_unit": "790",
        "price_unit": "EA"
      },
      {
        "state": "ACT",
        "price": "790",
        "price_per_unit": "790",
        "price_unit": "EA"
      },
      {
        "state": "NT",
        "price": "790",
        "price_per_unit": "790",
        "price_unit": "EA"
      }
    ]
  },
  {
    "source_url": "https://www.woolworths.com.au/shop/productdetails/856965/organic-pak-choy-baby",
    "name": "Organic Pak Choy Baby Each",
    "image_url": "https://cdn1.woolworths.media/content/wowproductimages/large/856965.jpg",
    "source_id": "Woolworths - 856965",
    "barcode": "9339687087600",
    "shop": "Woolworths",
    "weight": "1EA",
    "prices": [
      {
        "state": "NSW",
        "price": "490",
        "price_per_unit": "490",
        "price_unit": "EA"
      },
      {
        "state": "SA",
        "price": "490",
        "price_per_unit": "490",
        "price_unit": "EA"
      },
      null,
      null,
      {
        "state": "NT",
        "price": "490",
        "price_per_unit": "490",
        "price_unit": "EA"
      }
    ]
  },
  {
    "source_url": "https://www.woolworths.com.au/shop/productdetails/239825/organic-papaya-whole-papaya",
    "name": "Organic Papaya Whole Papaya Each",
    "image_url": "https://cdn1.woolworths.media/content/wowproductimages/large/239825.jpg",
    "source_id": "Woolworths - 239825",
    "barcode": "0260995000007",
    "shop": "Woolworths",
    "weight": "1EA",
    "prices": []
  },
  {
    "source_url": "https://www.woolworths.com.au/shop/productdetails/685740/organic-pumpkin-butternut",
    "name": "Organic Pumpkin Butternut Each",
    "image_url": "https://cdn1.woolworths.media/content/wowproductimages/large/685740.jpg",
    "source_id": "Woolworths - 685740",
    "barcode": "0269105000005",
    "shop": "Woolworths",
    "weight": "1EA",
    "prices": [
      {
        "state": "VIC",
        "price": "650",
        "price_per_unit": "650",
        "price_unit": "EA"
      },
      null,
      {
        "state": "ACT",
        "price": "650",
        "price_per_unit": "650",
        "price_unit": "EA"
      }
    ]
  },
  {
    "source_url": "https://www.woolworths.com.au/shop/productdetails/255755/organic-red-cabbage-half",
    "name": "Organic Red Cabbage Half Each",
    "image_url": "https://cdn1.woolworths.media/content/wowproductimages/large/255755.jpg",
    "source_id": "Woolworths - 255755",
    "barcode": "0268798000002",
    "shop": "Woolworths",
    "weight": "1EA",
    "prices": [
      {
        "state": "QLD",
        "price": "690",
        "price_per_unit": "690",
        "price_unit": "EA"
      },
      {
        "state": "WA",
        "price": "690",
        "price_per_unit": "690",
        "price_unit": "EA"
      },
      null
    ]
  },
  {
    "source_url": "https://www.woolworths.com.au/shop/productdetails/83986/macro-organic-red-capsicum",
    "name": "Organic Red Capsicum 400g",
    "image_url": "https://cdn1.woolworths.media/content/wowproductimages/large/083986.jpg",
    "source_id": "Woolworths - 83986",
    "barcode": "9339687157808",
    "shop": "Woolworths",
    "weight": "1KG",
    "prices": [
      null,
      null,
      null
    ]
  },
  {
    "source_url": "https://www.woolworths.com.au/shop/productdetails/145267/potato-sweet-organic",
    "name": "Potato Sweet Organic Min. 300g",
    "image_url": "https://cdn1.woolworths.media/content/wowproductimages/large/145267.jpg",
    "source_id": "Woolworths - 145267",
    "barcode": "9300633495572",
    "shop": "Woolworths",
    "weight": "1EA",
    "prices": []
  },
  {
    "source_url": "https://www.woolworths.com.au/shop/productdetails/211784/spanish-onion-red-organic",
    "name": "Spanish Onion Red Organic 500g",
    "image_url": "https://cdn1.woolworths.media/content/wowproductimages/large/211784.jpg",
    "source_id": "Woolworths - 211784",
    "barcode": "9300633011444",
    "shop": "Woolworths",
    "weight": "1KG",
    "prices": [
      {
        "state": "NSW",
        "price": "850",
        "price_per_unit": "1700",
        "price_unit": "KG"
      },
      null,
      {
        "state": "ACT",
        "price": "850",
        "price_per_unit": "1700",
        "price_unit": "KG"
      }
    ]
  },
  {
    "source_url": "https://www.woolworths.com.au/shop/productdetails/149820/strawberry-organic",
    "name": "Strawberry Organic 250g Punnet",
    "image_url": "https://cdn1.woolworths.media/content/wowproductimages/large/149820.jpg",
    "source_id": "Woolworths - 149820",
    "barcode": "9300633007201",
    "shop": "Woolworths",
    "weight": "1KG",
    "prices": [
      {
        "state": "VIC",
        "price": "750",
        "price_per_unit": "3000",
        "price_unit": "KG"
      },
      {
        "state": "SA",
        "price": "750",
        "price_per_unit": "3000",
        "price_unit": "KG"
      },
      null,
      null,
      {
        "state": "NT",
        "price": "750",
        "price_per_unit": "3000",
        "price_unit": "KG"
      }
    ]
  },
  {
    "source_url": "https://www.woolworths.com.au/shop/productdetails/282515/woolworths-organic-blueberry",
    "name": "Woolworths Organic Blueberry 125G",
    "image_url": "https://cdn1.woolworths.media/content/wowproductimages/large/282515.jpg",
    "source_id": "Woolworths - 282515",
    "barcode": "797776883905",
    "shop": "Woolworths",
    "weight": "1KG",
    "prices": [
      {
        "state": "NSW",
        "price": "690",
        "price_per_unit": "5520",
        "price_unit": "KG"
      },
      {
        "state": "VIC",
        "price": "690",
        "price_per_unit": "5520",
        "price_unit": "KG"
      },
      {
        "state": "QLD",
        "price": "690",
        "price_per_unit": "5520",
        "price_unit": "KG"
      },
      {
        "state": "WA",
        "price": "690",
        "price_per_unit": "5520",
        "price_unit": "KG"
      }
    ]
  },
  {
    "source_url": "https://www.woolworths.com.au/shop/productdetails/379820/woolworths-organic-limes",
    "name": "Woolworths Organic Limes 250g",
    "image_url": "https://cdn1.woolworths.media/content/wowproductimages/large/379820.jpg",
    "source_id": "Woolworths - 379820",
    "barcode": "9300633541651",
    "shop": "Woolworths",
    "weight": "1KG",
    "prices": [
      null
    ]
  },
  {
    "source_url": "https://www.woolworths.com.au/shop/productdetails/829707/woolworths-organic-mushroom-cup",
    "name": "Woolworths Organic Mushroom Cup 180g",
    "image_url": "https://cdn1.woolworths.media/content/wowproductimages/large/829707.jpg",
    "source_id": "Woolworths - 829707",
    "barcode": "9339687082216",
    "shop": "Woolworths",
    "weight": "1KG",
    "prices": [
      {
        "state": "NSW",
        "price": "600",
        "price_per_unit": "3333",
        "price_unit": "KG"
      },
      {
        "state": "VIC",
        "price": "600",
        "price_per_unit": "3333",
        "price_unit": "KG"
      },
      {
        "state": "QLD",
        "price": "600",
        "price_per_unit": "3333",
        "price_unit": "KG"
      },
      {
        "state": "WA",
        "price": "600",
        "price_per_unit": "3333",
        "price_unit": "KG"
      },
      {
        "state": "SA",
        "price": "650",
        "price_per_unit": "3611",
        "price_unit": "KG"
      },
      null,
      {
        "state": "ACT",
        "price": "600",
        "price_per_unit": "3333",
        "price_unit": "KG"
      },
      {
        "state": "NT",
        "price": "650",
        "price_per_unit": "3611",
        "price_unit": "KG"
      }
    ]
  },
  {
    "source_url": "https://www.woolworths.com.au/shop/productdetails/806333/woolworths-organic-salad-coleslaw",
    "name": "Woolworths Organic Salad Coleslaw 200g",
    "image_url": "https://cdn1.woolworths.media/content/wowproductimages/large/806333.jpg",
    "source_id": "Woolworths - 806333",
    "barcode": "9339687066346",
    "shop": "Woolworths",
    "weight": "1KG",
    "prices": [
      {
        "state": "NSW",
        "price": "300",
        "price_per_unit": "1500",
        "price_unit": "KG"
      },
      {
        "state": "VIC",
        "price": "300",
        "price_per_unit": "1500",
        "price_unit": "KG"
      },
      {
        "state": "QLD",
        "price": "300",
        "price_per_unit": "1500",
        "price_unit": "KG"
      },
      {
        "state": "WA",
        "price": "300",
        "price_per_unit": "1500",
        "price_unit": "KG"
      },
      {
        "state": "SA",
        "price": "300",
        "price_per_unit": "1500",
        "price_unit": "KG"
      },
      {
        "state": "ACT",
        "price": "300",
        "price_per_unit": "1500",
        "price_unit": "KG"
      },
      {
        "state": "NT",
        "price": "300",
        "price_per_unit": "1500",
        "price_unit": "KG"
      }
    ]
  },
  {
    "source_url": "https://www.woolworths.com.au/shop/productdetails/808412/woolworths-organic-tomato-truss",
    "name": "Woolworths Organic Tomato Truss 500g",
    "image_url": "https://cdn1.woolworths.media/content/wowproductimages/large/808412.jpg",
    "source_id": "Woolworths - 808412",
    "barcode": "9339687067640",
    "shop": "Woolworths",
    "weight": "1KG",
    "prices": [
      {
        "state": "NSW",
        "price": "440",
        "price_per_unit": "880",
        "price_unit": "KG"
      },
      {
        "state": "VIC",
        "price": "440",
        "price_per_unit": "880",
        "price_unit": "KG"
      },
      {
        "state": "QLD",
        "price": "440",
        "price_per_unit": "880",
        "price_unit": "KG"
      },
      {
        "state": "WA",
        "price": "440",
        "price_per_unit": "880",
        "price_unit": "KG"
      },
      null
    ]
  },
  {
    "source_url": "https://www.woolworths.com.au/shop/productdetails/257044/australian-organic-carrots",
    "name": "Australian Organic Carrots 1 kg",
    "image_url": "https://cdn1.woolworths.media/content/wowproductimages/large/257044.jpg",
    "source_id": "Woolworths - 257044",
    "barcode": "9339687320394",
    "shop": "Woolworths",
    "weight": "1KG",
    "prices": []
  },
  {
    "source_url": "https://www.woolworths.com.au/shop/productdetails/825736/macro-organic-capsicum",
    "name": "Macro Organic Capsicum 2 Pack",
    "image_url": "https://cdn1.woolworths.media/content/wowproductimages/large/825736.jpg",
    "source_id": "Woolworths - 825736",
    "barcode": "9300633502911",
    "shop": "Woolworths",
    "weight": "1EA",
    "prices": [
      null,
      null
    ]
  },
  {
    "source_url": "https://www.woolworths.com.au/shop/productdetails/515925/macro-organic-corn-cobettes-pre-pack",
    "name": "Macro Organic Corn Cobettes Pre-Pack 425g",
    "image_url": "https://cdn1.woolworths.media/content/wowproductimages/large/515925.jpg",
    "source_id": "Woolworths - 515925",
    "barcode": "9300633579838",
    "shop": "Woolworths",
    "weight": "1KG",
    "prices": [
      {
        "state": "ACT",
        "price": "790",
        "price_per_unit": "1859",
        "price_unit": "KG"
      },
      null
    ]
  },
  {
    "source_url": "https://www.woolworths.com.au/shop/productdetails/7238/macro-organic-mini-capsicum",
    "name": "Macro Organic Mini Capsicum Each",
    "image_url": "https://cdn1.woolworths.media/content/wowproductimages/large/007238.jpg",
    "source_id": "Woolworths - 7238",
    "barcode": "9339687092567",
    "shop": "Woolworths",
    "weight": "1KG",
    "prices": []
  },
  {
    "source_url": "https://www.woolworths.com.au/shop/productdetails/940332/macro-prepack-mandarin",
    "name": "Macro Prepack Mandarin 750g",
    "image_url": "https://cdn1.woolworths.media/content/wowproductimages/large/940332.jpg",
    "source_id": "Woolworths - 940332",
    "barcode": "9300633526818",
    "shop": "Woolworths",
    "weight": "1KG",
    "prices": []
  },
  {
    "source_url": "https://www.woolworths.com.au/shop/productdetails/799099/organic-baby-broccoli-bunch",
    "name": "Organic Baby Broccoli Bunch Each",
    "image_url": "https://cdn1.woolworths.media/content/wowproductimages/large/799099.jpg",
    "source_id": "Woolworths - 799099",
    "barcode": "0260467000009",
    "shop": "Woolworths",
    "weight": "1EA",
    "prices": [
      {
        "state": "ACT",
        "price": "790",
        "price_per_unit": "790",
        "price_unit": "EA"
      }
    ]
  },
  {
    "source_url": "https://www.woolworths.com.au/shop/productdetails/102306/macro-in-convesion-to-organic-broccoli",
    "name": "Macro In Convesion To Organic Broccoli 500g",
    "image_url": "https://cdn1.woolworths.media/content/wowproductimages/large/102306.jpg",
    "source_id": "Woolworths - 102306",
    "barcode": "9339687185023",
    "shop": "Woolworths",
    "weight": "1KG",
    "prices": [
      null,
      null
    ]
  },
  {
    "source_url": "https://www.woolworths.com.au/shop/productdetails/773340/macro-mini-organic-apple",
    "name": "Macro Mini Organic Apple 1kg",
    "image_url": "https://cdn1.woolworths.media/content/wowproductimages/large/773340.jpg",
    "source_id": "Woolworths - 773340",
    "barcode": "9300633458690",
    "shop": "Woolworths",
    "weight": "1KG",
    "prices": [
      null
    ]
  },
  {
    "source_url": "https://www.woolworths.com.au/shop/productdetails/122556/fresh-leek-organic",
    "name": "Fresh Leek Organic Each",
    "image_url": "https://cdn1.woolworths.media/content/wowproductimages/large/122556.jpg",
    "source_id": "Woolworths - 122556",
    "barcode": "0264387000002",
    "shop": "Woolworths",
    "weight": "1EA",
    "prices": [
      {
        "state": "SA",
        "price": "450",
        "price_per_unit": "450",
        "price_unit": "EA"
      },
      {
        "state": "NT",
        "price": "450",
        "price_per_unit": "450",
        "price_unit": "EA"
      }
    ]
  },
  {
    "source_url": "https://www.woolworths.com.au/shop/productdetails/154446/macro-organic-garlic-cloves",
    "name": "Macro Organic Garlic Cloves 150g Punnet",
    "image_url": "https://cdn1.woolworths.media/content/wowproductimages/large/154446.jpg",
    "source_id": "Woolworths - 154446",
    "barcode": "9300633007362",
    "shop": "Woolworths",
    "weight": "1KG",
    "prices": [
      {
        "state": "SA",
        "price": "990",
        "price_per_unit": "6600",
        "price_unit": "KG"
      },
      {
        "state": "NT",
        "price": "990",
        "price_per_unit": "6600",
        "price_unit": "KG"
      }
    ]
  },
  {
    "source_url": "https://www.woolworths.com.au/shop/productdetails/168661/potato-organic",
    "name": "Potato Organic 1kg Punnet",
    "image_url": "https://cdn1.woolworths.media/content/wowproductimages/large/168661.jpg",
    "source_id": "Woolworths - 168661",
    "barcode": "9300633007270",
    "shop": "Woolworths",
    "weight": "1KG",
    "prices": [
      {
        "state": "SA",
        "price": "650",
        "price_per_unit": "650",
        "price_unit": "KG"
      },
      null
    ]
  },
  {
    "source_url": "https://www.woolworths.com.au/shop/productdetails/385072/macro-organic-garlic-paste",
    "name": "Macro Organic Garlic Paste 75g",
    "image_url": "https://cdn1.woolworths.media/content/wowproductimages/large/385072.jpg",
    "source_id": "Woolworths - 385072",
    "barcode": "9300633248291",
    "shop": "Woolworths",
    "weight": "10G",
    "prices": []
  },
  {
    "source_url": "https://www.woolworths.com.au/shop/productdetails/140466/macro-organic-in-conversion-cut-butternut-pumpkin",
    "name": "Macro Organic In Conversion Cut Butternut Pumpkin Each",
    "image_url": "https://cdn1.woolworths.media/content/wowproductimages/large/140466.jpg",
    "source_id": "Woolworths - 140466",
    "barcode": "9339687227471",
    "shop": "Woolworths",
    "weight": "1EA",
    "prices": []
  }
]