[
  {
    "source_url": "https://www.coles.com.au/product/masterfoods-hot-chilli-sauce-250ml-8830657",
    "name": "MasterFoods Hot Chilli Sauce | 250mL",
    "image_url": "https://www.coles.com.au/_next/image?url=https%3A%2F%2Fproductimages.coles.com.au%2Fproductimages%2F8%2F8830657.jpg&w=640&q=90",
    "barcode": "9310012024606",
    "shop": "coles",
    "category_id": "22770",
    "weight": "250ml",
    "prices": [
      {
        "state": "VIC",
        "price": "140",
        "price_per_unit": "350",
        "price_unit": "ml"
      },
      {
        "state": "NSW",
        "price": "140",
        "price_per_unit": "350",
        "price_unit": "ml"
      },
      {
        "state": "QLD",
        "price": "140",
        "price_per_unit": "350",
        "price_unit": "ml"
      },
      {
        "state": "WA",
        "price": "140",
        "price_per_unit": "350",
        "price_unit": "ml"
      },
      {
        "state": "SA",
        "price": "140",
        "price_per_unit": "350",
        "price_unit": "ml"
      },
      {
        "state": "TAS",
        "price": "140",
        "price_per_unit": "350",
        "price_unit": "ml"
      },
      {
        "state": "ACT",
        "price": "140",
        "price_per_unit": "350",
        "price_unit": "ml"
      },
      {
        "state": "NT",
        "price": "147",
        "price_per_unit": "368",
        "price_unit": "ml"
      }
    ]
  },
  {
    "source_url": "https://www.woolworths.com.au/shop/productdetails/142142/masterfoods-hot-chilli-sauce",
    "name": "MasterFoods Hot Chilli Sauce 250ml",
    "image_url": "https://cdn1.woolworths.media/content/wowproductimages/large/142142.jpg",
    "barcode": "9310012024606",
    "shop": "Woolworths",
    "category_id": "22770",
    "weight": "100ML",
    "prices": [
      {
        "state": "NSW",
        "price": "350",
        "price_per_unit": "140",
        "price_unit": "ML"
      },
      {
        "state": "VIC",
        "price": "350",
        "price_per_unit": "140",
        "price_unit": "ML"
      },
      {
        "state": "QLD",
        "price": "350",
        "price_per_unit": "140",
        "price_unit": "ML"
      },
      {
        "state": "WA",
        "price": "350",
        "price_per_unit": "140",
        "price_unit": "ML"
      },
      {
        "state": "SA",
        "price": "350",
        "price_per_unit": "140",
        "price_unit": "ML"
      },
      {
        "state": "TAS",
        "price": "350",
        "price_per_unit": "140",
        "price_unit": "ML"
      },
      {
        "state": "ACT",
        "price": "350",
        "price_per_unit": "140",
        "price_unit": "ML"
      },
      {
        "state": "NT",
        "price": "370",
        "price_per_unit": "148",
        "price_unit": "ML"
      }
    ]
  },
  {
    "source_url": "https://www.coles.com.au/product/masterfoods-sweet-chilli-sauce-500ml-8592264",
    "name": "MasterFoods Sweet Chilli Sauce | 500mL",
    "image_url": "https://www.coles.com.au/_next/image?url=https%3A%2F%2Fproductimages.coles.com.au%2Fproductimages%2F8%2F8592264.jpg&w=640&q=90",
    "barcode": "9310012024248",
    "shop": "coles",
    "category_id": "22770",
    "weight": "500ml",
    "prices": [
      {
        "state": "VIC",
        "price": "90",
        "price_per_unit": "450",
        "price_unit": "ml"
      },
      {
        "state": "NSW",
        "price": "90",
        "price_per_unit": "450",
        "price_unit": "ml"
      },
      {
        "state": "QLD",
        "price": "90",
        "price_per_unit": "450",
        "price_unit": "ml"
      },
      {
        "state": "WA",
        "price": "90",
        "price_per_unit": "450",
        "price_unit": "ml"
      },
      {
        "state": "SA",
        "price": "90",
        "price_per_unit": "450",
        "price_unit": "ml"
      },
      {
        "state": "TAS",
        "price": "90",
        "price_per_unit": "450",
        "price_unit": "ml"
      },
      {
        "state": "ACT",
        "price": "90",
        "price_per_unit": "450",
        "price_unit": "ml"
      },
      {
        "state": "NT",
        "price": "95",
        "price_per_unit": "473",
        "price_unit": "ml"
      }
    ]
  },
  {
    "source_url": "https://www.woolworths.com.au/shop/productdetails/116737/masterfoods-sweet-chilli-sauce",
    "name": "MasterFoods Sweet Chilli Sauce 500ml",
    "image_url": "https://cdn1.woolworths.media/content/wowproductimages/large/116737.jpg",
    "barcode": "9310012024248",
    "shop": "Woolworths",
    "category_id": "22770",
    "weight": "100ML",
    "prices": [
      {
        "state": "NSW",
        "price": "450",
        "price_per_unit": "90",
        "price_unit": "ML"
      },
      {
        "state": "VIC",
        "price": "450",
        "price_per_unit": "90",
        "price_unit": "ML"
      },
      {
        "state": "QLD",
        "price": "450",
        "price_per_unit": "90",
        "price_unit": "ML"
      },
      {
        "state": "WA",
        "price": "450",
        "price_per_unit": "90",
        "price_unit": "ML"
      },
      {
        "state": "SA",
        "price": "450",
        "price_per_unit": "90",
        "price_unit": "ML"
      },
      {
        "state": "TAS",
        "price": "450",
        "price_per_unit": "90",
        "price_unit": "ML"
      },
      {
        "state": "ACT",
        "price": "450",
        "price_per_unit": "90",
        "price_unit": "ML"
      },
      {
        "state": "NT",
        "price": "475",
        "price_per_unit": "95",
        "price_unit": "ML"
      }
    ]
  },
  {
    "source_url": "https://www.coles.com.au/product/nando's-perinaise-mild-peri-peri-mayonnaise-265g-1412874",
    "name": "Nando's Perinaise Mild Peri-Peri Mayonnaise | 265g",
    "image_url": "https://www.coles.com.au/_next/image?url=https%3A%2F%2Fproductimages.coles.com.au%2Fproductimages%2F1%2F1412874.jpg&w=640&q=90",
    "barcode": "6003770011126",
    "shop": "coles",
    "category_id": "22770",
    "weight": "265g",
    "prices": [
      {
        "state": "VIC",
        "price": "143",
        "price_per_unit": "380",
        "price_unit": "g"
      },
      {
        "state": "NSW",
        "price": "143",
        "price_per_unit": "380",
        "price_unit": "g"
      },
      {
        "state": "QLD",
        "price": "143",
        "price_per_unit": "380",
        "price_unit": "g"
      },
      {
        "state": "WA",
        "price": "143",
        "price_per_unit": "380",
        "price_unit": "g"
      },
      {
        "state": "SA",
        "price": "143",
        "price_per_unit": "380",
        "price_unit": "g"
      },
      {
        "state": "TAS",
        "price": "143",
        "price_per_unit": "380",
        "price_unit": "g"
      },
      {
        "state": "ACT",
        "price": "143",
        "price_per_unit": "380",
        "price_unit": "g"
      },
      {
        "state": "NT",
        "price": "143",
        "price_per_unit": "380",
        "price_unit": "g"
      }
    ]
  },
  {
    "source_url": "https://www.woolworths.com.au/shop/productdetails/473746/nando-s-perinaise-mild-peri-peri-mayonnaise-sauce",
    "name": "Nando's Perinaise Mild Peri-Peri Mayonnaise Sauce 265g",
    "image_url": "https://cdn1.woolworths.media/content/wowproductimages/large/473746.jpg",
    "barcode": "6003770011126",
    "shop": "Woolworths",
    "category_id": "22770",
    "weight": "100G",
    "prices": [
      {
        "state": "NSW",
        "price": "480",
        "price_per_unit": "181",
        "price_unit": "G"
      },
      {
        "state": "VIC",
        "price": "480",
        "price_per_unit": "181",
        "price_unit": "G"
      },
      {
        "state": "QLD",
        "price": "480",
        "price_per_unit": "181",
        "price_unit": "G"
      },
      {
        "state": "WA",
        "price": "480",
        "price_per_unit": "181",
        "price_unit": "G"
      },
      {
        "state": "SA",
        "price": "480",
        "price_per_unit": "181",
        "price_unit": "G"
      },
      {
        "state": "TAS",
        "price": "480",
        "price_per_unit": "181",
        "price_unit": "G"
      },
      {
        "state": "ACT",
        "price": "480",
        "price_per_unit": "181",
        "price_unit": "G"
      },
      {
        "state": "NT",
        "price": "505",
        "price_per_unit": "191",
        "price_unit": "G"
      }
    ]
  },
  {
    "source_url": "https://www.coles.com.au/product/fountain-sweet-chilli-sauce-250ml-6849199",
    "name": "Fountain Sweet Chilli Sauce | 250mL",
    "image_url": "https://www.coles.com.au/_next/image?url=https%3A%2F%2Fproductimages.coles.com.au%2Fproductimages%2F6%2F6849199.jpg&w=640&q=90",
    "barcode": "9300681197190",
    "shop": "coles",
    "category_id": "22770",
    "weight": "250ml",
    "prices": [
      {
        "state": "VIC",
        "price": "120",
        "price_per_unit": "300",
        "price_unit": "ml"
      },
      {
        "state": "NSW",
        "price": "120",
        "price_per_unit": "300",
        "price_unit": "ml"
      },
      {
        "state": "QLD",
        "price": "120",
        "price_per_unit": "300",
        "price_unit": "ml"
      },
      {
        "state": "WA",
        "price": "120",
        "price_per_unit": "300",
        "price_unit": "ml"
      },
      {
        "state": "SA",
        "price": "120",
        "price_per_unit": "300",
        "price_unit": "ml"
      },
      {
        "state": "TAS",
        "price": "120",
        "price_per_unit": "300",
        "price_unit": "ml"
      },
      {
        "state": "ACT",
        "price": "120",
        "price_per_unit": "300",
        "price_unit": "ml"
      },
      {
        "state": "NT",
        "price": "120",
        "price_per_unit": "300",
        "price_unit": "ml"
      }
    ]
  },
  {
    "source_url": "https://www.woolworths.com.au/shop/productdetails/47106/fountain-sweet-chilli-sauce",
    "name": "Fountain Sweet Chilli Sauce 250ml",
    "image_url": "https://cdn1.woolworths.media/content/wowproductimages/large/047106.jpg",
    "barcode": "9300681197190",
    "shop": "Woolworths",
    "category_id": "22770",
    "weight": "100ML",
    "prices": [
      {
        "state": "VIC",
        "price": "380",
        "price_per_unit": "152",
        "price_unit": "ML"
      },
      {
        "state": "QLD",
        "price": "380",
        "price_per_unit": "152",
        "price_unit": "ML"
      },
      {
        "state": "WA",
        "price": "380",
        "price_per_unit": "152",
        "price_unit": "ML"
      },
      {
        "state": "SA",
        "price": "380",
        "price_per_unit": "152",
        "price_unit": "ML"
      },
      {
        "state": "TAS",
        "price": "380",
        "price_per_unit": "152",
        "price_unit": "ML"
      },
      {
        "state": "ACT",
        "price": "380",
        "price_per_unit": "152",
        "price_unit": "ML"
      },
      {
        "state": "NT",
        "price": "380",
        "price_per_unit": "152",
        "price_unit": "ML"
      }
    ]
  },
  {
    "source_url": "https://www.coles.com.au/product/nando's-hot-peri-peri-chilli-sauce-250g-1416194",
    "name": "Nando's Hot Peri-peri Chilli Sauce | 250g",
    "image_url": "https://www.coles.com.au/_next/image?url=https%3A%2F%2Fproductimages.coles.com.au%2Fproductimages%2F1%2F1416194.jpg&w=640&q=90",
    "barcode": "6003770000663",
    "shop": "coles",
    "category_id": "22770",
    "weight": "250g",
    "prices": [
      {
        "state": "VIC",
        "price": "200",
        "price_per_unit": "500",
        "price_unit": "g"
      },
      {
        "state": "NSW",
        "price": "200",
        "price_per_unit": "500",
        "price_unit": "g"
      },
      {
        "state": "QLD",
        "price": "200",
        "price_per_unit": "500",
        "price_unit": "g"
      },
      {
        "state": "WA",
        "price": "200",
        "price_per_unit": "500",
        "price_unit": "g"
      },
      {
        "state": "SA",
        "price": "200",
        "price_per_unit": "500",
        "price_unit": "g"
      },
      {
        "state": "TAS",
        "price": "200",
        "price_per_unit": "500",
        "price_unit": "g"
      },
      {
        "state": "ACT",
        "price": "200",
        "price_per_unit": "500",
        "price_unit": "g"
      },
      {
        "state": "NT",
        "price": "200",
        "price_per_unit": "500",
        "price_unit": "g"
      }
    ]
  },
  {
    "source_url": "https://www.woolworths.com.au/shop/productdetails/717857/nando-s-hot-peri-peri-chilli-sauce-peri-peri-sauce",
    "name": "Nando's Hot Peri-Peri Chilli Sauce Peri Peri Sauce 250g",
    "image_url": "https://cdn1.woolworths.media/content/wowproductimages/large/717857.jpg",
    "barcode": "6003770000663",
    "shop": "Woolworths",
    "category_id": "22770",
    "weight": "100G",
    "prices": [
      {
        "state": "VIC",
        "price": "680",
        "price_per_unit": "272",
        "price_unit": "G"
      },
      {
        "state": "QLD",
        "price": "680",
        "price_per_unit": "272",
        "price_unit": "G"
      },
      {
        "state": "WA",
        "price": "680",
        "price_per_unit": "272",
        "price_unit": "G"
      },
      {
        "state": "SA",
        "price": "680",
        "price_per_unit": "272",
        "price_unit": "G"
      },
      {
        "state": "TAS",
        "price": "680",
        "price_per_unit": "272",
        "price_unit": "G"
      },
      {
        "state": "ACT",
        "price": "680",
        "price_per_unit": "272",
        "price_unit": "G"
      },
      {
        "state": "NT",
        "price": "715",
        "price_per_unit": "286",
        "price_unit": "G"
      }
    ]
  },
  {
    "source_url": "https://www.coles.com.au/product/nando's-medium-peri-peri-sauce-250g-2789620",
    "name": "Nando's Medium Peri-Peri Sauce | 250g",
    "image_url": "https://www.coles.com.au/_next/image?url=https%3A%2F%2Fproductimages.coles.com.au%2Fproductimages%2F2%2F2789620.jpg&w=640&q=90",
    "barcode": "6003770000168",
    "shop": "coles",
    "category_id": "22770",
    "weight": "250g",
    "prices": [
      {
        "state": "VIC",
        "price": "200",
        "price_per_unit": "500",
        "price_unit": "g"
      },
      {
        "state": "NSW",
        "price": "200",
        "price_per_unit": "500",
        "price_unit": "g"
      },
      {
        "state": "QLD",
        "price": "200",
        "price_per_unit": "500",
        "price_unit": "g"
      },
      {
        "state": "WA",
        "price": "200",
        "price_per_unit": "500",
        "price_unit": "g"
      },
      {
        "state": "SA",
        "price": "200",
        "price_per_unit": "500",
        "price_unit": "g"
      },
      {
        "state": "TAS",
        "price": "200",
        "price_per_unit": "500",
        "price_unit": "g"
      },
      {
        "state": "ACT",
        "price": "200",
        "price_per_unit": "500",
        "price_unit": "g"
      },
      {
        "state": "NT",
        "price": "200",
        "price_per_unit": "500",
        "price_unit": "g"
      }
    ]
  },
  {
    "source_url": "https://www.woolworths.com.au/shop/productdetails/473749/nando-s-medium-peri-peri-chilli-sauce-peri-peri-sauce",
    "name": "Nando's Medium Peri-Peri Chilli Sauce Peri Peri Sauce 250g",
    "image_url": "https://cdn1.woolworths.media/content/wowproductimages/large/473749.jpg",
    "barcode": "6003770000168",
    "shop": "Woolworths",
    "category_id": "22770",
    "weight": "100G",
    "prices": [
      {
        "state": "VIC",
        "price": "680",
        "price_per_unit": "272",
        "price_unit": "G"
      },
      {
        "state": "QLD",
        "price": "680",
        "price_per_unit": "272",
        "price_unit": "G"
      },
      {
        "state": "WA",
        "price": "680",
        "price_per_unit": "272",
        "price_unit": "G"
      },
      {
        "state": "SA",
        "price": "680",
        "price_per_unit": "272",
        "price_unit": "G"
      },
      {
        "state": "TAS",
        "price": "680",
        "price_per_unit": "272",
        "price_unit": "G"
      },
      {
        "state": "ACT",
        "price": "680",
        "price_per_unit": "272",
        "price_unit": "G"
      },
      {
        "state": "NT",
        "price": "715",
        "price_per_unit": "286",
        "price_unit": "G"
      }
    ]
  },
  {
    "source_url": "https://www.coles.com.au/product/nando's-mild-peri-peri-sauce-250g-2412360",
    "name": "Nando's Mild Peri-Peri Sauce | 250g",
    "image_url": "https://www.coles.com.au/_next/image?url=https%3A%2F%2Fproductimages.coles.com.au%2Fproductimages%2F2%2F2412360.jpg&w=640&q=90",
    "barcode": "6003770003091",
    "shop": "coles",
    "category_id": "22770",
    "weight": "250g",
    "prices": [
      {
        "state": "VIC",
        "price": "200",
        "price_per_unit": "500",
        "price_unit": "g"
      },
      {
        "state": "QLD",
        "price": "200",
        "price_per_unit": "500",
        "price_unit": "g"
      },
      {
        "state": "WA",
        "price": "200",
        "price_per_unit": "500",
        "price_unit": "g"
      },
      {
        "state": "SA",
        "price": "200",
        "price_per_unit": "500",
        "price_unit": "g"
      },
      {
        "state": "TAS",
        "price": "200",
        "price_per_unit": "500",
        "price_unit": "g"
      },
      {
        "state": "ACT",
        "price": "200",
        "price_per_unit": "500",
        "price_unit": "g"
      },
      {
        "state": "NT",
        "price": "200",
        "price_per_unit": "500",
        "price_unit": "g"
      }
    ]
  },
  {
    "source_url": "https://www.woolworths.com.au/shop/productdetails/844408/nando-s-mild-peri-peri-chilli-sauce-sauce",
    "name": "Nando's Mild Peri-Peri Chilli Sauce Sauce 250g",
    "image_url": "https://cdn1.woolworths.media/content/wowproductimages/large/844408.jpg",
    "barcode": "6003770003091",
    "shop": "Woolworths",
    "category_id": "22770",
    "weight": "100G",
    "prices": [
      {
        "state": "VIC",
        "price": "680",
        "price_per_unit": "272",
        "price_unit": "G"
      },
      {
        "state": "QLD",
        "price": "680",
        "price_per_unit": "272",
        "price_unit": "G"
      },
      {
        "state": "WA",
        "price": "680",
        "price_per_unit": "272",
        "price_unit": "G"
      },
      {
        "state": "SA",
        "price": "680",
        "price_per_unit": "272",
        "price_unit": "G"
      },
      {
        "state": "TAS",
        "price": "680",
        "price_per_unit": "272",
        "price_unit": "G"
      },
      {
        "state": "ACT",
        "price": "680",
        "price_per_unit": "272",
        "price_unit": "G"
      },
      {
        "state": "NT",
        "price": "715",
        "price_per_unit": "286",
        "price_unit": "G"
      }
    ]
  },
  {
    "source_url": "https://www.coles.com.au/product/nando's-perinaise-garlic-peri-peri-mayo-265g-4277356",
    "name": "Nando's Perinaise Garlic Peri Peri Mayo | 265g",
    "image_url": "https://www.coles.com.au/_next/image?url=https%3A%2F%2Fproductimages.coles.com.au%2Fproductimages%2F4%2F4277356.jpg&w=640&q=90",
    "barcode": "6003770013120",
    "shop": "coles",
    "category_id": "22770",
    "weight": "265g",
    "prices": [
      {
        "state": "VIC",
        "price": "143",
        "price_per_unit": "380",
        "price_unit": "g"
      },
      {
        "state": "NSW",
        "price": "143",
        "price_per_unit": "380",
        "price_unit": "g"
      },
      {
        "state": "QLD",
        "price": "143",
        "price_per_unit": "380",
        "price_unit": "g"
      },
      {
        "state": "WA",
        "price": "143",
        "price_per_unit": "380",
        "price_unit": "g"
      },
      {
        "state": "SA",
        "price": "143",
        "price_per_unit": "380",
        "price_unit": "g"
      },
      {
        "state": "TAS",
        "price": "143",
        "price_per_unit": "380",
        "price_unit": "g"
      },
      {
        "state": "ACT",
        "price": "143",
        "price_per_unit": "380",
        "price_unit": "g"
      },
      {
        "state": "NT",
        "price": "143",
        "price_per_unit": "380",
        "price_unit": "g"
      }
    ]
  },
  {
    "source_url": "https://www.woolworths.com.au/shop/productdetails/94176/nando-s-perinaise-garlic-peri-peri-mayonnaise-sauce",
    "name": "Nando's Perinaise Garlic Peri-Peri Mayonnaise Sauce 265g",
    "image_url": "https://cdn1.woolworths.media/content/wowproductimages/large/094176.jpg",
    "barcode": "6003770013120",
    "shop": "Woolworths",
    "category_id": "22770",
    "weight": "100G",
    "prices": [
      {
        "state": "VIC",
        "price": "480",
        "price_per_unit": "181",
        "price_unit": "G"
      },
      {
        "state": "QLD",
        "price": "480",
        "price_per_unit": "181",
        "price_unit": "G"
      },
      {
        "state": "WA",
        "price": "480",
        "price_per_unit": "181",
        "price_unit": "G"
      },
      {
        "state": "SA",
        "price": "480",
        "price_per_unit": "181",
        "price_unit": "G"
      },
      {
        "state": "TAS",
        "price": "480",
        "price_per_unit": "181",
        "price_unit": "G"
      },
      {
        "state": "ACT",
        "price": "480",
        "price_per_unit": "181",
        "price_unit": "G"
      },
      {
        "state": "NT",
        "price": "505",
        "price_per_unit": "191",
        "price_unit": "G"
      }
    ]
  },
  {
    "source_url": "https://www.coles.com.au/product/nando's-perinaise-hot-peri-peri-mayonnaise-sauce-265g-1727638",
    "name": "Nando's Perinaise Hot Peri-Peri Mayonnaise Sauce | 265g",
    "image_url": "https://www.coles.com.au/_next/image?url=https%3A%2F%2Fproductimages.coles.com.au%2Fproductimages%2F1%2F1727638.jpg&w=640&q=90",
    "barcode": "6003770011157",
    "shop": "coles",
    "category_id": "22770",
    "weight": "265g",
    "prices": [
      {
        "state": "VIC",
        "price": "143",
        "price_per_unit": "380",
        "price_unit": "g"
      },
      {
        "state": "NSW",
        "price": "143",
        "price_per_unit": "380",
        "price_unit": "g"
      },
      {
        "state": "QLD",
        "price": "143",
        "price_per_unit": "380",
        "price_unit": "g"
      },
      {
        "state": "WA",
        "price": "143",
        "price_per_unit": "380",
        "price_unit": "g"
      },
      {
        "state": "SA",
        "price": "143",
        "price_per_unit": "380",
        "price_unit": "g"
      },
      {
        "state": "TAS",
        "price": "143",
        "price_per_unit": "380",
        "price_unit": "g"
      },
      {
        "state": "ACT",
        "price": "143",
        "price_per_unit": "380",
        "price_unit": "g"
      },
      {
        "state": "NT",
        "price": "143",
        "price_per_unit": "380",
        "price_unit": "g"
      }
    ]
  },
  {
    "source_url": "https://www.woolworths.com.au/shop/productdetails/473744/nando-s-perinaise-hot-peri-peri-mayonnaise-sauce",
    "name": "Nando's Perinaise Hot Peri-Peri Mayonnaise Sauce 265g",
    "image_url": "https://cdn1.woolworths.media/content/wowproductimages/large/473744.jpg",
    "barcode": "6003770011157",
    "shop": "Woolworths",
    "category_id": "22770",
    "weight": "100G",
    "prices": [
      {
        "state": "VIC",
        "price": "480",
        "price_per_unit": "181",
        "price_unit": "G"
      },
      {
        "state": "QLD",
        "price": "480",
        "price_per_unit": "181",
        "price_unit": "G"
      },
      {
        "state": "WA",
        "price": "480",
        "price_per_unit": "181",
        "price_unit": "G"
      },
      {
        "state": "SA",
        "price": "480",
        "price_per_unit": "181",
        "price_unit": "G"
      },
      {
        "state": "TAS",
        "price": "480",
        "price_per_unit": "181",
        "price_unit": "G"
      },
      {
        "state": "ACT",
        "price": "480",
        "price_per_unit": "181",
        "price_unit": "G"
      },
      {
        "state": "NT",
        "price": "505",
        "price_per_unit": "191",
        "price_unit": "G"
      }
    ]
  },
  {
    "source_url": "https://www.coles.com.au/product/nando's-peri-peri-perinaise-hot-465g-7070092",
    "name": "Nando's Peri Peri Perinaise Hot | 465g",
    "image_url": "https://www.coles.com.au/_next/image?url=https%3A%2F%2Fproductimages.coles.com.au%2Fproductimages%2F7%2F7070092.jpg&w=640&q=90",
    "barcode": "6003770009260",
    "shop": "coles",
    "category_id": "22770",
    "weight": "465g",
    "prices": [
      {
        "state": "VIC",
        "price": "157",
        "price_per_unit": "730",
        "price_unit": "g"
      },
      {
        "state": "NSW",
        "price": "157",
        "price_per_unit": "730",
        "price_unit": "g"
      },
      {
        "state": "QLD",
        "price": "157",
        "price_per_unit": "730",
        "price_unit": "g"
      },
      {
        "state": "WA",
        "price": "157",
        "price_per_unit": "730",
        "price_unit": "g"
      },
      {
        "state": "SA",
        "price": "157",
        "price_per_unit": "730",
        "price_unit": "g"
      },
      {
        "state": "TAS",
        "price": "157",
        "price_per_unit": "730",
        "price_unit": "g"
      },
      {
        "state": "ACT",
        "price": "157",
        "price_per_unit": "730",
        "price_unit": "g"
      },
      {
        "state": "NT",
        "price": "165",
        "price_per_unit": "767",
        "price_unit": "g"
      }
    ]
  },
  {
    "source_url": "https://www.woolworths.com.au/shop/productdetails/166921/nando-s-perinaise-hot-peri-peri-mayonnaise-sauce",
    "name": "Nando's Perinaise Hot Peri-Peri Mayonnaise Sauce 465g",
    "image_url": "https://cdn1.woolworths.media/content/wowproductimages/large/166921.jpg",
    "barcode": "6003770009260",
    "shop": "Woolworths",
    "category_id": "22770",
    "weight": "100G",
    "prices": [
      {
        "state": "VIC",
        "price": "730",
        "price_per_unit": "157",
        "price_unit": "G"
      },
      {
        "state": "QLD",
        "price": "730",
        "price_per_unit": "157",
        "price_unit": "G"
      },
      {
        "state": "WA",
        "price": "730",
        "price_per_unit": "157",
        "price_unit": "G"
      },
      {
        "state": "SA",
        "price": "730",
        "price_per_unit": "157",
        "price_unit": "G"
      },
      {
        "state": "TAS",
        "price": "730",
        "price_per_unit": "157",
        "price_unit": "G"
      },
      {
        "state": "ACT",
        "price": "730",
        "price_per_unit": "157",
        "price_unit": "G"
      },
      {
        "state": "NT",
        "price": "765",
        "price_per_unit": "165",
        "price_unit": "G"
      }
    ]
  },
  {
    "source_url": "https://www.coles.com.au/product/nando's-sweet-chilli-jam-medium-285g-7070037",
    "name": "Nando's Sweet Chilli Jam Medium | 285g",
    "image_url": "https://www.coles.com.au/_next/image?url=https%3A%2F%2Fproductimages.coles.com.au%2Fproductimages%2F7%2F7070037.jpg&w=640&q=90",
    "barcode": "6003770013168",
    "shop": "coles",
    "category_id": "22770",
    "weight": "285g",
    "prices": [
      {
        "state": "VIC",
        "price": "189",
        "price_per_unit": "540",
        "price_unit": "g"
      },
      {
        "state": "QLD",
        "price": "189",
        "price_per_unit": "540",
        "price_unit": "g"
      },
      {
        "state": "WA",
        "price": "189",
        "price_per_unit": "540",
        "price_unit": "g"
      },
      {
        "state": "SA",
        "price": "189",
        "price_per_unit": "540",
        "price_unit": "g"
      },
      {
        "state": "TAS",
        "price": "189",
        "price_per_unit": "540",
        "price_unit": "g"
      },
      {
        "state": "ACT",
        "price": "189",
        "price_per_unit": "540",
        "price_unit": "g"
      },
      {
        "state": "NT",
        "price": "199",
        "price_per_unit": "567",
        "price_unit": "g"
      }
    ]
  },
  {
    "source_url": "https://www.woolworths.com.au/shop/productdetails/387270/nando-s-sweet-chilli-jam-medium",
    "name": "Nando's Sweet Chilli Jam Medium 285g",
    "image_url": "https://cdn1.woolworths.media/content/wowproductimages/large/387270.jpg",
    "barcode": "6003770013168",
    "shop": "Woolworths",
    "category_id": "22770",
    "weight": "100G",
    "prices": [
      {
        "state": "VIC",
        "price": "540",
        "price_per_unit": "189",
        "price_unit": "G"
      },
      {
        "state": "QLD",
        "price": "540",
        "price_per_unit": "189",
        "price_unit": "G"
      },
      {
        "state": "WA",
        "price": "540",
        "price_per_unit": "189",
        "price_unit": "G"
      },
      {
        "state": "SA",
        "price": "540",
        "price_per_unit": "189",
        "price_unit": "G"
      },
      {
        "state": "TAS",
        "price": "540",
        "price_per_unit": "189",
        "price_unit": "G"
      },
      {
        "state": "ACT",
        "price": "540",
        "price_per_unit": "189",
        "price_unit": "G"
      },
      {
        "state": "NT",
        "price": "565",
        "price_per_unit": "198",
        "price_unit": "G"
      }
    ]
  },
  {
    "source_url": "https://www.coles.com.au/product/nando's-peri-peri-xx-hot-chilli-sauce-250g-7490167",
    "name": "Nando's Peri Peri XX Hot Chilli Sauce | 250g",
    "image_url": "https://www.coles.com.au/_next/image?url=https%3A%2F%2Fproductimages.coles.com.au%2Fproductimages%2F7%2F7490167.jpg&w=640&q=90",
    "barcode": "6003770002674",
    "shop": "coles",
    "category_id": "22770",
    "weight": "250g",
    "prices": [
      {
        "state": "VIC",
        "price": "200",
        "price_per_unit": "500",
        "price_unit": "g"
      },
      {
        "state": "NSW",
        "price": "200",
        "price_per_unit": "500",
        "price_unit": "g"
      },
      {
        "state": "QLD",
        "price": "200",
        "price_per_unit": "500",
        "price_unit": "g"
      },
      {
        "state": "WA",
        "price": "200",
        "price_per_unit": "500",
        "price_unit": "g"
      },
      {
        "state": "SA",
        "price": "200",
        "price_per_unit": "500",
        "price_unit": "g"
      },
      {
        "state": "TAS",
        "price": "200",
        "price_per_unit": "500",
        "price_unit": "g"
      },
      {
        "state": "ACT",
        "price": "200",
        "price_per_unit": "500",
        "price_unit": "g"
      },
      {
        "state": "NT",
        "price": "200",
        "price_per_unit": "500",
        "price_unit": "g"
      }
    ]
  },
  {
    "source_url": "https://www.woolworths.com.au/shop/productdetails/122172/nando-s-xx-hot-peri-peri-chilli-sauce",
    "name": "Nando's Xx Hot Peri-Peri Chilli Sauce 250g",
    "image_url": "https://cdn1.woolworths.media/content/wowproductimages/large/122172.jpg",
    "barcode": "6003770002674",
    "shop": "Woolworths",
    "category_id": "22770",
    "weight": "100G",
    "prices": [
      {
        "state": "VIC",
        "price": "680",
        "price_per_unit": "272",
        "price_unit": "G"
      },
      {
        "state": "QLD",
        "price": "680",
        "price_per_unit": "272",
        "price_unit": "G"
      },
      {
        "state": "WA",
        "price": "680",
        "price_per_unit": "272",
        "price_unit": "G"
      },
      {
        "state": "SA",
        "price": "680",
        "price_per_unit": "272",
        "price_unit": "G"
      },
      {
        "state": "TAS",
        "price": "680",
        "price_per_unit": "272",
        "price_unit": "G"
      },
      {
        "state": "ACT",
        "price": "680",
        "price_per_unit": "272",
        "price_unit": "G"
      },
      {
        "state": "NT",
        "price": "715",
        "price_per_unit": "286",
        "price_unit": "G"
      }
    ]
  },
  {
    "source_url": "https://www.coles.com.au/product/mc-ilhenny-co.-tabasco-sauce-60ml-422599",
    "name": "Mc Ilhenny Co. Tabasco Sauce | 60mL",
    "image_url": "https://www.coles.com.au/_next/image?url=https%3A%2F%2Fproductimages.coles.com.au%2Fproductimages%2F4%2F422599.jpg&w=640&q=90",
    "barcode": "9300610637001",
    "shop": "coles",
    "category_id": "22770",
    "weight": "60ml",
    "prices": [
      {
        "state": "VIC",
        "price": "917",
        "price_per_unit": "550",
        "price_unit": "ml"
      },
      {
        "state": "NSW",
        "price": "917",
        "price_per_unit": "550",
        "price_unit": "ml"
      },
      {
        "state": "QLD",
        "price": "917",
        "price_per_unit": "550",
        "price_unit": "ml"
      },
      {
        "state": "WA",
        "price": "917",
        "price_per_unit": "550",
        "price_unit": "ml"
      },
      {
        "state": "SA",
        "price": "917",
        "price_per_unit": "550",
        "price_unit": "ml"
      },
      {
        "state": "TAS",
        "price": "917",
        "price_per_unit": "550",
        "price_unit": "ml"
      },
      {
        "state": "ACT",
        "price": "917",
        "price_per_unit": "550",
        "price_unit": "ml"
      },
      {
        "state": "NT",
        "price": "963",
        "price_per_unit": "578",
        "price_unit": "ml"
      }
    ]
  },
  {
    "source_url": "https://www.woolworths.com.au/shop/productdetails/33129/tabasco-chilli-sauce-red-pepper",
    "name": "Tabasco Chilli Sauce Red Pepper 60ml",
    "image_url": "https://cdn1.woolworths.media/content/wowproductimages/large/033129.jpg",
    "barcode": "9300610637001",
    "shop": "Woolworths",
    "category_id": "22770",
    "weight": "100ML",
    "prices": [
      {
        "state": "VIC",
        "price": "550",
        "price_per_unit": "917",
        "price_unit": "ML"
      },
      {
        "state": "QLD",
        "price": "550",
        "price_per_unit": "917",
        "price_unit": "ML"
      },
      {
        "state": "WA",
        "price": "550",
        "price_per_unit": "917",
        "price_unit": "ML"
      },
      {
        "state": "SA",
        "price": "550",
        "price_per_unit": "917",
        "price_unit": "ML"
      },
      {
        "state": "TAS",
        "price": "550",
        "price_per_unit": "917",
        "price_unit": "ML"
      },
      {
        "state": "ACT",
        "price": "550",
        "price_per_unit": "917",
        "price_unit": "ML"
      },
      {
        "state": "NT",
        "price": "580",
        "price_per_unit": "967",
        "price_unit": "ML"
      }
    ]
  },
  {
    "source_url": "https://www.coles.com.au/product/trident-sriracha-sauce-480ml-5981543",
    "name": "Trident Sriracha Sauce | 480mL",
    "image_url": "https://www.coles.com.au/_next/image?url=https%3A%2F%2Fproductimages.coles.com.au%2Fproductimages%2F5%2F5981543.jpg&w=640&q=90",
    "barcode": "9310560023649",
    "shop": "coles",
    "category_id": "22770",
    "weight": "480ml",
    "prices": [
      {
        "state": "VIC",
        "price": "121",
        "price_per_unit": "580",
        "price_unit": "ml"
      },
      {
        "state": "NSW",
        "price": "121",
        "price_per_unit": "580",
        "price_unit": "ml"
      },
      {
        "state": "QLD",
        "price": "121",
        "price_per_unit": "580",
        "price_unit": "ml"
      },
      {
        "state": "WA",
        "price": "121",
        "price_per_unit": "580",
        "price_unit": "ml"
      },
      {
        "state": "SA",
        "price": "121",
        "price_per_unit": "580",
        "price_unit": "ml"
      },
      {
        "state": "TAS",
        "price": "121",
        "price_per_unit": "580",
        "price_unit": "ml"
      },
      {
        "state": "ACT",
        "price": "121",
        "price_per_unit": "580",
        "price_unit": "ml"
      },
      {
        "state": "NT",
        "price": "127",
        "price_per_unit": "609",
        "price_unit": "ml"
      }
    ]
  },
  {
    "source_url": "https://www.woolworths.com.au/shop/productdetails/242199/trident-sriracha-hot-chilli-sauce",
    "name": "Trident Sriracha Hot Chilli Sauce 480ml",
    "image_url": "https://cdn1.woolworths.media/content/wowproductimages/large/242199.jpg",
    "barcode": "9310560023649",
    "shop": "Woolworths",
    "category_id": "22770",
    "weight": "100ML",
    "prices": [
      {
        "state": "VIC",
        "price": "580",
        "price_per_unit": "121",
        "price_unit": "ML"
      },
      {
        "state": "QLD",
        "price": "580",
        "price_per_unit": "121",
        "price_unit": "ML"
      },
      {
        "state": "WA",
        "price": "580",
        "price_per_unit": "121",
        "price_unit": "ML"
      },
      {
        "state": "SA",
        "price": "580",
        "price_per_unit": "121",
        "price_unit": "ML"
      },
      {
        "state": "TAS",
        "price": "580",
        "price_per_unit": "121",
        "price_unit": "ML"
      },
      {
        "state": "ACT",
        "price": "580",
        "price_per_unit": "121",
        "price_unit": "ML"
      },
      {
        "state": "NT",
        "price": "610",
        "price_per_unit": "127",
        "price_unit": "ML"
      }
    ]
  },
  {
    "source_url": "https://www.coles.com.au/product/nando's-vegan-perinaise-peri-peri-mayo-265g-4277345",
    "name": "Nando's Vegan Perinaise Peri Peri Mayo | 265g",
    "image_url": "https://www.coles.com.au/_next/image?url=https%3A%2F%2Fproductimages.coles.com.au%2Fproductimages%2F4%2F4277345.jpg&w=640&q=90",
    "barcode": "6003770013144",
    "shop": "coles",
    "category_id": "22770",
    "weight": "265g",
    "prices": [
      {
        "state": "VIC",
        "price": "143",
        "price_per_unit": "380",
        "price_unit": "g"
      },
      {
        "state": "QLD",
        "price": "143",
        "price_per_unit": "380",
        "price_unit": "g"
      },
      {
        "state": "WA",
        "price": "143",
        "price_per_unit": "380",
        "price_unit": "g"
      },
      {
        "state": "SA",
        "price": "143",
        "price_per_unit": "380",
        "price_unit": "g"
      },
      {
        "state": "TAS",
        "price": "143",
        "price_per_unit": "380",
        "price_unit": "g"
      },
      {
        "state": "ACT",
        "price": "143",
        "price_per_unit": "380",
        "price_unit": "g"
      },
      {
        "state": "NT",
        "price": "143",
        "price_per_unit": "380",
        "price_unit": "g"
      }
    ]
  },
  {
    "source_url": "https://www.woolworths.com.au/shop/productdetails/167094/nando-s-perinaise-vegan-peri-peri-mayonnaise-sauce",
    "name": "Nando's Perinaise Vegan Peri-Peri Mayonnaise Sauce 265g",
    "image_url": "https://cdn1.woolworths.media/content/wowproductimages/large/167094.jpg",
    "barcode": "6003770013144",
    "shop": "Woolworths",
    "category_id": "22770",
    "weight": "100G",
    "prices": [
      {
        "state": "QLD",
        "price": "480",
        "price_per_unit": "181",
        "price_unit": "G"
      },
      {
        "state": "WA",
        "price": "480",
        "price_per_unit": "181",
        "price_unit": "G"
      },
      {
        "state": "SA",
        "price": "480",
        "price_per_unit": "181",
        "price_unit": "G"
      },
      {
        "state": "TAS",
        "price": "480",
        "price_per_unit": "181",
        "price_unit": "G"
      },
      {
        "state": "ACT",
        "price": "480",
        "price_per_unit": "181",
        "price_unit": "G"
      },
      {
        "state": "NT",
        "price": "505",
        "price_per_unit": "191",
        "price_unit": "G"
      }
    ]
  },
  {
    "source_url": "https://www.coles.com.au/product/spring-gully-sweet-chilli-sauce-245ml-5926578",
    "name": "Spring Gully Sweet Chilli Sauce | 245mL",
    "image_url": "https://www.coles.com.au/_next/image?url=https%3A%2F%2Fproductimages.coles.com.au%2Fproductimages%2F5%2F5926578.jpg&w=640&q=90",
    "barcode": "9300733004421",
    "shop": "coles",
    "category_id": "22770",
    "weight": "245ml",
    "prices": [
      {
        "state": "SA",
        "price": "143",
        "price_per_unit": "350",
        "price_unit": "ml"
      },
      {
        "state": "NT",
        "price": "150",
        "price_per_unit": "368",
        "price_unit": "ml"
      }
    ]
  },
  {
    "source_url": "https://www.woolworths.com.au/shop/productdetails/250694/spring-gully-sweet-chilli-sauce-gluten-free",
    "name": "Spring Gully Sweet Chilli Sauce Gluten Free 245ml",
    "image_url": "https://cdn1.woolworths.media/content/wowproductimages/large/250694.jpg",
    "barcode": "9300733004421",
    "shop": "Woolworths",
    "category_id": "22770",
    "weight": "100ML",
    "prices": [
      {
        "state": "QLD",
        "price": "365",
        "price_per_unit": "149",
        "price_unit": "ML"
      },
      {
        "state": "WA",
        "price": "365",
        "price_per_unit": "149",
        "price_unit": "ML"
      },
      {
        "state": "SA",
        "price": "365",
        "price_per_unit": "149",
        "price_unit": "ML"
      },
      {
        "state": "TAS",
        "price": "365",
        "price_per_unit": "149",
        "price_unit": "ML"
      },
      {
        "state": "ACT",
        "price": "365",
        "price_per_unit": "149",
        "price_unit": "ML"
      },
      {
        "state": "NT",
        "price": "385",
        "price_per_unit": "157",
        "price_unit": "ML"
      }
    ]
  },
  {
    "source_url": "https://www.coles.com.au/product/mcilhenny-tabasco-sriracha-sauce-256ml-4276820",
    "name": "Mcilhenny Tabasco Sriracha Sauce | 256mL",
    "image_url": "https://www.coles.com.au/_next/image?url=https%3A%2F%2Fproductimages.coles.com.au%2Fproductimages%2F4%2F4276820.jpg&w=640&q=90",
    "barcode": "9311616035593",
    "shop": "coles",
    "category_id": "22770",
    "weight": "256ml",
    "prices": [
      {
        "state": "VIC",
        "price": "234",
        "price_per_unit": "600",
        "price_unit": "ml"
      },
      {
        "state": "QLD",
        "price": "234",
        "price_per_unit": "600",
        "price_unit": "ml"
      },
      {
        "state": "WA",
        "price": "234",
        "price_per_unit": "600",
        "price_unit": "ml"
      },
      {
        "state": "SA",
        "price": "234",
        "price_per_unit": "600",
        "price_unit": "ml"
      },
      {
        "state": "TAS",
        "price": "234",
        "price_per_unit": "600",
        "price_unit": "ml"
      },
      {
        "state": "ACT",
        "price": "234",
        "price_per_unit": "600",
        "price_unit": "ml"
      },
      {
        "state": "NT",
        "price": "246",
        "price_per_unit": "630",
        "price_unit": "ml"
      }
    ]
  },
  {
    "source_url": "https://www.woolworths.com.au/shop/productdetails/79955/tabasco-sriracha-sauce",
    "name": "Tabasco Sriracha Sauce 256ml",
    "image_url": "https://cdn1.woolworths.media/content/wowproductimages/large/079955.jpg",
    "barcode": "9311616035593",
    "shop": "Woolworths",
    "category_id": "22770",
    "weight": "100ML",
    "prices": [
      {
        "state": "QLD",
        "price": "600",
        "price_per_unit": "234",
        "price_unit": "ML"
      },
      {
        "state": "WA",
        "price": "600",
        "price_per_unit": "234",
        "price_unit": "ML"
      },
      {
        "state": "SA",
        "price": "600",
        "price_per_unit": "234",
        "price_unit": "ML"
      },
      {
        "state": "TAS",
        "price": "600",
        "price_per_unit": "234",
        "price_unit": "ML"
      },
      {
        "state": "ACT",
        "price": "600",
        "price_per_unit": "234",
        "price_unit": "ML"
      },
      {
        "state": "NT",
        "price": "605",
        "price_per_unit": "236",
        "price_unit": "ML"
      }
    ]
  }
]