[
  {
    "source_url": "https://www.woolworths.com.au/shop/productdetails/673516/lighthouse-yeast-bread-improver",
    "name": "Lighthouse Yeast Bread Improver 10x7g",
    "image_url": "https://cdn1.woolworths.media/content/wowproductimages/large/673516.jpg",
    "source_id": "Woolworths - 673516",
    "barcode": "9300609107577",
    "category_id": "1_39FD49C",
    "shop": "Woolworths",
    "weight": "100G",
    "prices": [
      {
        "state": "NSW",
        "price": "620",
        "price_per_unit": "886",
        "price_unit": "G"
      },
      {
        "state": "WA",
        "price": "620",
        "price_per_unit": "886",
        "price_unit": "G"
      },
      {
        "state": "SA",
        "price": "620",
        "price_per_unit": "886",
        "price_unit": "G"
      },
      {
        "state": "TAS",
        "price": "620",
        "price_per_unit": "886",
        "price_unit": "G"
      },
      {
        "state": "ACT",
        "price": "620",
        "price_per_unit": "886",
        "price_unit": "G"
      },
      {
        "state": "NT",
        "price": "650",
        "price_per_unit": "929",
        "price_unit": "G"
      }
    ]
  },
  {
    "source_url": "https://www.woolworths.com.au/shop/productdetails/184917/lowan-yeast-dried-instant",
    "name": "Lowan Yeast Dried Instant 280g",
    "image_url": "https://cdn1.woolworths.media/content/wowproductimages/large/184917.jpg",
    "source_id": "Woolworths - 184917",
    "barcode": "9310598500211",
    "category_id": "1_39FD49C",
    "shop": "Woolworths",
    "weight": "100G",
    "prices": [
      {
        "state": "NSW",
        "price": "480",
        "price_per_unit": "171",
        "price_unit": "G"
      },
      {
        "state": "VIC",
        "price": "480",
        "price_per_unit": "171",
        "price_unit": "G"
      },
      {
        "state": "QLD",
        "price": "480",
        "price_per_unit": "171",
        "price_unit": "G"
      },
      {
        "state": "WA",
        "price": "480",
        "price_per_unit": "171",
        "price_unit": "G"
      },
      {
        "state": "SA",
        "price": "480",
        "price_per_unit": "171",
        "price_unit": "G"
      },
      {
        "state": "TAS",
        "price": "480",
        "price_per_unit": "171",
        "price_unit": "G"
      },
      {
        "state": "ACT",
        "price": "480",
        "price_per_unit": "171",
        "price_unit": "G"
      },
      {
        "state": "NT",
        "price": "480",
        "price_per_unit": "171",
        "price_unit": "G"
      }
    ]
  },
  {
    "source_url": "https://www.woolworths.com.au/shop/productdetails/15391/tandaco-dry-yeast-5x7g-sachets",
    "name": "Tandaco Dry Yeast 5x7g Sachets 35g",
    "image_url": "https://cdn1.woolworths.media/content/wowproductimages/large/015391.jpg",
    "source_id": "Woolworths - 15391",
    "barcode": "9300681225350",
    "category_id": "1_39FD49C",
    "shop": "Woolworths",
    "weight": "100G",
    "prices": [
      {
        "state": "NSW",
        "price": "280",
        "price_per_unit": "800",
        "price_unit": "G"
      },
      {
        "state": "VIC",
        "price": "280",
        "price_per_unit": "800",
        "price_unit": "G"
      },
      {
        "state": "QLD",
        "price": "280",
        "price_per_unit": "800",
        "price_unit": "G"
      },
      {
        "state": "WA",
        "price": "280",
        "price_per_unit": "800",
        "price_unit": "G"
      },
      {
        "state": "SA",
        "price": "280",
        "price_per_unit": "800",
        "price_unit": "G"
      },
      {
        "state": "TAS",
        "price": "280",
        "price_per_unit": "800",
        "price_unit": "G"
      },
      {
        "state": "ACT",
        "price": "280",
        "price_per_unit": "800",
        "price_unit": "G"
      },
      {
        "state": "NT",
        "price": "295",
        "price_per_unit": "843",
        "price_unit": "G"
      }
    ]
  },
  {
    "source_url": "https://www.woolworths.com.au/shop/productdetails/39156/tandaco-dry-yeast-12x7g-sachets",
    "name": "Tandaco Dry Yeast 12x7g Sachets 84g",
    "image_url": "https://cdn1.woolworths.media/content/wowproductimages/large/039156.jpg",
    "source_id": "Woolworths - 39156",
    "barcode": "9300681225114",
    "category_id": "1_39FD49C",
    "shop": "Woolworths",
    "weight": "100G",
    "prices": [
      {
        "state": "VIC",
        "price": "550",
        "price_per_unit": "655",
        "price_unit": "G"
      },
      {
        "state": "QLD",
        "price": "550",
        "price_per_unit": "655",
        "price_unit": "G"
      },
      {
        "state": "WA",
        "price": "550",
        "price_per_unit": "655",
        "price_unit": "G"
      },
      {
        "state": "SA",
        "price": "550",
        "price_per_unit": "655",
        "price_unit": "G"
      },
      {
        "state": "TAS",
        "price": "550",
        "price_per_unit": "655",
        "price_unit": "G"
      },
      {
        "state": "ACT",
        "price": "550",
        "price_per_unit": "655",
        "price_unit": "G"
      },
      {
        "state": "NT",
        "price": "580",
        "price_per_unit": "690",
        "price_unit": "G"
      }
    ]
  },
  {
    "source_url": "https://www.woolworths.com.au/shop/productdetails/349621/wallaby-bread-improver",
    "name": "Wallaby Bread Improver 125g",
    "image_url": "https://cdn1.woolworths.media/content/wowproductimages/large/349621.jpg",
    "source_id": "Woolworths - 349621",
    "barcode": "9321885002011",
    "category_id": "1_39FD49C",
    "shop": "Woolworths",
    "weight": "100G",
    "prices": [
      {
        "state": "VIC",
        "price": "520",
        "price_per_unit": "416",
        "price_unit": "G"
      },
      {
        "state": "QLD",
        "price": "520",
        "price_per_unit": "416",
        "price_unit": "G"
      },
      {
        "state": "WA",
        "price": "520",
        "price_per_unit": "416",
        "price_unit": "G"
      },
      {
        "state": "SA",
        "price": "520",
        "price_per_unit": "416",
        "price_unit": "G"
      },
      {
        "state": "TAS",
        "price": "520",
        "price_per_unit": "416",
        "price_unit": "G"
      },
      {
        "state": "ACT",
        "price": "520",
        "price_per_unit": "416",
        "price_unit": "G"
      },
      {
        "state": "NT",
        "price": "520",
        "price_per_unit": "416",
        "price_unit": "G"
      }
    ]
  },
  {
    "source_url": "https://www.woolworths.com.au/shop/productdetails/143327/mckenzie-s-vegan-instant-dried-baker-s-yeast",
    "name": "McKenzie's Vegan Instant Dried Baker's Yeast 200g",
    "image_url": "https://cdn1.woolworths.media/content/wowproductimages/large/143327.jpg",
    "source_id": "Woolworths - 143327",
    "barcode": "9310061125132",
    "category_id": "1_39FD49C",
    "shop": "Woolworths",
    "weight": "100G",
    "prices": [
      {
        "state": "QLD",
        "price": "500",
        "price_per_unit": "250",
        "price_unit": "G"
      },
      {
        "state": "WA",
        "price": "500",
        "price_per_unit": "250",
        "price_unit": "G"
      },
      {
        "state": "SA",
        "price": "500",
        "price_per_unit": "250",
        "price_unit": "G"
      },
      {
        "state": "TAS",
        "price": "500",
        "price_per_unit": "250",
        "price_unit": "G"
      },
      {
        "state": "ACT",
        "price": "500",
        "price_per_unit": "250",
        "price_unit": "G"
      },
      {
        "state": "NT",
        "price": "500",
        "price_per_unit": "250",
        "price_unit": "G"
      }
    ]
  }
]