[
  {
    "source_url": "https://www.woolworths.com.au/shop/productdetails/63688/el-navarrico-chickpeas",
    "name": "El Navarrico Chickpeas 325g",
    "image_url": "https://cdn1.woolworths.media/content/wowproductimages/large/063688.jpg",
    "source_id": "Woolworths - 63688",
    "barcode": "8413239060073",
    "category_id": "1_39FD49C",
    "shop": "Woolworths",
    "weight": "100G",
    "prices": [
      {
        "state": "NSW",
        "price": "850",
        "price_per_unit": "262",
        "price_unit": "G"
      },
      {
        "state": "VIC",
        "price": "850",
        "price_per_unit": "262",
        "price_unit": "G"
      },
      {
        "state": "QLD",
        "price": "850",
        "price_per_unit": "262",
        "price_unit": "G"
      },
      {
        "state": "WA",
        "price": "850",
        "price_per_unit": "262",
        "price_unit": "G"
      },
      {
        "state": "SA",
        "price": "850",
        "price_per_unit": "262",
        "price_unit": "G"
      },
      {
        "state": "TAS",
        "price": "850",
        "price_per_unit": "262",
        "price_unit": "G"
      },
      {
        "state": "ACT",
        "price": "850",
        "price_per_unit": "262",
        "price_unit": "G"
      }
    ]
  },
  {
    "source_url": "https://www.woolworths.com.au/shop/productdetails/47701/marco-polo-pitted-cherries-pitted-fresh",
    "name": "Marco Polo Pitted Cherries Pitted Fresh 670g",
    "image_url": "https://cdn1.woolworths.media/content/wowproductimages/large/047701.jpg",
    "source_id": "Woolworths - 47701",
    "barcode": "9315248199616",
    "category_id": "1_39FD49C",
    "shop": "Woolworths",
    "weight": "1KG",
    "prices": [
      {
        "state": "NSW",
        "price": "440",
        "price_per_unit": "657",
        "price_unit": "KG"
      },
      {
        "state": "VIC",
        "price": "440",
        "price_per_unit": "657",
        "price_unit": "KG"
      },
      {
        "state": "QLD",
        "price": "440",
        "price_per_unit": "657",
        "price_unit": "KG"
      },
      {
        "state": "WA",
        "price": "440",
        "price_per_unit": "657",
        "price_unit": "KG"
      },
      {
        "state": "SA",
        "price": "440",
        "price_per_unit": "657",
        "price_unit": "KG"
      },
      {
        "state": "TAS",
        "price": "440",
        "price_per_unit": "657",
        "price_unit": "KG"
      },
      {
        "state": "ACT",
        "price": "440",
        "price_per_unit": "657",
        "price_unit": "KG"
      },
      {
        "state": "NT",
        "price": "440",
        "price_per_unit": "657",
        "price_unit": "KG"
      }
    ]
  },
  {
    "source_url": "https://www.woolworths.com.au/shop/productdetails/94217/spc-young-green-jackfruit-pieces-in-water",
    "name": "SPC Young Green Jackfruit Pieces In Water 410g",
    "image_url": "https://cdn1.woolworths.media/content/wowproductimages/large/094217.jpg",
    "source_id": "Woolworths - 94217",
    "barcode": "9310006705641",
    "category_id": "1_39FD49C",
    "shop": "Woolworths",
    "weight": "1KG",
    "prices": [
      {
        "state": "NSW",
        "price": "350",
        "price_per_unit": "854",
        "price_unit": "KG"
      },
      {
        "state": "VIC",
        "price": "350",
        "price_per_unit": "854",
        "price_unit": "KG"
      },
      {
        "state": "QLD",
        "price": "350",
        "price_per_unit": "854",
        "price_unit": "KG"
      },
      {
        "state": "WA",
        "price": "350",
        "price_per_unit": "854",
        "price_unit": "KG"
      },
      {
        "state": "SA",
        "price": "350",
        "price_per_unit": "854",
        "price_unit": "KG"
      },
      {
        "state": "TAS",
        "price": "350",
        "price_per_unit": "854",
        "price_unit": "KG"
      },
      {
        "state": "ACT",
        "price": "350",
        "price_per_unit": "854",
        "price_unit": "KG"
      },
      {
        "state": "NT",
        "price": "350",
        "price_per_unit": "854",
        "price_unit": "KG"
      }
    ]
  },
  {
    "source_url": "https://www.woolworths.com.au/shop/productdetails/205513/woolworths-australian-pear-slices-in-juice",
    "name": "Woolworths Australian Pear Slices In Juice 700g",
    "image_url": "https://cdn1.woolworths.media/content/wowproductimages/large/205513.jpg",
    "source_id": "Woolworths - 205513",
    "barcode": "9339687297085",
    "category_id": "1_39FD49C",
    "shop": "Woolworths",
    "weight": "1KG",
    "prices": [
      {
        "state": "NSW",
        "price": "365",
        "price_per_unit": "521",
        "price_unit": "KG"
      },
      {
        "state": "VIC",
        "price": "365",
        "price_per_unit": "521",
        "price_unit": "KG"
      },
      {
        "state": "QLD",
        "price": "365",
        "price_per_unit": "521",
        "price_unit": "KG"
      },
      {
        "state": "WA",
        "price": "365",
        "price_per_unit": "521",
        "price_unit": "KG"
      },
      {
        "state": "SA",
        "price": "365",
        "price_per_unit": "521",
        "price_unit": "KG"
      },
      {
        "state": "TAS",
        "price": "365",
        "price_per_unit": "521",
        "price_unit": "KG"
      },
      {
        "state": "ACT",
        "price": "365",
        "price_per_unit": "521",
        "price_unit": "KG"
      },
      {
        "state": "NT",
        "price": "365",
        "price_per_unit": "521",
        "price_unit": "KG"
      }
    ]
  },
  {
    "source_url": "https://www.woolworths.com.au/shop/productdetails/251825/woolworths-black-cherries-stoneless-in-syrup",
    "name": "Woolworths Black Cherries Stoneless In Syrup 415g",
    "image_url": "https://cdn1.woolworths.media/content/wowproductimages/large/251825.jpg",
    "source_id": "Woolworths - 251825",
    "barcode": "9300633930615",
    "category_id": "1_39FD49C",
    "shop": "Woolworths",
    "weight": "1KG",
    "prices": [
      {
        "state": "NSW",
        "price": "380",
        "price_per_unit": "916",
        "price_unit": "KG"
      },
      {
        "state": "VIC",
        "price": "380",
        "price_per_unit": "916",
        "price_unit": "KG"
      },
      {
        "state": "QLD",
        "price": "380",
        "price_per_unit": "916",
        "price_unit": "KG"
      },
      {
        "state": "WA",
        "price": "380",
        "price_per_unit": "916",
        "price_unit": "KG"
      },
      {
        "state": "SA",
        "price": "380",
        "price_per_unit": "916",
        "price_unit": "KG"
      },
      {
        "state": "TAS",
        "price": "380",
        "price_per_unit": "916",
        "price_unit": "KG"
      },
      {
        "state": "ACT",
        "price": "380",
        "price_per_unit": "916",
        "price_unit": "KG"
      },
      {
        "state": "NT",
        "price": "380",
        "price_per_unit": "916",
        "price_unit": "KG"
      }
    ]
  },
  {
    "source_url": "https://www.woolworths.com.au/shop/productdetails/204671/woolworths-fruit-salad-in-juice",
    "name": "Woolworths Fruit Salad In Juice 825g",
    "image_url": "https://cdn1.woolworths.media/content/wowproductimages/large/204671.jpg",
    "source_id": "Woolworths - 204671",
    "barcode": "9339687348466",
    "category_id": "1_39FD49C",
    "shop": "Woolworths",
    "weight": "1KG",
    "prices": [
      {
        "state": "NSW",
        "price": "360",
        "price_per_unit": "436",
        "price_unit": "KG"
      },
      {
        "state": "VIC",
        "price": "360",
        "price_per_unit": "436",
        "price_unit": "KG"
      },
      {
        "state": "QLD",
        "price": "360",
        "price_per_unit": "436",
        "price_unit": "KG"
      },
      {
        "state": "WA",
        "price": "360",
        "price_per_unit": "436",
        "price_unit": "KG"
      },
      {
        "state": "SA",
        "price": "360",
        "price_per_unit": "436",
        "price_unit": "KG"
      },
      {
        "state": "TAS",
        "price": "360",
        "price_per_unit": "436",
        "price_unit": "KG"
      },
      {
        "state": "ACT",
        "price": "360",
        "price_per_unit": "436",
        "price_unit": "KG"
      },
      {
        "state": "NT",
        "price": "360",
        "price_per_unit": "436",
        "price_unit": "KG"
      }
    ]
  },
  {
    "source_url": "https://www.woolworths.com.au/shop/productdetails/756336/woolworths-mandarin-canned",
    "name": "Woolworths Mandarin Canned 310g Can",
    "image_url": "https://cdn1.woolworths.media/content/wowproductimages/large/756336.jpg",
    "source_id": "Woolworths - 756336",
    "barcode": "9300633418427",
    "category_id": "1_39FD49C",
    "shop": "Woolworths",
    "weight": "1KG",
    "prices": [
      {
        "state": "NSW",
        "price": "130",
        "price_per_unit": "419",
        "price_unit": "KG"
      },
      {
        "state": "VIC",
        "price": "130",
        "price_per_unit": "419",
        "price_unit": "KG"
      },
      {
        "state": "QLD",
        "price": "130",
        "price_per_unit": "419",
        "price_unit": "KG"
      },
      {
        "state": "WA",
        "price": "130",
        "price_per_unit": "419",
        "price_unit": "KG"
      },
      {
        "state": "SA",
        "price": "130",
        "price_per_unit": "419",
        "price_unit": "KG"
      },
      {
        "state": "TAS",
        "price": "130",
        "price_per_unit": "419",
        "price_unit": "KG"
      },
      {
        "state": "ACT",
        "price": "130",
        "price_per_unit": "419",
        "price_unit": "KG"
      },
      {
        "state": "NT",
        "price": "130",
        "price_per_unit": "419",
        "price_unit": "KG"
      }
    ]
  },
  {
    "source_url": "https://www.woolworths.com.au/shop/productdetails/254421/woolworths-passionfruit-pulp-canned",
    "name": "Woolworths Passionfruit Pulp Canned 170g",
    "image_url": "https://cdn1.woolworths.media/content/wowproductimages/large/254421.jpg",
    "source_id": "Woolworths - 254421",
    "barcode": "9300633945138",
    "category_id": "1_39FD49C",
    "shop": "Woolworths",
    "weight": "1KG",
    "prices": [
      {
        "state": "NSW",
        "price": "109",
        "price_per_unit": "641",
        "price_unit": "KG"
      },
      {
        "state": "VIC",
        "price": "109",
        "price_per_unit": "641",
        "price_unit": "KG"
      },
      {
        "state": "QLD",
        "price": "109",
        "price_per_unit": "641",
        "price_unit": "KG"
      },
      {
        "state": "WA",
        "price": "109",
        "price_per_unit": "641",
        "price_unit": "KG"
      },
      {
        "state": "SA",
        "price": "109",
        "price_per_unit": "641",
        "price_unit": "KG"
      },
      {
        "state": "TAS",
        "price": "109",
        "price_per_unit": "641",
        "price_unit": "KG"
      },
      {
        "state": "ACT",
        "price": "109",
        "price_per_unit": "641",
        "price_unit": "KG"
      },
      {
        "state": "NT",
        "price": "109",
        "price_per_unit": "641",
        "price_unit": "KG"
      }
    ]
  },
  {
    "source_url": "https://www.woolworths.com.au/shop/productdetails/89649/woolworths-peach-slices-in-syrup",
    "name": "Woolworths Peach Slices In Syrup 825g",
    "image_url": "https://cdn1.woolworths.media/content/wowproductimages/large/089649.jpg",
    "source_id": "Woolworths - 89649",
    "barcode": "9339687169030",
    "category_id": "1_39FD49C",
    "shop": "Woolworths",
    "weight": "1KG",
    "prices": [
      {
        "state": "VIC",
        "price": "260",
        "price_per_unit": "315",
        "price_unit": "KG"
      },
      {
        "state": "QLD",
        "price": "260",
        "price_per_unit": "315",
        "price_unit": "KG"
      },
      {
        "state": "SA",
        "price": "260",
        "price_per_unit": "315",
        "price_unit": "KG"
      },
      {
        "state": "TAS",
        "price": "260",
        "price_per_unit": "315",
        "price_unit": "KG"
      },
      {
        "state": "ACT",
        "price": "260",
        "price_per_unit": "315",
        "price_unit": "KG"
      },
      {
        "state": "NT",
        "price": "260",
        "price_per_unit": "315",
        "price_unit": "KG"
      }
    ]
  },
  {
    "source_url": "https://www.woolworths.com.au/shop/productdetails/204670/woolworths-two-fruits-in-juice",
    "name": "Woolworths Two Fruits In Juice 700g",
    "image_url": "https://cdn1.woolworths.media/content/wowproductimages/large/204670.jpg",
    "source_id": "Woolworths - 204670",
    "barcode": "9339687348473",
    "category_id": "1_39FD49C",
    "shop": "Woolworths",
    "weight": "1KG",
    "prices": [
      {
        "state": "NSW",
        "price": "350",
        "price_per_unit": "500",
        "price_unit": "KG"
      },
      {
        "state": "VIC",
        "price": "350",
        "price_per_unit": "500",
        "price_unit": "KG"
      },
      {
        "state": "QLD",
        "price": "350",
        "price_per_unit": "500",
        "price_unit": "KG"
      },
      {
        "state": "WA",
        "price": "350",
        "price_per_unit": "500",
        "price_unit": "KG"
      },
      {
        "state": "SA",
        "price": "350",
        "price_per_unit": "500",
        "price_unit": "KG"
      },
      {
        "state": "TAS",
        "price": "350",
        "price_per_unit": "500",
        "price_unit": "KG"
      },
      {
        "state": "ACT",
        "price": "350",
        "price_per_unit": "500",
        "price_unit": "KG"
      },
      {
        "state": "NT",
        "price": "350",
        "price_per_unit": "500",
        "price_unit": "KG"
      }
    ]
  },
  {
    "source_url": "https://www.woolworths.com.au/shop/productdetails/32993/ardmona-pie-fruit-apples-sliced-sliced",
    "name": "Ardmona Pie Fruit Apples Sliced 400g",
    "image_url": "https://cdn1.woolworths.media/content/wowproductimages/large/032993.jpg",
    "source_id": "Woolworths - 32993",
    "barcode": "9310092000620",
    "category_id": "1_39FD49C",
    "shop": "Woolworths",
    "weight": "1KG",
    "prices": [
      {
        "state": "VIC",
        "price": "420",
        "price_per_unit": "1050",
        "price_unit": "KG"
      },
      {
        "state": "QLD",
        "price": "420",
        "price_per_unit": "1050",
        "price_unit": "KG"
      },
      {
        "state": "WA",
        "price": "420",
        "price_per_unit": "1050",
        "price_unit": "KG"
      },
      {
        "state": "SA",
        "price": "420",
        "price_per_unit": "1050",
        "price_unit": "KG"
      },
      {
        "state": "TAS",
        "price": "420",
        "price_per_unit": "1050",
        "price_unit": "KG"
      },
      {
        "state": "ACT",
        "price": "420",
        "price_per_unit": "1050",
        "price_unit": "KG"
      },
      {
        "state": "NT",
        "price": "420",
        "price_per_unit": "1050",
        "price_unit": "KG"
      }
    ]
  },
  {
    "source_url": "https://www.woolworths.com.au/shop/productdetails/44973/ardmona-pie-fruit-apples-sliced-sliced",
    "name": "Ardmona Pie Fruit Apples Sliced 800g",
    "image_url": "https://cdn1.woolworths.media/content/wowproductimages/large/044973.jpg",
    "source_id": "Woolworths - 44973",
    "barcode": "9310092208224",
    "category_id": "1_39FD49C",
    "shop": "Woolworths",
    "weight": "1KG",
    "prices": [
      {
        "state": "VIC",
        "price": "550",
        "price_per_unit": "688",
        "price_unit": "KG"
      },
      {
        "state": "QLD",
        "price": "550",
        "price_per_unit": "688",
        "price_unit": "KG"
      },
      {
        "state": "WA",
        "price": "550",
        "price_per_unit": "688",
        "price_unit": "KG"
      },
      {
        "state": "SA",
        "price": "550",
        "price_per_unit": "688",
        "price_unit": "KG"
      },
      {
        "state": "TAS",
        "price": "550",
        "price_per_unit": "688",
        "price_unit": "KG"
      },
      {
        "state": "ACT",
        "price": "550",
        "price_per_unit": "688",
        "price_unit": "KG"
      },
      {
        "state": "NT",
        "price": "550",
        "price_per_unit": "688",
        "price_unit": "KG"
      }
    ]
  },
  {
    "source_url": "https://www.woolworths.com.au/shop/productdetails/354718/dole-fruit-mix-in-juice",
    "name": "Dole Fruit Mix In Juice 432g",
    "image_url": "https://cdn1.woolworths.media/content/wowproductimages/large/354718.jpg",
    "source_id": "Woolworths - 354718",
    "barcode": "38900091934",
    "category_id": "1_39FD49C",
    "shop": "Woolworths",
    "weight": "1KG",
    "prices": [
      {
        "state": "VIC",
        "price": "310",
        "price_per_unit": "718",
        "price_unit": "KG"
      },
      {
        "state": "QLD",
        "price": "310",
        "price_per_unit": "718",
        "price_unit": "KG"
      },
      {
        "state": "WA",
        "price": "310",
        "price_per_unit": "718",
        "price_unit": "KG"
      },
      {
        "state": "SA",
        "price": "310",
        "price_per_unit": "718",
        "price_unit": "KG"
      },
      {
        "state": "TAS",
        "price": "310",
        "price_per_unit": "718",
        "price_unit": "KG"
      },
      {
        "state": "ACT",
        "price": "310",
        "price_per_unit": "718",
        "price_unit": "KG"
      },
      {
        "state": "NT",
        "price": "310",
        "price_per_unit": "718",
        "price_unit": "KG"
      }
    ]
  },
  {
    "source_url": "https://www.woolworths.com.au/shop/productdetails/784136/goulburn-valley-apricot-halves-in-juice",
    "name": "Goulburn Valley Apricot Halves In Juice 700g",
    "image_url": "https://cdn1.woolworths.media/content/wowproductimages/large/784136.jpg",
    "source_id": "Woolworths - 784136",
    "barcode": "9310093004443",
    "category_id": "1_39FD49C",
    "shop": "Woolworths",
    "weight": "1KG",
    "prices": [
      {
        "state": "VIC",
        "price": "500",
        "price_per_unit": "714",
        "price_unit": "KG"
      },
      {
        "state": "QLD",
        "price": "500",
        "price_per_unit": "714",
        "price_unit": "KG"
      },
      {
        "state": "WA",
        "price": "500",
        "price_per_unit": "714",
        "price_unit": "KG"
      },
      {
        "state": "SA",
        "price": "500",
        "price_per_unit": "714",
        "price_unit": "KG"
      },
      {
        "state": "TAS",
        "price": "500",
        "price_per_unit": "714",
        "price_unit": "KG"
      },
      {
        "state": "ACT",
        "price": "500",
        "price_per_unit": "714",
        "price_unit": "KG"
      },
      {
        "state": "NT",
        "price": "500",
        "price_per_unit": "714",
        "price_unit": "KG"
      }
    ]
  },
  {
    "source_url": "https://www.woolworths.com.au/shop/productdetails/784112/goulburn-valley-fruit-salad-in-juice",
    "name": "Goulburn Valley Fruit Salad In Juice 700g",
    "image_url": "https://cdn1.woolworths.media/content/wowproductimages/large/784112.jpg",
    "source_id": "Woolworths - 784112",
    "barcode": "9310093003897",
    "category_id": "1_39FD49C",
    "shop": "Woolworths",
    "weight": "1KG",
    "prices": [
      {
        "state": "VIC",
        "price": "500",
        "price_per_unit": "714",
        "price_unit": "KG"
      },
      {
        "state": "QLD",
        "price": "500",
        "price_per_unit": "714",
        "price_unit": "KG"
      },
      {
        "state": "WA",
        "price": "500",
        "price_per_unit": "714",
        "price_unit": "KG"
      },
      {
        "state": "SA",
        "price": "500",
        "price_per_unit": "714",
        "price_unit": "KG"
      },
      {
        "state": "TAS",
        "price": "500",
        "price_per_unit": "714",
        "price_unit": "KG"
      },
      {
        "state": "ACT",
        "price": "500",
        "price_per_unit": "714",
        "price_unit": "KG"
      },
      {
        "state": "NT",
        "price": "500",
        "price_per_unit": "714",
        "price_unit": "KG"
      }
    ]
  },
  {
    "source_url": "https://www.woolworths.com.au/shop/productdetails/784246/goulburn-valley-mango-in-juice",
    "name": "Goulburn Valley Mango In Juice 685g",
    "image_url": "https://cdn1.woolworths.media/content/wowproductimages/large/784246.jpg",
    "source_id": "Woolworths - 784246",
    "barcode": "9310093004573",
    "category_id": "1_39FD49C",
    "shop": "Woolworths",
    "weight": "1KG",
    "prices": [
      {
        "state": "VIC",
        "price": "660",
        "price_per_unit": "964",
        "price_unit": "KG"
      },
      {
        "state": "QLD",
        "price": "660",
        "price_per_unit": "964",
        "price_unit": "KG"
      },
      {
        "state": "WA",
        "price": "660",
        "price_per_unit": "964",
        "price_unit": "KG"
      },
      {
        "state": "SA",
        "price": "660",
        "price_per_unit": "964",
        "price_unit": "KG"
      },
      {
        "state": "TAS",
        "price": "660",
        "price_per_unit": "964",
        "price_unit": "KG"
      },
      {
        "state": "ACT",
        "price": "660",
        "price_per_unit": "964",
        "price_unit": "KG"
      },
      {
        "state": "NT",
        "price": "660",
        "price_per_unit": "964",
        "price_unit": "KG"
      }
    ]
  },
  {
    "source_url": "https://www.woolworths.com.au/shop/productdetails/784123/goulburn-valley-peaches-in-juice-sliced-in-juice",
    "name": "Goulburn Valley Peaches In Juice 700g",
    "image_url": "https://cdn1.woolworths.media/content/wowproductimages/large/784123.jpg",
    "source_id": "Woolworths - 784123",
    "barcode": "9310093003873",
    "category_id": "1_39FD49C",
    "shop": "Woolworths",
    "weight": "1KG",
    "prices": [
      {
        "state": "VIC",
        "price": "500",
        "price_per_unit": "714",
        "price_unit": "KG"
      },
      {
        "state": "QLD",
        "price": "500",
        "price_per_unit": "714",
        "price_unit": "KG"
      },
      {
        "state": "WA",
        "price": "500",
        "price_per_unit": "714",
        "price_unit": "KG"
      },
      {
        "state": "SA",
        "price": "500",
        "price_per_unit": "714",
        "price_unit": "KG"
      },
      {
        "state": "TAS",
        "price": "500",
        "price_per_unit": "714",
        "price_unit": "KG"
      },
      {
        "state": "ACT",
        "price": "500",
        "price_per_unit": "714",
        "price_unit": "KG"
      },
      {
        "state": "NT",
        "price": "500",
        "price_per_unit": "714",
        "price_unit": "KG"
      }
    ]
  },
  {
    "source_url": "https://www.woolworths.com.au/shop/productdetails/784116/goulburn-valley-peaches-in-mango-nectar-sliced-in-mango-nectar",
    "name": "Goulburn Valley Peaches In Mango Nectar 700g",
    "image_url": "https://cdn1.woolworths.media/content/wowproductimages/large/784116.jpg",
    "source_id": "Woolworths - 784116",
    "barcode": "9310093003880",
    "category_id": "1_39FD49C",
    "shop": "Woolworths",
    "weight": "1KG",
    "prices": [
      {
        "state": "VIC",
        "price": "500",
        "price_per_unit": "714",
        "price_unit": "KG"
      },
      {
        "state": "QLD",
        "price": "500",
        "price_per_unit": "714",
        "price_unit": "KG"
      },
      {
        "state": "WA",
        "price": "500",
        "price_per_unit": "714",
        "price_unit": "KG"
      },
      {
        "state": "SA",
        "price": "500",
        "price_per_unit": "714",
        "price_unit": "KG"
      },
      {
        "state": "TAS",
        "price": "500",
        "price_per_unit": "714",
        "price_unit": "KG"
      },
      {
        "state": "ACT",
        "price": "500",
        "price_per_unit": "714",
        "price_unit": "KG"
      },
      {
        "state": "NT",
        "price": "500",
        "price_per_unit": "714",
        "price_unit": "KG"
      }
    ]
  },
  {
    "source_url": "https://www.woolworths.com.au/shop/productdetails/784143/goulburn-valley-pears-in-juice-sliced-in-juice",
    "name": "Goulburn Valley Pears In Juice 700g",
    "image_url": "https://cdn1.woolworths.media/content/wowproductimages/large/784143.jpg",
    "source_id": "Woolworths - 784143",
    "barcode": "9310093004313",
    "category_id": "1_39FD49C",
    "shop": "Woolworths",
    "weight": "1KG",
    "prices": [
      {
        "state": "VIC",
        "price": "500",
        "price_per_unit": "714",
        "price_unit": "KG"
      },
      {
        "state": "QLD",
        "price": "500",
        "price_per_unit": "714",
        "price_unit": "KG"
      },
      {
        "state": "WA",
        "price": "500",
        "price_per_unit": "714",
        "price_unit": "KG"
      },
      {
        "state": "SA",
        "price": "500",
        "price_per_unit": "714",
        "price_unit": "KG"
      },
      {
        "state": "TAS",
        "price": "500",
        "price_per_unit": "714",
        "price_unit": "KG"
      },
      {
        "state": "ACT",
        "price": "500",
        "price_per_unit": "714",
        "price_unit": "KG"
      },
      {
        "state": "NT",
        "price": "500",
        "price_per_unit": "714",
        "price_unit": "KG"
      }
    ]
  },
  {
    "source_url": "https://www.woolworths.com.au/shop/productdetails/784113/goulburn-valley-two-fruits-in-juice",
    "name": "Goulburn Valley Two Fruits In Juice 700g",
    "image_url": "https://cdn1.woolworths.media/content/wowproductimages/large/784113.jpg",
    "source_id": "Woolworths - 784113",
    "barcode": "9310093003903",
    "category_id": "1_39FD49C",
    "shop": "Woolworths",
    "weight": "1KG",
    "prices": [
      {
        "state": "VIC",
        "price": "500",
        "price_per_unit": "714",
        "price_unit": "KG"
      },
      {
        "state": "QLD",
        "price": "500",
        "price_per_unit": "714",
        "price_unit": "KG"
      },
      {
        "state": "WA",
        "price": "500",
        "price_per_unit": "714",
        "price_unit": "KG"
      },
      {
        "state": "SA",
        "price": "500",
        "price_per_unit": "714",
        "price_unit": "KG"
      },
      {
        "state": "TAS",
        "price": "500",
        "price_per_unit": "714",
        "price_unit": "KG"
      },
      {
        "state": "ACT",
        "price": "500",
        "price_per_unit": "714",
        "price_unit": "KG"
      },
      {
        "state": "NT",
        "price": "500",
        "price_per_unit": "714",
        "price_unit": "KG"
      }
    ]
  },
  {
    "source_url": "https://www.woolworths.com.au/shop/productdetails/43915/john-west-passionfruit-pulp-in-syrup",
    "name": "John West Passionfruit Pulp In Syrup 170g",
    "image_url": "https://cdn1.woolworths.media/content/wowproductimages/large/043915.jpg",
    "source_id": "Woolworths - 43915",
    "barcode": "93654050",
    "category_id": "1_39FD49C",
    "shop": "Woolworths",
    "weight": "1KG",
    "prices": [
      {
        "state": "VIC",
        "price": "250",
        "price_per_unit": "1471",
        "price_unit": "KG"
      },
      {
        "state": "QLD",
        "price": "250",
        "price_per_unit": "1471",
        "price_unit": "KG"
      },
      {
        "state": "WA",
        "price": "250",
        "price_per_unit": "1471",
        "price_unit": "KG"
      },
      {
        "state": "SA",
        "price": "250",
        "price_per_unit": "1471",
        "price_unit": "KG"
      },
      {
        "state": "TAS",
        "price": "250",
        "price_per_unit": "1471",
        "price_unit": "KG"
      },
      {
        "state": "ACT",
        "price": "250",
        "price_per_unit": "1471",
        "price_unit": "KG"
      },
      {
        "state": "NT",
        "price": "250",
        "price_per_unit": "1471",
        "price_unit": "KG"
      }
    ]
  },
  {
    "source_url": "https://www.woolworths.com.au/shop/productdetails/63414/pons-chilli-peppers",
    "name": "Pons Chilli Peppers 350g",
    "image_url": "https://cdn1.woolworths.media/content/wowproductimages/large/063414.jpg",
    "source_id": "Woolworths - 63414",
    "barcode": "8429671361753",
    "category_id": "1_39FD49C",
    "shop": "Woolworths",
    "weight": "100G",
    "prices": [
      {
        "state": "VIC",
        "price": "1425",
        "price_per_unit": "407",
        "price_unit": "G"
      },
      {
        "state": "QLD",
        "price": "1425",
        "price_per_unit": "407",
        "price_unit": "G"
      },
      {
        "state": "WA",
        "price": "1425",
        "price_per_unit": "407",
        "price_unit": "G"
      },
      {
        "state": "SA",
        "price": "1425",
        "price_per_unit": "407",
        "price_unit": "G"
      },
      {
        "state": "TAS",
        "price": "1425",
        "price_per_unit": "407",
        "price_unit": "G"
      },
      {
        "state": "ACT",
        "price": "1425",
        "price_per_unit": "407",
        "price_unit": "G"
      }
    ]
  },
  {
    "source_url": "https://www.woolworths.com.au/shop/productdetails/307347/scubi-fruit-salad",
    "name": "Scubi Fruit Salad 825g",
    "image_url": "https://cdn1.woolworths.media/content/wowproductimages/large/307347.jpg",
    "source_id": "Woolworths - 307347",
    "barcode": "9348641029693",
    "category_id": "1_39FD49C",
    "shop": "Woolworths",
    "weight": "1KG",
    "prices": [
      {
        "state": "VIC",
        "price": "450",
        "price_per_unit": "545",
        "price_unit": "KG"
      },
      {
        "state": "WA",
        "price": "450",
        "price_per_unit": "545",
        "price_unit": "KG"
      },
      {
        "state": "TAS",
        "price": "450",
        "price_per_unit": "545",
        "price_unit": "KG"
      },
      {
        "state": "ACT",
        "price": "450",
        "price_per_unit": "545",
        "price_unit": "KG"
      },
      {
        "state": "NT",
        "price": "450",
        "price_per_unit": "545",
        "price_unit": "KG"
      }
    ]
  },
  {
    "source_url": "https://www.woolworths.com.au/shop/productdetails/307348/scubi-peach-halves",
    "name": "Scubi Peach Halves 825g",
    "image_url": "https://cdn1.woolworths.media/content/wowproductimages/large/307348.jpg",
    "source_id": "Woolworths - 307348",
    "barcode": "9348641029709",
    "category_id": "1_39FD49C",
    "shop": "Woolworths",
    "weight": "1KG",
    "prices": [
      {
        "state": "VIC",
        "price": "450",
        "price_per_unit": "545",
        "price_unit": "KG"
      },
      {
        "state": "QLD",
        "price": "450",
        "price_per_unit": "545",
        "price_unit": "KG"
      },
      {
        "state": "WA",
        "price": "450",
        "price_per_unit": "545",
        "price_unit": "KG"
      },
      {
        "state": "SA",
        "price": "450",
        "price_per_unit": "545",
        "price_unit": "KG"
      },
      {
        "state": "TAS",
        "price": "450",
        "price_per_unit": "545",
        "price_unit": "KG"
      },
      {
        "state": "ACT",
        "price": "450",
        "price_per_unit": "545",
        "price_unit": "KG"
      },
      {
        "state": "NT",
        "price": "450",
        "price_per_unit": "545",
        "price_unit": "KG"
      }
    ]
  },
  {
    "source_url": "https://www.woolworths.com.au/shop/productdetails/307349/scubi-peach-slices",
    "name": "Scubi Peach Slices 825g",
    "image_url": "https://cdn1.woolworths.media/content/wowproductimages/large/307349.jpg",
    "source_id": "Woolworths - 307349",
    "barcode": "9348641029716",
    "category_id": "1_39FD49C",
    "shop": "Woolworths",
    "weight": "1KG",
    "prices": [
      {
        "state": "VIC",
        "price": "450",
        "price_per_unit": "545",
        "price_unit": "KG"
      },
      {
        "state": "QLD",
        "price": "450",
        "price_per_unit": "545",
        "price_unit": "KG"
      },
      {
        "state": "WA",
        "price": "450",
        "price_per_unit": "545",
        "price_unit": "KG"
      },
      {
        "state": "SA",
        "price": "450",
        "price_per_unit": "545",
        "price_unit": "KG"
      },
      {
        "state": "TAS",
        "price": "450",
        "price_per_unit": "545",
        "price_unit": "KG"
      },
      {
        "state": "ACT",
        "price": "450",
        "price_per_unit": "545",
        "price_unit": "KG"
      },
      {
        "state": "NT",
        "price": "450",
        "price_per_unit": "545",
        "price_unit": "KG"
      }
    ]
  },
  {
    "source_url": "https://www.woolworths.com.au/shop/productdetails/32321/spc-peaches-sliced-in-juice-canned-fruit",
    "name": "SPC Peaches Sliced In Juice Canned Fruit 825g",
    "image_url": "https://cdn1.woolworths.media/content/wowproductimages/large/032321.jpg",
    "source_id": "Woolworths - 32321",
    "barcode": "9310006212972",
    "category_id": "1_39FD49C",
    "shop": "Woolworths",
    "weight": "1KG",
    "prices": [
      {
        "state": "VIC",
        "price": "530",
        "price_per_unit": "642",
        "price_unit": "KG"
      },
      {
        "state": "QLD",
        "price": "530",
        "price_per_unit": "642",
        "price_unit": "KG"
      },
      {
        "state": "WA",
        "price": "530",
        "price_per_unit": "642",
        "price_unit": "KG"
      },
      {
        "state": "SA",
        "price": "530",
        "price_per_unit": "642",
        "price_unit": "KG"
      },
      {
        "state": "TAS",
        "price": "530",
        "price_per_unit": "642",
        "price_unit": "KG"
      },
      {
        "state": "ACT",
        "price": "530",
        "price_per_unit": "642",
        "price_unit": "KG"
      },
      {
        "state": "NT",
        "price": "530",
        "price_per_unit": "642",
        "price_unit": "KG"
      }
    ]
  },
  {
    "source_url": "https://www.woolworths.com.au/shop/productdetails/847211/spc-whole-prunes-in-juice-canned-fruit",
    "name": "SPC Whole Prunes In Juice Canned Fruit 425g",
    "image_url": "https://cdn1.woolworths.media/content/wowproductimages/large/847211.jpg",
    "source_id": "Woolworths - 847211",
    "barcode": "9310006015634",
    "category_id": "1_39FD49C",
    "shop": "Woolworths",
    "weight": "1KG",
    "prices": [
      {
        "state": "VIC",
        "price": "350",
        "price_per_unit": "824",
        "price_unit": "KG"
      },
      {
        "state": "QLD",
        "price": "350",
        "price_per_unit": "824",
        "price_unit": "KG"
      },
      {
        "state": "WA",
        "price": "350",
        "price_per_unit": "824",
        "price_unit": "KG"
      },
      {
        "state": "SA",
        "price": "350",
        "price_per_unit": "824",
        "price_unit": "KG"
      },
      {
        "state": "TAS",
        "price": "350",
        "price_per_unit": "824",
        "price_unit": "KG"
      },
      {
        "state": "ACT",
        "price": "350",
        "price_per_unit": "824",
        "price_unit": "KG"
      },
      {
        "state": "NT",
        "price": "350",
        "price_per_unit": "824",
        "price_unit": "KG"
      }
    ]
  },
  {
    "source_url": "https://www.woolworths.com.au/shop/productdetails/565830/woolworths-apple-slices-pie-fruit",
    "name": "Woolworths Apple Slices Pie Fruit 385g",
    "image_url": "https://cdn1.woolworths.media/content/wowproductimages/large/565830.jpg",
    "source_id": "Woolworths - 565830",
    "barcode": "9300633630249",
    "category_id": "1_39FD49C",
    "shop": "Woolworths",
    "weight": "1KG",
    "prices": [
      {
        "state": "VIC",
        "price": "200",
        "price_per_unit": "519",
        "price_unit": "KG"
      },
      {
        "state": "QLD",
        "price": "200",
        "price_per_unit": "519",
        "price_unit": "KG"
      },
      {
        "state": "WA",
        "price": "200",
        "price_per_unit": "519",
        "price_unit": "KG"
      },
      {
        "state": "SA",
        "price": "200",
        "price_per_unit": "519",
        "price_unit": "KG"
      },
      {
        "state": "TAS",
        "price": "200",
        "price_per_unit": "519",
        "price_unit": "KG"
      },
      {
        "state": "ACT",
        "price": "200",
        "price_per_unit": "519",
        "price_unit": "KG"
      },
      {
        "state": "NT",
        "price": "200",
        "price_per_unit": "519",
        "price_unit": "KG"
      }
    ]
  },
  {
    "source_url": "https://www.woolworths.com.au/shop/productdetails/565831/woolworths-apple-slices-pie-fruit",
    "name": "Woolworths Apple Slices Pie Fruit 770g",
    "image_url": "https://cdn1.woolworths.media/content/wowproductimages/large/565831.jpg",
    "source_id": "Woolworths - 565831",
    "barcode": "9300633630256",
    "category_id": "1_39FD49C",
    "shop": "Woolworths",
    "weight": "1KG",
    "prices": [
      {
        "state": "VIC",
        "price": "375",
        "price_per_unit": "487",
        "price_unit": "KG"
      },
      {
        "state": "QLD",
        "price": "375",
        "price_per_unit": "487",
        "price_unit": "KG"
      },
      {
        "state": "WA",
        "price": "375",
        "price_per_unit": "487",
        "price_unit": "KG"
      },
      {
        "state": "SA",
        "price": "375",
        "price_per_unit": "487",
        "price_unit": "KG"
      },
      {
        "state": "TAS",
        "price": "375",
        "price_per_unit": "487",
        "price_unit": "KG"
      },
      {
        "state": "ACT",
        "price": "375",
        "price_per_unit": "487",
        "price_unit": "KG"
      },
      {
        "state": "NT",
        "price": "375",
        "price_per_unit": "487",
        "price_unit": "KG"
      }
    ]
  },
  {
    "source_url": "https://www.woolworths.com.au/shop/productdetails/753171/woolworths-apricot-halves-in-juice-apricot",
    "name": "Woolworths Apricot Halves In Juice Apricot 410g",
    "image_url": "https://cdn1.woolworths.media/content/wowproductimages/large/753171.jpg",
    "source_id": "Woolworths - 753171",
    "barcode": "9300633396480",
    "category_id": "1_39FD49C",
    "shop": "Woolworths",
    "weight": "1KG",
    "prices": [
      {
        "state": "VIC",
        "price": "200",
        "price_per_unit": "488",
        "price_unit": "KG"
      },
      {
        "state": "QLD",
        "price": "200",
        "price_per_unit": "488",
        "price_unit": "KG"
      },
      {
        "state": "WA",
        "price": "200",
        "price_per_unit": "488",
        "price_unit": "KG"
      },
      {
        "state": "SA",
        "price": "200",
        "price_per_unit": "488",
        "price_unit": "KG"
      },
      {
        "state": "TAS",
        "price": "200",
        "price_per_unit": "488",
        "price_unit": "KG"
      },
      {
        "state": "ACT",
        "price": "200",
        "price_per_unit": "488",
        "price_unit": "KG"
      },
      {
        "state": "NT",
        "price": "200",
        "price_per_unit": "488",
        "price_unit": "KG"
      }
    ]
  },
  {
    "source_url": "https://www.woolworths.com.au/shop/productdetails/88208/woolworths-apricot-halves-in-syrup",
    "name": "Woolworths Apricot Halves In Syrup 825g",
    "image_url": "https://cdn1.woolworths.media/content/wowproductimages/large/088208.jpg",
    "source_id": "Woolworths - 88208",
    "barcode": "9300633929107",
    "category_id": "1_39FD49C",
    "shop": "Woolworths",
    "weight": "1KG",
    "prices": [
      {
        "state": "VIC",
        "price": "300",
        "price_per_unit": "364",
        "price_unit": "KG"
      },
      {
        "state": "QLD",
        "price": "300",
        "price_per_unit": "364",
        "price_unit": "KG"
      },
      {
        "state": "WA",
        "price": "300",
        "price_per_unit": "364",
        "price_unit": "KG"
      },
      {
        "state": "SA",
        "price": "300",
        "price_per_unit": "364",
        "price_unit": "KG"
      },
      {
        "state": "TAS",
        "price": "300",
        "price_per_unit": "364",
        "price_unit": "KG"
      },
      {
        "state": "ACT",
        "price": "300",
        "price_per_unit": "364",
        "price_unit": "KG"
      },
      {
        "state": "NT",
        "price": "300",
        "price_per_unit": "364",
        "price_unit": "KG"
      }
    ]
  },
  {
    "source_url": "https://www.woolworths.com.au/shop/productdetails/205516/woolworths-apricots-in-juice",
    "name": "Woolworths Apricots In Juice 700g",
    "image_url": "https://cdn1.woolworths.media/content/wowproductimages/large/205516.jpg",
    "source_id": "Woolworths - 205516",
    "barcode": "9339687297115",
    "category_id": "1_39FD49C",
    "shop": "Woolworths",
    "weight": "1KG",
    "prices": [
      {
        "state": "VIC",
        "price": "350",
        "price_per_unit": "500",
        "price_unit": "KG"
      },
      {
        "state": "QLD",
        "price": "350",
        "price_per_unit": "500",
        "price_unit": "KG"
      },
      {
        "state": "WA",
        "price": "350",
        "price_per_unit": "500",
        "price_unit": "KG"
      },
      {
        "state": "SA",
        "price": "350",
        "price_per_unit": "500",
        "price_unit": "KG"
      },
      {
        "state": "TAS",
        "price": "350",
        "price_per_unit": "500",
        "price_unit": "KG"
      },
      {
        "state": "ACT",
        "price": "350",
        "price_per_unit": "500",
        "price_unit": "KG"
      },
      {
        "state": "NT",
        "price": "370",
        "price_per_unit": "529",
        "price_unit": "KG"
      }
    ]
  },
  {
    "source_url": "https://www.woolworths.com.au/shop/productdetails/753172/woolworths-australian-pear-slices-in-juice",
    "name": "Woolworths Australian Pear Slices In Juice 410g",
    "image_url": "https://cdn1.woolworths.media/content/wowproductimages/large/753172.jpg",
    "source_id": "Woolworths - 753172",
    "barcode": "9300633396497",
    "category_id": "1_39FD49C",
    "shop": "Woolworths",
    "weight": "1KG",
    "prices": [
      {
        "state": "VIC",
        "price": "200",
        "price_per_unit": "488",
        "price_unit": "KG"
      },
      {
        "state": "QLD",
        "price": "200",
        "price_per_unit": "488",
        "price_unit": "KG"
      },
      {
        "state": "WA",
        "price": "200",
        "price_per_unit": "488",
        "price_unit": "KG"
      },
      {
        "state": "SA",
        "price": "200",
        "price_per_unit": "488",
        "price_unit": "KG"
      },
      {
        "state": "TAS",
        "price": "200",
        "price_per_unit": "488",
        "price_unit": "KG"
      },
      {
        "state": "ACT",
        "price": "200",
        "price_per_unit": "488",
        "price_unit": "KG"
      },
      {
        "state": "NT",
        "price": "200",
        "price_per_unit": "488",
        "price_unit": "KG"
      }
    ]
  },
  {
    "source_url": "https://www.woolworths.com.au/shop/productdetails/672757/woolworths-diced-pineapple-in-juice",
    "name": "Woolworths Diced Pineapple In Juice 695g",
    "image_url": "https://cdn1.woolworths.media/content/wowproductimages/large/672757.jpg",
    "source_id": "Woolworths - 672757",
    "barcode": "9339687027002",
    "category_id": "1_39FD49C",
    "shop": "Woolworths",
    "weight": "1KG",
    "prices": [
      {
        "state": "VIC",
        "price": "350",
        "price_per_unit": "504",
        "price_unit": "KG"
      },
      {
        "state": "QLD",
        "price": "350",
        "price_per_unit": "504",
        "price_unit": "KG"
      },
      {
        "state": "WA",
        "price": "350",
        "price_per_unit": "504",
        "price_unit": "KG"
      },
      {
        "state": "SA",
        "price": "350",
        "price_per_unit": "504",
        "price_unit": "KG"
      },
      {
        "state": "TAS",
        "price": "350",
        "price_per_unit": "504",
        "price_unit": "KG"
      },
      {
        "state": "ACT",
        "price": "350",
        "price_per_unit": "504",
        "price_unit": "KG"
      },
      {
        "state": "NT",
        "price": "350",
        "price_per_unit": "504",
        "price_unit": "KG"
      }
    ]
  },
  {
    "source_url": "https://www.woolworths.com.au/shop/productdetails/572475/woolworths-fruit-salad-in-juice",
    "name": "Woolworths Fruit Salad In Juice 695g",
    "image_url": "https://cdn1.woolworths.media/content/wowproductimages/large/572475.jpg",
    "source_id": "Woolworths - 572475",
    "barcode": "9300633634186",
    "category_id": "1_39FD49C",
    "shop": "Woolworths",
    "weight": "1KG",
    "prices": [
      {
        "state": "VIC",
        "price": "350",
        "price_per_unit": "504",
        "price_unit": "KG"
      },
      {
        "state": "QLD",
        "price": "350",
        "price_per_unit": "504",
        "price_unit": "KG"
      },
      {
        "state": "WA",
        "price": "350",
        "price_per_unit": "504",
        "price_unit": "KG"
      },
      {
        "state": "SA",
        "price": "350",
        "price_per_unit": "504",
        "price_unit": "KG"
      },
      {
        "state": "TAS",
        "price": "350",
        "price_per_unit": "504",
        "price_unit": "KG"
      },
      {
        "state": "ACT",
        "price": "350",
        "price_per_unit": "504",
        "price_unit": "KG"
      },
      {
        "state": "NT",
        "price": "350",
        "price_per_unit": "504",
        "price_unit": "KG"
      }
    ]
  },
  {
    "source_url": "https://www.woolworths.com.au/shop/productdetails/753150/woolworths-peach-slices-in-juice",
    "name": "Woolworths Peach Slices In Juice 410g",
    "image_url": "https://cdn1.woolworths.media/content/wowproductimages/large/753150.jpg",
    "source_id": "Woolworths - 753150",
    "barcode": "9339687160778",
    "category_id": "1_39FD49C",
    "shop": "Woolworths",
    "weight": "1KG",
    "prices": [
      {
        "state": "VIC",
        "price": "165",
        "price_per_unit": "402",
        "price_unit": "KG"
      },
      {
        "state": "QLD",
        "price": "165",
        "price_per_unit": "402",
        "price_unit": "KG"
      },
      {
        "state": "WA",
        "price": "165",
        "price_per_unit": "402",
        "price_unit": "KG"
      },
      {
        "state": "SA",
        "price": "165",
        "price_per_unit": "402",
        "price_unit": "KG"
      },
      {
        "state": "TAS",
        "price": "165",
        "price_per_unit": "402",
        "price_unit": "KG"
      },
      {
        "state": "ACT",
        "price": "165",
        "price_per_unit": "402",
        "price_unit": "KG"
      },
      {
        "state": "NT",
        "price": "165",
        "price_per_unit": "402",
        "price_unit": "KG"
      }
    ]
  },
  {
    "source_url": "https://www.woolworths.com.au/shop/productdetails/205512/woolworths-peach-slices-in-juice",
    "name": "Woolworths Peach Slices In Juice 700g",
    "image_url": "https://cdn1.woolworths.media/content/wowproductimages/large/205512.jpg",
    "source_id": "Woolworths - 205512",
    "barcode": "9339687348442",
    "category_id": "1_39FD49C",
    "shop": "Woolworths",
    "weight": "1KG",
    "prices": [
      {
        "state": "VIC",
        "price": "370",
        "price_per_unit": "529",
        "price_unit": "KG"
      },
      {
        "state": "QLD",
        "price": "370",
        "price_per_unit": "529",
        "price_unit": "KG"
      },
      {
        "state": "WA",
        "price": "370",
        "price_per_unit": "529",
        "price_unit": "KG"
      },
      {
        "state": "SA",
        "price": "370",
        "price_per_unit": "529",
        "price_unit": "KG"
      },
      {
        "state": "TAS",
        "price": "370",
        "price_per_unit": "529",
        "price_unit": "KG"
      },
      {
        "state": "ACT",
        "price": "370",
        "price_per_unit": "529",
        "price_unit": "KG"
      },
      {
        "state": "NT",
        "price": "370",
        "price_per_unit": "529",
        "price_unit": "KG"
      }
    ]
  },
  {
    "source_url": "https://www.woolworths.com.au/shop/productdetails/205514/woolworths-peach-slices-in-juice",
    "name": "Woolworths Peach Slices In Juice 825g",
    "image_url": "https://cdn1.woolworths.media/content/wowproductimages/large/205514.jpg",
    "source_id": "Woolworths - 205514",
    "barcode": "9339687348435",
    "category_id": "1_39FD49C",
    "shop": "Woolworths",
    "weight": "1KG",
    "prices": [
      {
        "state": "VIC",
        "price": "300",
        "price_per_unit": "364",
        "price_unit": "KG"
      },
      {
        "state": "QLD",
        "price": "300",
        "price_per_unit": "364",
        "price_unit": "KG"
      },
      {
        "state": "WA",
        "price": "300",
        "price_per_unit": "364",
        "price_unit": "KG"
      },
      {
        "state": "SA",
        "price": "300",
        "price_per_unit": "364",
        "price_unit": "KG"
      },
      {
        "state": "TAS",
        "price": "300",
        "price_per_unit": "364",
        "price_unit": "KG"
      },
      {
        "state": "ACT",
        "price": "300",
        "price_per_unit": "364",
        "price_unit": "KG"
      },
      {
        "state": "NT",
        "price": "300",
        "price_per_unit": "364",
        "price_unit": "KG"
      }
    ]
  },
  {
    "source_url": "https://www.woolworths.com.au/shop/productdetails/263999/dole-tropical-fruit-chunks-in-light-syrup",
    "name": "Dole Tropical Fruit Chunks In Light Syrup 432g",
    "image_url": "https://cdn1.woolworths.media/content/wowproductimages/large/263999.jpg",
    "source_id": "Woolworths - 263999",
    "barcode": "38900090814",
    "category_id": "1_39FD49C",
    "shop": "Woolworths",
    "weight": "1KG",
    "prices": [
      {
        "state": "QLD",
        "price": "310",
        "price_per_unit": "718",
        "price_unit": "KG"
      },
      {
        "state": "WA",
        "price": "310",
        "price_per_unit": "718",
        "price_unit": "KG"
      },
      {
        "state": "SA",
        "price": "310",
        "price_per_unit": "718",
        "price_unit": "KG"
      },
      {
        "state": "TAS",
        "price": "310",
        "price_per_unit": "718",
        "price_unit": "KG"
      },
      {
        "state": "ACT",
        "price": "310",
        "price_per_unit": "718",
        "price_unit": "KG"
      },
      {
        "state": "NT",
        "price": "310",
        "price_per_unit": "718",
        "price_unit": "KG"
      }
    ]
  },
  {
    "source_url": "https://www.woolworths.com.au/shop/productdetails/307350/scubi-pear-halves",
    "name": "Scubi Pear Halves 825g",
    "image_url": "https://cdn1.woolworths.media/content/wowproductimages/large/307350.jpg",
    "source_id": "Woolworths - 307350",
    "barcode": "9348641029723",
    "category_id": "1_39FD49C",
    "shop": "Woolworths",
    "weight": "1KG",
    "prices": [
      {
        "state": "QLD",
        "price": "450",
        "price_per_unit": "545",
        "price_unit": "KG"
      },
      {
        "state": "WA",
        "price": "450",
        "price_per_unit": "545",
        "price_unit": "KG"
      },
      {
        "state": "SA",
        "price": "450",
        "price_per_unit": "545",
        "price_unit": "KG"
      },
      {
        "state": "TAS",
        "price": "450",
        "price_per_unit": "545",
        "price_unit": "KG"
      },
      {
        "state": "ACT",
        "price": "450",
        "price_per_unit": "545",
        "price_unit": "KG"
      },
      {
        "state": "NT",
        "price": "450",
        "price_per_unit": "545",
        "price_unit": "KG"
      }
    ]
  },
  {
    "source_url": "https://www.woolworths.com.au/shop/productdetails/93526/spc-apricots-halved-in-juice-juice-no-sugar-canned-fruit",
    "name": "SPC Apricots Halved In Juice 825g",
    "image_url": "https://cdn1.woolworths.media/content/wowproductimages/large/093526.jpg",
    "source_id": "Woolworths - 93526",
    "barcode": "9310006231973",
    "category_id": "1_39FD49C",
    "shop": "Woolworths",
    "weight": "1KG",
    "prices": [
      {
        "state": "QLD",
        "price": "530",
        "price_per_unit": "642",
        "price_unit": "KG"
      },
      {
        "state": "WA",
        "price": "530",
        "price_per_unit": "642",
        "price_unit": "KG"
      },
      {
        "state": "SA",
        "price": "530",
        "price_per_unit": "642",
        "price_unit": "KG"
      },
      {
        "state": "TAS",
        "price": "530",
        "price_per_unit": "642",
        "price_unit": "KG"
      },
      {
        "state": "ACT",
        "price": "530",
        "price_per_unit": "642",
        "price_unit": "KG"
      },
      {
        "state": "NT",
        "price": "530",
        "price_per_unit": "642",
        "price_unit": "KG"
      }
    ]
  },
  {
    "source_url": "https://www.woolworths.com.au/shop/productdetails/43268/spc-peaches-sliced-in-mango-nectar-canned-fruit",
    "name": "SPC Peaches Sliced In Mango Nectar Canned Fruit 825g",
    "image_url": "https://cdn1.woolworths.media/content/wowproductimages/large/043268.jpg",
    "source_id": "Woolworths - 43268",
    "barcode": "9310006212200",
    "category_id": "1_39FD49C",
    "shop": "Woolworths",
    "weight": "1KG",
    "prices": [
      {
        "state": "QLD",
        "price": "530",
        "price_per_unit": "642",
        "price_unit": "KG"
      },
      {
        "state": "WA",
        "price": "530",
        "price_per_unit": "642",
        "price_unit": "KG"
      },
      {
        "state": "SA",
        "price": "530",
        "price_per_unit": "642",
        "price_unit": "KG"
      },
      {
        "state": "TAS",
        "price": "530",
        "price_per_unit": "642",
        "price_unit": "KG"
      },
      {
        "state": "ACT",
        "price": "530",
        "price_per_unit": "642",
        "price_unit": "KG"
      },
      {
        "state": "NT",
        "price": "530",
        "price_per_unit": "642",
        "price_unit": "KG"
      }
    ]
  },
  {
    "source_url": "https://www.woolworths.com.au/shop/productdetails/76291/spc-pears-sliced-in-natural-juice-no-added-sugar",
    "name": "SPC Pears Sliced In Natural Juice No Added Sugar 825g",
    "image_url": "https://cdn1.woolworths.media/content/wowproductimages/large/076291.jpg",
    "source_id": "Woolworths - 76291",
    "barcode": "9310006222971",
    "category_id": "1_39FD49C",
    "shop": "Woolworths",
    "weight": "1KG",
    "prices": [
      {
        "state": "QLD",
        "price": "530",
        "price_per_unit": "642",
        "price_unit": "KG"
      },
      {
        "state": "SA",
        "price": "530",
        "price_per_unit": "642",
        "price_unit": "KG"
      },
      {
        "state": "TAS",
        "price": "530",
        "price_per_unit": "642",
        "price_unit": "KG"
      },
      {
        "state": "ACT",
        "price": "530",
        "price_per_unit": "642",
        "price_unit": "KG"
      },
      {
        "state": "NT",
        "price": "530",
        "price_per_unit": "642",
        "price_unit": "KG"
      }
    ]
  },
  {
    "source_url": "https://www.woolworths.com.au/shop/productdetails/316642/spc-plums-in-juice",
    "name": "SPC Plums In Juice 825g",
    "image_url": "https://cdn1.woolworths.media/content/wowproductimages/large/316642.jpg",
    "source_id": "Woolworths - 316642",
    "barcode": "9310006837243",
    "category_id": "1_39FD49C",
    "shop": "Woolworths",
    "weight": "1KG",
    "prices": [
      {
        "state": "QLD",
        "price": "500",
        "price_per_unit": "606",
        "price_unit": "KG"
      },
      {
        "state": "WA",
        "price": "500",
        "price_per_unit": "606",
        "price_unit": "KG"
      },
      {
        "state": "SA",
        "price": "500",
        "price_per_unit": "606",
        "price_unit": "KG"
      },
      {
        "state": "TAS",
        "price": "500",
        "price_per_unit": "606",
        "price_unit": "KG"
      },
      {
        "state": "ACT",
        "price": "500",
        "price_per_unit": "606",
        "price_unit": "KG"
      },
      {
        "state": "NT",
        "price": "500",
        "price_per_unit": "606",
        "price_unit": "KG"
      }
    ]
  },
  {
    "source_url": "https://www.woolworths.com.au/shop/productdetails/32428/spc-two-fruits-diced-in-juice-canned-fruit",
    "name": "SPC Two Fruits Diced In Juice Canned Fruit 825g",
    "image_url": "https://cdn1.woolworths.media/content/wowproductimages/large/032428.jpg",
    "source_id": "Woolworths - 32428",
    "barcode": "9310006264971",
    "category_id": "1_39FD49C",
    "shop": "Woolworths",
    "weight": "1KG",
    "prices": [
      {
        "state": "QLD",
        "price": "530",
        "price_per_unit": "642",
        "price_unit": "KG"
      },
      {
        "state": "SA",
        "price": "530",
        "price_per_unit": "642",
        "price_unit": "KG"
      },
      {
        "state": "TAS",
        "price": "530",
        "price_per_unit": "642",
        "price_unit": "KG"
      },
      {
        "state": "ACT",
        "price": "530",
        "price_per_unit": "642",
        "price_unit": "KG"
      },
      {
        "state": "NT",
        "price": "530",
        "price_per_unit": "642",
        "price_unit": "KG"
      }
    ]
  },
  {
    "source_url": "https://www.woolworths.com.au/shop/productdetails/252177/woolworths-apricots-in-juice",
    "name": "Woolworths Apricots In Juice 825g",
    "image_url": "https://cdn1.woolworths.media/content/wowproductimages/large/252177.jpg",
    "source_id": "Woolworths - 252177",
    "barcode": "9339687318810",
    "category_id": "1_39FD49C",
    "shop": "Woolworths",
    "weight": "1KG",
    "prices": [
      {
        "state": "QLD",
        "price": "300",
        "price_per_unit": "364",
        "price_unit": "KG"
      },
      {
        "state": "SA",
        "price": "300",
        "price_per_unit": "364",
        "price_unit": "KG"
      },
      {
        "state": "TAS",
        "price": "300",
        "price_per_unit": "364",
        "price_unit": "KG"
      },
      {
        "state": "ACT",
        "price": "300",
        "price_per_unit": "364",
        "price_unit": "KG"
      },
      {
        "state": "NT",
        "price": "315",
        "price_per_unit": "382",
        "price_unit": "KG"
      }
    ]
  },
  {
    "source_url": "https://www.woolworths.com.au/shop/productdetails/610118/woolworths-australian-peach-slices-in-juice",
    "name": "Woolworths Australian Peach Slices In Juice 700g",
    "image_url": "https://cdn1.woolworths.media/content/wowproductimages/large/610118.jpg",
    "source_id": "Woolworths - 610118",
    "barcode": "9339687297078",
    "category_id": "1_39FD49C",
    "shop": "Woolworths",
    "weight": "1KG",
    "prices": [
      {
        "state": "QLD",
        "price": "400",
        "price_per_unit": "571",
        "price_unit": "KG"
      },
      {
        "state": "SA",
        "price": "400",
        "price_per_unit": "571",
        "price_unit": "KG"
      },
      {
        "state": "TAS",
        "price": "400",
        "price_per_unit": "571",
        "price_unit": "KG"
      },
      {
        "state": "ACT",
        "price": "400",
        "price_per_unit": "571",
        "price_unit": "KG"
      },
      {
        "state": "NT",
        "price": "400",
        "price_per_unit": "571",
        "price_unit": "KG"
      }
    ]
  },
  {
    "source_url": "https://www.woolworths.com.au/shop/productdetails/613109/woolworths-australian-peach-slices-in-juice",
    "name": "Woolworths Australian Peach Slices In Juice 825g",
    "image_url": "https://cdn1.woolworths.media/content/wowproductimages/large/613109.jpg",
    "source_id": "Woolworths - 613109",
    "barcode": "9339687297092",
    "category_id": "1_39FD49C",
    "shop": "Woolworths",
    "weight": "1KG",
    "prices": [
      {
        "state": "QLD",
        "price": "320",
        "price_per_unit": "388",
        "price_unit": "KG"
      },
      {
        "state": "SA",
        "price": "320",
        "price_per_unit": "388",
        "price_unit": "KG"
      },
      {
        "state": "TAS",
        "price": "320",
        "price_per_unit": "388",
        "price_unit": "KG"
      },
      {
        "state": "ACT",
        "price": "320",
        "price_per_unit": "388",
        "price_unit": "KG"
      },
      {
        "state": "NT",
        "price": "320",
        "price_per_unit": "388",
        "price_unit": "KG"
      }
    ]
  },
  {
    "source_url": "https://www.woolworths.com.au/shop/productdetails/613365/woolworths-australian-two-fruits-in-juice",
    "name": "Woolworths Australian Two Fruits In Juice 700g",
    "image_url": "https://cdn1.woolworths.media/content/wowproductimages/large/613365.jpg",
    "source_id": "Woolworths - 613365",
    "barcode": "9339687297054",
    "category_id": "1_39FD49C",
    "shop": "Woolworths",
    "weight": "1KG",
    "prices": [
      {
        "state": "QLD",
        "price": "450",
        "price_per_unit": "643",
        "price_unit": "KG"
      },
      {
        "state": "SA",
        "price": "450",
        "price_per_unit": "643",
        "price_unit": "KG"
      },
      {
        "state": "TAS",
        "price": "450",
        "price_per_unit": "643",
        "price_unit": "KG"
      },
      {
        "state": "ACT",
        "price": "450",
        "price_per_unit": "643",
        "price_unit": "KG"
      },
      {
        "state": "NT",
        "price": "450",
        "price_per_unit": "643",
        "price_unit": "KG"
      }
    ]
  },
  {
    "source_url": "https://www.woolworths.com.au/shop/productdetails/753174/woolworths-fruit-salad-in-juice",
    "name": "Woolworths Fruit Salad In Juice 410g",
    "image_url": "https://cdn1.woolworths.media/content/wowproductimages/large/753174.jpg",
    "source_id": "Woolworths - 753174",
    "barcode": "9300633396503",
    "category_id": "1_39FD49C",
    "shop": "Woolworths",
    "weight": "1KG",
    "prices": [
      {
        "state": "QLD",
        "price": "220",
        "price_per_unit": "537",
        "price_unit": "KG"
      },
      {
        "state": "WA",
        "price": "220",
        "price_per_unit": "537",
        "price_unit": "KG"
      },
      {
        "state": "SA",
        "price": "220",
        "price_per_unit": "537",
        "price_unit": "KG"
      },
      {
        "state": "TAS",
        "price": "220",
        "price_per_unit": "537",
        "price_unit": "KG"
      },
      {
        "state": "ACT",
        "price": "220",
        "price_per_unit": "537",
        "price_unit": "KG"
      },
      {
        "state": "NT",
        "price": "220",
        "price_per_unit": "537",
        "price_unit": "KG"
      }
    ]
  },
  {
    "source_url": "https://www.woolworths.com.au/shop/productdetails/757970/woolworths-mango-slices-in-syrup",
    "name": "Woolworths Mango Slices In Syrup 425g",
    "image_url": "https://cdn1.woolworths.media/content/wowproductimages/large/757970.jpg",
    "source_id": "Woolworths - 757970",
    "barcode": "9300633422073",
    "category_id": "1_39FD49C",
    "shop": "Woolworths",
    "weight": "1KG",
    "prices": [
      {
        "state": "QLD",
        "price": "155",
        "price_per_unit": "365",
        "price_unit": "KG"
      },
      {
        "state": "SA",
        "price": "155",
        "price_per_unit": "365",
        "price_unit": "KG"
      },
      {
        "state": "TAS",
        "price": "155",
        "price_per_unit": "365",
        "price_unit": "KG"
      },
      {
        "state": "NT",
        "price": "155",
        "price_per_unit": "365",
        "price_unit": "KG"
      }
    ]
  },
  {
    "source_url": "https://www.woolworths.com.au/shop/productdetails/58659/woolworths-morello-cherries",
    "name": "Woolworths Morello Cherries 680g",
    "image_url": "https://cdn1.woolworths.media/content/wowproductimages/large/058659.jpg",
    "source_id": "Woolworths - 58659",
    "barcode": "9339687106752",
    "category_id": "1_39FD49C",
    "shop": "Woolworths",
    "weight": "1KG",
    "prices": [
      {
        "state": "QLD",
        "price": "370",
        "price_per_unit": "544",
        "price_unit": "KG"
      },
      {
        "state": "WA",
        "price": "370",
        "price_per_unit": "544",
        "price_unit": "KG"
      },
      {
        "state": "SA",
        "price": "370",
        "price_per_unit": "544",
        "price_unit": "KG"
      },
      {
        "state": "TAS",
        "price": "370",
        "price_per_unit": "544",
        "price_unit": "KG"
      },
      {
        "state": "ACT",
        "price": "370",
        "price_per_unit": "544",
        "price_unit": "KG"
      },
      {
        "state": "NT",
        "price": "370",
        "price_per_unit": "544",
        "price_unit": "KG"
      }
    ]
  },
  {
    "source_url": "https://www.woolworths.com.au/shop/productdetails/75933/woolworths-peach-halves-in-syrup",
    "name": "Woolworths Peach Halves In Syrup 825g",
    "image_url": "https://cdn1.woolworths.media/content/wowproductimages/large/075933.jpg",
    "source_id": "Woolworths - 75933",
    "barcode": "9300633600105",
    "category_id": "1_39FD49C",
    "shop": "Woolworths",
    "weight": "1KG",
    "prices": [
      {
        "state": "QLD",
        "price": "280",
        "price_per_unit": "339",
        "price_unit": "KG"
      },
      {
        "state": "WA",
        "price": "280",
        "price_per_unit": "339",
        "price_unit": "KG"
      },
      {
        "state": "SA",
        "price": "280",
        "price_per_unit": "339",
        "price_unit": "KG"
      },
      {
        "state": "TAS",
        "price": "280",
        "price_per_unit": "339",
        "price_unit": "KG"
      },
      {
        "state": "ACT",
        "price": "280",
        "price_per_unit": "339",
        "price_unit": "KG"
      },
      {
        "state": "NT",
        "price": "280",
        "price_per_unit": "339",
        "price_unit": "KG"
      }
    ]
  },
  {
    "source_url": "https://www.woolworths.com.au/shop/productdetails/756335/woolworths-lychees-in-syrup",
    "name": "Woolworths Lychees In Syrup 560g",
    "image_url": "https://cdn1.woolworths.media/content/wowproductimages/large/756335.jpg",
    "source_id": "Woolworths - 756335",
    "barcode": "9300633418410",
    "category_id": "1_39FD49C",
    "shop": "Woolworths",
    "weight": "1KG",
    "prices": [
      {
        "state": "WA",
        "price": "300",
        "price_per_unit": "536",
        "price_unit": "KG"
      },
      {
        "state": "SA",
        "price": "300",
        "price_per_unit": "536",
        "price_unit": "KG"
      },
      {
        "state": "TAS",
        "price": "300",
        "price_per_unit": "536",
        "price_unit": "KG"
      },
      {
        "state": "ACT",
        "price": "300",
        "price_per_unit": "536",
        "price_unit": "KG"
      },
      {
        "state": "NT",
        "price": "275",
        "price_per_unit": "491",
        "price_unit": "KG"
      }
    ]
  },
  {
    "source_url": "https://www.woolworths.com.au/shop/productdetails/901733/scubi-apricot-halves-in-juice",
    "name": "Scubi Apricot Halves In Juice 825g",
    "image_url": "https://cdn1.woolworths.media/content/wowproductimages/large/901733.jpg",
    "source_id": "Woolworths - 901733",
    "barcode": "9348641032013",
    "category_id": "1_39FD49C",
    "shop": "Woolworths",
    "weight": "1KG",
    "prices": [
      {
        "state": "TAS",
        "price": "450",
        "price_per_unit": "545",
        "price_unit": "KG"
      },
      {
        "state": "ACT",
        "price": "450",
        "price_per_unit": "545",
        "price_unit": "KG"
      },
      {
        "state": "NT",
        "price": "450",
        "price_per_unit": "545",
        "price_unit": "KG"
      }
    ]
  }
]