[
  {
    "source_url": "https://www.woolworths.com.au/shop/productdetails/815571/al-barakah-dates-date-syrup-squeeze",
    "name": "Al Barakah Dates Date Syrup Squeeze 400G",
    "image_url": "https://cdn1.woolworths.media/content/wowproductimages/large/815571.jpg",
    "source_id": "Woolworths - 815571",
    "barcode": "6297000361321",
    "category_id": "1_39FD49C",
    "shop": "Woolworths",
    "weight": "100G",
    "prices": [
      {
        "state": "NSW",
        "price": "525",
        "price_per_unit": "131",
        "price_unit": "G"
      },
      {
        "state": "VIC",
        "price": "525",
        "price_per_unit": "131",
        "price_unit": "G"
      },
      {
        "state": "ACT",
        "price": "525",
        "price_per_unit": "131",
        "price_unit": "G"
      }
    ]
  },
  {
    "source_url": "https://www.woolworths.com.au/shop/productdetails/148779/authentic-turkish-delight-pomegranate",
    "name": "Authentic Turkish Delight Pomegranate 250g",
    "image_url": "https://cdn1.woolworths.media/content/wowproductimages/large/148779.jpg",
    "source_id": "Woolworths - 148779",
    "barcode": "9310619000706",
    "category_id": "1_39FD49C",
    "shop": "Woolworths",
    "weight": "100G",
    "prices": [
      {
        "state": "NSW",
        "price": "700",
        "price_per_unit": "280",
        "price_unit": "G"
      },
      {
        "state": "VIC",
        "price": "700",
        "price_per_unit": "280",
        "price_unit": "G"
      },
      {
        "state": "TAS",
        "price": "700",
        "price_per_unit": "280",
        "price_unit": "G"
      },
      {
        "state": "ACT",
        "price": "700",
        "price_per_unit": "280",
        "price_unit": "G"
      },
      {
        "state": "NT",
        "price": "735",
        "price_per_unit": "294",
        "price_unit": "G"
      }
    ]
  },
  {
    "source_url": "https://www.woolworths.com.au/shop/productdetails/149340/authentic-turkish-delight-rose",
    "name": "Authentic Turkish Delight Rose 250g",
    "image_url": "https://cdn1.woolworths.media/content/wowproductimages/large/149340.jpg",
    "source_id": "Woolworths - 149340",
    "barcode": "9310619001178",
    "category_id": "1_39FD49C",
    "shop": "Woolworths",
    "weight": "100G",
    "prices": [
      {
        "state": "NSW",
        "price": "700",
        "price_per_unit": "280",
        "price_unit": "G"
      },
      {
        "state": "VIC",
        "price": "700",
        "price_per_unit": "280",
        "price_unit": "G"
      },
      {
        "state": "TAS",
        "price": "700",
        "price_per_unit": "280",
        "price_unit": "G"
      },
      {
        "state": "ACT",
        "price": "700",
        "price_per_unit": "280",
        "price_unit": "G"
      },
      {
        "state": "NT",
        "price": "735",
        "price_per_unit": "294",
        "price_unit": "G"
      }
    ]
  },
  {
    "source_url": "https://www.woolworths.com.au/shop/productdetails/193848/benino-green-pitted-olives",
    "name": "Benino Green Pitted Olives 500g",
    "image_url": "https://cdn1.woolworths.media/content/wowproductimages/large/193848.jpg",
    "source_id": "Woolworths - 193848",
    "barcode": "9332180002606",
    "category_id": "1_39FD49C",
    "shop": "Woolworths",
    "weight": "100G",
    "prices": [
      {
        "state": "NSW",
        "price": "700",
        "price_per_unit": "140",
        "price_unit": "G"
      },
      {
        "state": "VIC",
        "price": "700",
        "price_per_unit": "140",
        "price_unit": "G"
      },
      {
        "state": "ACT",
        "price": "700",
        "price_per_unit": "140",
        "price_unit": "G"
      }
    ]
  },
  {
    "source_url": "https://www.woolworths.com.au/shop/productdetails/193786/benino-hot-chillies",
    "name": "Benino Hot Chillies 450g",
    "image_url": "https://cdn1.woolworths.media/content/wowproductimages/large/193786.jpg",
    "source_id": "Woolworths - 193786",
    "barcode": "9332180001418",
    "category_id": "1_39FD49C",
    "shop": "Woolworths",
    "weight": "100G",
    "prices": [
      {
        "state": "NSW",
        "price": "500",
        "price_per_unit": "104",
        "price_unit": "G"
      },
      {
        "state": "VIC",
        "price": "500",
        "price_per_unit": "104",
        "price_unit": "G"
      },
      {
        "state": "ACT",
        "price": "500",
        "price_per_unit": "104",
        "price_unit": "G"
      }
    ]
  },
  {
    "source_url": "https://www.woolworths.com.au/shop/productdetails/193747/benino-kalamata-pitted-olives",
    "name": "Benino Kalamata Pitted Olives 500g",
    "image_url": "https://cdn1.woolworths.media/content/wowproductimages/large/193747.jpg",
    "source_id": "Woolworths - 193747",
    "barcode": "9332180000893",
    "category_id": "1_39FD49C",
    "shop": "Woolworths",
    "weight": "100G",
    "prices": [
      {
        "state": "NSW",
        "price": "700",
        "price_per_unit": "140",
        "price_unit": "G"
      },
      {
        "state": "VIC",
        "price": "700",
        "price_per_unit": "140",
        "price_unit": "G"
      },
      {
        "state": "ACT",
        "price": "700",
        "price_per_unit": "140",
        "price_unit": "G"
      }
    ]
  },
  {
    "source_url": "https://www.woolworths.com.au/shop/productdetails/194252/benino-mild-ajvar-roasted-pepper-relish",
    "name": "Benino Mild Ajvar Roasted Pepper Relish 490g",
    "image_url": "https://cdn1.woolworths.media/content/wowproductimages/large/194252.jpg",
    "source_id": "Woolworths - 194252",
    "barcode": "9332180007465",
    "category_id": "1_39FD49C",
    "shop": "Woolworths",
    "weight": "100G",
    "prices": [
      {
        "state": "NSW",
        "price": "1200",
        "price_per_unit": "240",
        "price_unit": "G"
      },
      {
        "state": "VIC",
        "price": "1200",
        "price_per_unit": "240",
        "price_unit": "G"
      },
      {
        "state": "ACT",
        "price": "1200",
        "price_per_unit": "240",
        "price_unit": "G"
      }
    ]
  },
  {
    "source_url": "https://www.woolworths.com.au/shop/productdetails/193894/benino-red-roasted-peppers",
    "name": "Benino Red Roasted Peppers 465g",
    "image_url": "https://cdn1.woolworths.media/content/wowproductimages/large/193894.jpg",
    "source_id": "Woolworths - 193894",
    "barcode": "9332180007762",
    "category_id": "1_39FD49C",
    "shop": "Woolworths",
    "weight": "100G",
    "prices": [
      {
        "state": "NSW",
        "price": "600",
        "price_per_unit": "129",
        "price_unit": "G"
      },
      {
        "state": "VIC",
        "price": "600",
        "price_per_unit": "129",
        "price_unit": "G"
      },
      {
        "state": "ACT",
        "price": "600",
        "price_per_unit": "129",
        "price_unit": "G"
      }
    ]
  },
  {
    "source_url": "https://www.woolworths.com.au/shop/productdetails/717061/damla-assorted-soft-fruit-filled-lollies",
    "name": "Damla Assorted Soft Fruit Filled Lollies 300g",
    "image_url": "https://cdn1.woolworths.media/content/wowproductimages/large/717061.jpg",
    "source_id": "Woolworths - 717061",
    "barcode": "8690997176110",
    "category_id": "1_39FD49C",
    "shop": "Woolworths",
    "weight": "100G",
    "prices": [
      {
        "state": "NSW",
        "price": "330",
        "price_per_unit": "110",
        "price_unit": "G"
      }
    ]
  },
  {
    "source_url": "https://www.woolworths.com.au/shop/productdetails/717036/dimes-beverages-pomegranate-juice",
    "name": "Dimes Beverages Pomegranate Juice 1l",
    "image_url": "https://cdn1.woolworths.media/content/wowproductimages/large/717036.jpg",
    "source_id": "Woolworths - 717036",
    "barcode": "8690558020036",
    "category_id": "1_39FD49C",
    "shop": "Woolworths",
    "weight": "1L",
    "prices": [
      {
        "state": "NSW",
        "price": "330",
        "price_per_unit": "330",
        "price_unit": "L"
      },
      {
        "state": "VIC",
        "price": "330",
        "price_per_unit": "330",
        "price_unit": "L"
      },
      {
        "state": "ACT",
        "price": "330",
        "price_per_unit": "330",
        "price_unit": "L"
      }
    ]
  },
  {
    "source_url": "https://www.woolworths.com.au/shop/productdetails/777764/eti-cracker-crax-pretzel-stick-snack",
    "name": "Eti Cracker Crax Pretzel Stick Snack 120g",
    "image_url": "https://cdn1.woolworths.media/content/wowproductimages/large/777764.jpg",
    "source_id": "Woolworths - 777764",
    "barcode": "8690533084015",
    "category_id": "1_39FD49C",
    "shop": "Woolworths",
    "weight": "100G",
    "prices": [
      {
        "state": "NSW",
        "price": "210",
        "price_per_unit": "175",
        "price_unit": "G"
      },
      {
        "state": "VIC",
        "price": "210",
        "price_per_unit": "175",
        "price_unit": "G"
      },
      {
        "state": "ACT",
        "price": "210",
        "price_per_unit": "175",
        "price_unit": "G"
      }
    ]
  },
  {
    "source_url": "https://www.woolworths.com.au/shop/productdetails/777724/eti-tea-biscuits-classic-snack",
    "name": "Eti Tea Biscuits Classic Snack 400g",
    "image_url": "https://cdn1.woolworths.media/content/wowproductimages/large/777724.jpg",
    "source_id": "Woolworths - 777724",
    "barcode": "8690526701608",
    "category_id": "1_39FD49C",
    "shop": "Woolworths",
    "weight": "100G",
    "prices": [
      {
        "state": "NSW",
        "price": "320",
        "price_per_unit": "80",
        "price_unit": "G"
      },
      {
        "state": "VIC",
        "price": "320",
        "price_per_unit": "80",
        "price_unit": "G"
      },
      {
        "state": "ACT",
        "price": "320",
        "price_per_unit": "80",
        "price_unit": "G"
      }
    ]
  },
  {
    "source_url": "https://www.woolworths.com.au/shop/productdetails/819282/green-hill-bulgur-brown-coarse",
    "name": "Green Hill Bulgur Brown Coarse 1kg",
    "image_url": "https://cdn1.woolworths.media/content/wowproductimages/large/819282.jpg",
    "source_id": "Woolworths - 819282",
    "barcode": "8697452447020",
    "category_id": "1_39FD49C",
    "shop": "Woolworths",
    "weight": "100G",
    "prices": [
      {
        "state": "NSW",
        "price": "375",
        "price_per_unit": "38",
        "price_unit": "G"
      },
      {
        "state": "VIC",
        "price": "375",
        "price_per_unit": "38",
        "price_unit": "G"
      },
      {
        "state": "ACT",
        "price": "375",
        "price_per_unit": "38",
        "price_unit": "G"
      }
    ]
  },
  {
    "source_url": "https://www.woolworths.com.au/shop/productdetails/819196/green-hill-bulgur-brown-fine",
    "name": "Green Hill Bulgur Brown Fine 1kg",
    "image_url": "https://cdn1.woolworths.media/content/wowproductimages/large/819196.jpg",
    "source_id": "Woolworths - 819196",
    "barcode": "8697452447013",
    "category_id": "1_39FD49C",
    "shop": "Woolworths",
    "weight": "100G",
    "prices": [
      {
        "state": "NSW",
        "price": "375",
        "price_per_unit": "38",
        "price_unit": "G"
      },
      {
        "state": "VIC",
        "price": "375",
        "price_per_unit": "38",
        "price_unit": "G"
      },
      {
        "state": "ACT",
        "price": "375",
        "price_per_unit": "38",
        "price_unit": "G"
      }
    ]
  },
  {
    "source_url": "https://www.woolworths.com.au/shop/productdetails/819284/green-hill-bulgur-white-coarse",
    "name": "Green Hill Bulgur White Coarse 1kg",
    "image_url": "https://cdn1.woolworths.media/content/wowproductimages/large/819284.jpg",
    "source_id": "Woolworths - 819284",
    "barcode": "8697452447044",
    "category_id": "1_39FD49C",
    "shop": "Woolworths",
    "weight": "100G",
    "prices": [
      {
        "state": "NSW",
        "price": "375",
        "price_per_unit": "38",
        "price_unit": "G"
      },
      {
        "state": "VIC",
        "price": "375",
        "price_per_unit": "38",
        "price_unit": "G"
      },
      {
        "state": "ACT",
        "price": "375",
        "price_per_unit": "38",
        "price_unit": "G"
      }
    ]
  },
  {
    "source_url": "https://www.woolworths.com.au/shop/productdetails/819281/green-hill-bulgur-white-fine",
    "name": "Green Hill Bulgur White Fine 1kg",
    "image_url": "https://cdn1.woolworths.media/content/wowproductimages/large/819281.jpg",
    "source_id": "Woolworths - 819281",
    "barcode": "8697452447037",
    "category_id": "1_39FD49C",
    "shop": "Woolworths",
    "weight": "100G",
    "prices": [
      {
        "state": "NSW",
        "price": "375",
        "price_per_unit": "38",
        "price_unit": "G"
      },
      {
        "state": "VIC",
        "price": "375",
        "price_per_unit": "38",
        "price_unit": "G"
      },
      {
        "state": "ACT",
        "price": "375",
        "price_per_unit": "38",
        "price_unit": "G"
      }
    ]
  },
  {
    "source_url": "https://www.woolworths.com.au/shop/productdetails/819561/green-leaf-hummus-tahina-dip",
    "name": "Green Leaf Hummus Tahina Dip 400g",
    "image_url": "https://cdn1.woolworths.media/content/wowproductimages/large/819561.jpg",
    "source_id": "Woolworths - 819561",
    "barcode": "9353803027035",
    "category_id": "1_39FD49C",
    "shop": "Woolworths",
    "weight": "100G",
    "prices": [
      {
        "state": "NSW",
        "price": "225",
        "price_per_unit": "56",
        "price_unit": "G"
      },
      {
        "state": "VIC",
        "price": "225",
        "price_per_unit": "56",
        "price_unit": "G"
      },
      {
        "state": "ACT",
        "price": "225",
        "price_per_unit": "56",
        "price_unit": "G"
      }
    ]
  },
  {
    "source_url": "https://www.woolworths.com.au/shop/productdetails/819608/green-leaf-plain-fava-beans-medammas",
    "name": "Green Leaf Plain Fava Beans Medammas 400g",
    "image_url": "https://cdn1.woolworths.media/content/wowproductimages/large/819608.jpg",
    "source_id": "Woolworths - 819608",
    "barcode": "9353803021057",
    "category_id": "1_39FD49C",
    "shop": "Woolworths",
    "weight": "100G",
    "prices": [
      {
        "state": "NSW",
        "price": "175",
        "price_per_unit": "44",
        "price_unit": "G"
      },
      {
        "state": "VIC",
        "price": "175",
        "price_per_unit": "44",
        "price_unit": "G"
      },
      {
        "state": "ACT",
        "price": "175",
        "price_per_unit": "44",
        "price_unit": "G"
      }
    ]
  },
  {
    "source_url": "https://www.woolworths.com.au/shop/productdetails/864352/kushi-jelly-drinks",
    "name": "Kushi Jelly Drinks 75g x12 Pack",
    "image_url": "https://cdn1.woolworths.media/content/wowproductimages/large/864352.jpg",
    "source_id": "Woolworths - 864352",
    "barcode": "9317471001803",
    "category_id": "1_39FD49C",
    "shop": "Woolworths",
    "weight": "100G",
    "prices": [
      {
        "state": "NSW",
        "price": "500",
        "price_per_unit": "56",
        "price_unit": "G"
      },
      {
        "state": "VIC",
        "price": "500",
        "price_per_unit": "56",
        "price_unit": "G"
      },
      {
        "state": "WA",
        "price": "500",
        "price_per_unit": "56",
        "price_unit": "G"
      },
      {
        "state": "SA",
        "price": "500",
        "price_per_unit": "56",
        "price_unit": "G"
      },
      {
        "state": "TAS",
        "price": "500",
        "price_per_unit": "56",
        "price_unit": "G"
      },
      {
        "state": "ACT",
        "price": "500",
        "price_per_unit": "56",
        "price_unit": "G"
      },
      {
        "state": "NT",
        "price": "525",
        "price_per_unit": "58",
        "price_unit": "G"
      }
    ]
  },
  {
    "source_url": "https://www.woolworths.com.au/shop/productdetails/80511/maggi-chicken-noodle-soup",
    "name": "Maggi Chicken Noodle Soup 60g",
    "image_url": "https://cdn1.woolworths.media/content/wowproductimages/large/080511.jpg",
    "source_id": "Woolworths - 80511",
    "barcode": "6294017119150",
    "category_id": "1_39FD49C",
    "shop": "Woolworths",
    "weight": "100G",
    "prices": [
      {
        "state": "NSW",
        "price": "280",
        "price_per_unit": "467",
        "price_unit": "G"
      },
      {
        "state": "VIC",
        "price": "280",
        "price_per_unit": "467",
        "price_unit": "G"
      },
      {
        "state": "ACT",
        "price": "280",
        "price_per_unit": "467",
        "price_unit": "G"
      }
    ]
  },
  {
    "source_url": "https://www.woolworths.com.au/shop/productdetails/128893/pariya-rose-buds",
    "name": "Pariya Rose Buds 50g",
    "image_url": "https://cdn1.woolworths.media/content/wowproductimages/large/128893.jpg",
    "source_id": "Woolworths - 128893",
    "barcode": "811046770105",
    "category_id": "1_39FD49C",
    "shop": "Woolworths",
    "weight": "100G",
    "prices": [
      {
        "state": "NSW",
        "price": "1800",
        "price_per_unit": "3600",
        "price_unit": "G"
      },
      {
        "state": "VIC",
        "price": "1800",
        "price_per_unit": "3600",
        "price_unit": "G"
      },
      {
        "state": "QLD",
        "price": "1800",
        "price_per_unit": "3600",
        "price_unit": "G"
      },
      {
        "state": "SA",
        "price": "1800",
        "price_per_unit": "3600",
        "price_unit": "G"
      },
      {
        "state": "ACT",
        "price": "1800",
        "price_per_unit": "3600",
        "price_unit": "G"
      }
    ]
  },
  {
    "source_url": "https://www.woolworths.com.au/shop/productdetails/815751/second-house-lebanese-zaatar",
    "name": "Second House Lebanese Zaatar 500g",
    "image_url": "https://cdn1.woolworths.media/content/wowproductimages/large/815751.jpg",
    "source_id": "Woolworths - 815751",
    "barcode": "5283012700945",
    "category_id": "1_39FD49C",
    "shop": "Woolworths",
    "weight": "100G",
    "prices": [
      {
        "state": "NSW",
        "price": "950",
        "price_per_unit": "190",
        "price_unit": "G"
      },
      {
        "state": "VIC",
        "price": "950",
        "price_per_unit": "190",
        "price_unit": "G"
      },
      {
        "state": "ACT",
        "price": "950",
        "price_per_unit": "190",
        "price_unit": "G"
      }
    ]
  },
  {
    "source_url": "https://www.woolworths.com.au/shop/productdetails/193529/shan-arabic-seasoning-mix-beryani-rice",
    "name": "Shan Arabic Seasoning Mix Beryani Rice 60g",
    "image_url": "https://cdn1.woolworths.media/content/wowproductimages/large/193529.jpg",
    "source_id": "Woolworths - 193529",
    "barcode": "788821004208",
    "category_id": "1_39FD49C",
    "shop": "Woolworths",
    "weight": "100G",
    "prices": [
      {
        "state": "NSW",
        "price": "200",
        "price_per_unit": "400",
        "price_unit": "G"
      },
      {
        "state": "VIC",
        "price": "200",
        "price_per_unit": "400",
        "price_unit": "G"
      },
      {
        "state": "ACT",
        "price": "200",
        "price_per_unit": "400",
        "price_unit": "G"
      }
    ]
  },
  {
    "source_url": "https://www.woolworths.com.au/shop/productdetails/194214/shan-arabic-seasoning-mix-shawerma",
    "name": "Shan Arabic Seasoning Mix Shawerma 40g",
    "image_url": "https://cdn1.woolworths.media/content/wowproductimages/large/194214.jpg",
    "source_id": "Woolworths - 194214",
    "barcode": "788821004277",
    "category_id": "1_39FD49C",
    "shop": "Woolworths",
    "weight": "100G",
    "prices": [
      {
        "state": "NSW",
        "price": "200",
        "price_per_unit": "500",
        "price_unit": "G"
      },
      {
        "state": "VIC",
        "price": "200",
        "price_per_unit": "500",
        "price_unit": "G"
      },
      {
        "state": "ACT",
        "price": "200",
        "price_per_unit": "500",
        "price_unit": "G"
      }
    ]
  },
  {
    "source_url": "https://www.woolworths.com.au/shop/productdetails/80370/tadim-sunflower-seed-extra-salted",
    "name": "Tadim Sunflower Seed Extra Salted 330g",
    "image_url": "https://cdn1.woolworths.media/content/wowproductimages/large/080370.jpg",
    "source_id": "Woolworths - 80370",
    "barcode": "8690787911396",
    "category_id": "1_39FD49C",
    "shop": "Woolworths",
    "weight": "100G",
    "prices": [
      {
        "state": "NSW",
        "price": "650",
        "price_per_unit": "197",
        "price_unit": "G"
      },
      {
        "state": "VIC",
        "price": "650",
        "price_per_unit": "197",
        "price_unit": "G"
      },
      {
        "state": "ACT",
        "price": "650",
        "price_per_unit": "197",
        "price_unit": "G"
      }
    ]
  },
  {
    "source_url": "https://www.woolworths.com.au/shop/productdetails/815454/zwan-chicken-luncheon-meat-halal",
    "name": "Zwan Chicken Luncheon Meat Halal 200g",
    "image_url": "https://cdn1.woolworths.media/content/wowproductimages/large/815454.jpg",
    "source_id": "Woolworths - 815454",
    "barcode": "8714555000218",
    "category_id": "1_39FD49C",
    "shop": "Woolworths",
    "weight": "100G",
    "prices": [
      {
        "state": "NSW",
        "price": "385",
        "price_per_unit": "193",
        "price_unit": "G"
      },
      {
        "state": "VIC",
        "price": "385",
        "price_per_unit": "193",
        "price_unit": "G"
      },
      {
        "state": "ACT",
        "price": "385",
        "price_per_unit": "193",
        "price_unit": "G"
      }
    ]
  },
  {
    "source_url": "https://www.woolworths.com.au/shop/productdetails/9355/abla-s-pastries-baclava",
    "name": "Abla's Pastries Baclava 300g",
    "image_url": "https://cdn1.woolworths.media/content/wowproductimages/large/009355.jpg",
    "source_id": "Woolworths - 9355",
    "barcode": "9347030000190",
    "category_id": "1_39FD49C",
    "shop": "Woolworths",
    "weight": "100G",
    "prices": [
      {
        "state": "VIC",
        "price": "1000",
        "price_per_unit": "333",
        "price_unit": "G"
      },
      {
        "state": "ACT",
        "price": "1000",
        "price_per_unit": "333",
        "price_unit": "G"
      }
    ]
  },
  {
    "source_url": "https://www.woolworths.com.au/shop/productdetails/81567/alameed-coffee-medium-with-cardamom-turkish-coffee",
    "name": "Alameed Coffee Medium With Cardamom Turkish Coffee 250g",
    "image_url": "https://cdn1.woolworths.media/content/wowproductimages/large/081567.jpg",
    "source_id": "Woolworths - 81567",
    "barcode": "6254000115019",
    "category_id": "1_39FD49C",
    "shop": "Woolworths",
    "weight": "100G",
    "prices": [
      {
        "state": "VIC",
        "price": "930",
        "price_per_unit": "372",
        "price_unit": "G"
      },
      {
        "state": "ACT",
        "price": "930",
        "price_per_unit": "372",
        "price_unit": "G"
      }
    ]
  },
  {
    "source_url": "https://www.woolworths.com.au/shop/productdetails/81266/amigo-cocktail-multivita",
    "name": "Amigo Cocktail Multivita 8 Pack",
    "image_url": "https://cdn1.woolworths.media/content/wowproductimages/large/081266.jpg",
    "source_id": "Woolworths - 81266",
    "barcode": "5319990227362",
    "category_id": "1_39FD49C",
    "shop": "Woolworths",
    "weight": "1L",
    "prices": [
      {
        "state": "VIC",
        "price": "750",
        "price_per_unit": "469",
        "price_unit": "L"
      }
    ]
  },
  {
    "source_url": "https://www.woolworths.com.au/shop/productdetails/148261/aseel-vegetable-ghee",
    "name": "Aseel Vegetable Ghee 1kg",
    "image_url": "https://cdn1.woolworths.media/content/wowproductimages/large/148261.jpg",
    "source_id": "Woolworths - 148261",
    "barcode": "631583101022",
    "category_id": "1_39FD49C",
    "shop": "Woolworths",
    "weight": "100G",
    "prices": [
      {
        "state": "VIC",
        "price": "850",
        "price_per_unit": "85",
        "price_unit": "G"
      },
      {
        "state": "ACT",
        "price": "850",
        "price_per_unit": "85",
        "price_unit": "G"
      }
    ]
  },
  {
    "source_url": "https://www.woolworths.com.au/shop/productdetails/105409/barbican-malt-beverage-non-alcoholic-pomegranate",
    "name": "Barbican Malt Beverage Non Alcoholic Pomegranate 330ml x6 Pack",
    "image_url": "https://cdn1.woolworths.media/content/wowproductimages/large/105409.jpg",
    "source_id": "Woolworths - 105409",
    "barcode": "6281034904470",
    "category_id": "1_39FD49C",
    "shop": "Woolworths",
    "weight": "1L",
    "prices": [
      {
        "state": "VIC",
        "price": "1150",
        "price_per_unit": "3485",
        "price_unit": "L"
      },
      {
        "state": "ACT",
        "price": "1150",
        "price_per_unit": "3485",
        "price_unit": "L"
      }
    ]
  },
  {
    "source_url": "https://www.woolworths.com.au/shop/productdetails/104034/benino-green-stuffed-olives-with-pepper-paste",
    "name": "Benino Green Stuffed Olives With Pepper Paste 500g",
    "image_url": "https://cdn1.woolworths.media/content/wowproductimages/large/104034.jpg",
    "source_id": "Woolworths - 104034",
    "barcode": "9332180002590",
    "category_id": "1_39FD49C",
    "shop": "Woolworths",
    "weight": "100G",
    "prices": [
      {
        "state": "VIC",
        "price": "700",
        "price_per_unit": "140",
        "price_unit": "G"
      },
      {
        "state": "ACT",
        "price": "700",
        "price_per_unit": "140",
        "price_unit": "G"
      }
    ]
  },
  {
    "source_url": "https://www.woolworths.com.au/shop/productdetails/104319/castania-extra-mixed-nuts",
    "name": "Castania Extra Mixed Nuts 450g",
    "image_url": "https://cdn1.woolworths.media/content/wowproductimages/large/104319.jpg",
    "source_id": "Woolworths - 104319",
    "barcode": "5281009276336",
    "category_id": "1_39FD49C",
    "shop": "Woolworths",
    "weight": "100G",
    "prices": [
      {
        "state": "VIC",
        "price": "1295",
        "price_per_unit": "288",
        "price_unit": "G"
      },
      {
        "state": "ACT",
        "price": "1295",
        "price_per_unit": "288",
        "price_unit": "G"
      }
    ]
  },
  {
    "source_url": "https://www.woolworths.com.au/shop/productdetails/82289/green-leaf-mixed-rice-crackers",
    "name": "Green Leaf Mixed Rice Crackers 350g",
    "image_url": "https://cdn1.woolworths.media/content/wowproductimages/large/082289.jpg",
    "source_id": "Woolworths - 82289",
    "barcode": "91037320179",
    "category_id": "1_39FD49C",
    "shop": "Woolworths",
    "weight": "100G",
    "prices": [
      {
        "state": "VIC",
        "price": "590",
        "price_per_unit": "169",
        "price_unit": "G"
      },
      {
        "state": "ACT",
        "price": "590",
        "price_per_unit": "169",
        "price_unit": "G"
      }
    ]
  },
  {
    "source_url": "https://www.woolworths.com.au/shop/productdetails/82845/green-leaf-toasted-bbq-corn",
    "name": "Green Leaf Toasted Bbq Corn 500g",
    "image_url": "https://cdn1.woolworths.media/content/wowproductimages/large/082845.jpg",
    "source_id": "Woolworths - 82845",
    "barcode": "91037320186",
    "category_id": "1_39FD49C",
    "shop": "Woolworths",
    "weight": "100G",
    "prices": [
      {
        "state": "VIC",
        "price": "800",
        "price_per_unit": "160",
        "price_unit": "G"
      },
      {
        "state": "ACT",
        "price": "800",
        "price_per_unit": "160",
        "price_unit": "G"
      }
    ]
  },
  {
    "source_url": "https://www.woolworths.com.au/shop/productdetails/82854/katoomba-borlotti-beans-dry",
    "name": "Katoomba Borlotti Beans Dry 1kg",
    "image_url": "https://cdn1.woolworths.media/content/wowproductimages/large/082854.jpg",
    "source_id": "Woolworths - 82854",
    "barcode": "9317471200688",
    "category_id": "1_39FD49C",
    "shop": "Woolworths",
    "weight": "100G",
    "prices": [
      {
        "state": "VIC",
        "price": "475",
        "price_per_unit": "48",
        "price_unit": "G"
      },
      {
        "state": "ACT",
        "price": "475",
        "price_per_unit": "48",
        "price_unit": "G"
      }
    ]
  },
  {
    "source_url": "https://www.woolworths.com.au/shop/productdetails/82844/katoomba-canelini-beans-dry",
    "name": "Katoomba Canelini Beans Dry 1kg",
    "image_url": "https://cdn1.woolworths.media/content/wowproductimages/large/082844.jpg",
    "source_id": "Woolworths - 82844",
    "barcode": "9317471008468",
    "category_id": "1_39FD49C",
    "shop": "Woolworths",
    "weight": "100G",
    "prices": [
      {
        "state": "VIC",
        "price": "550",
        "price_per_unit": "55",
        "price_unit": "G"
      },
      {
        "state": "ACT",
        "price": "550",
        "price_per_unit": "55",
        "price_unit": "G"
      }
    ]
  },
  {
    "source_url": "https://www.woolworths.com.au/shop/productdetails/82962/katoomba-great-northern-beans-dry",
    "name": "Katoomba Great Northern Beans Dry 1kg",
    "image_url": "https://cdn1.woolworths.media/content/wowproductimages/large/082962.jpg",
    "source_id": "Woolworths - 82962",
    "barcode": "9317471183103",
    "category_id": "1_39FD49C",
    "shop": "Woolworths",
    "weight": "100G",
    "prices": [
      {
        "state": "VIC",
        "price": "475",
        "price_per_unit": "48",
        "price_unit": "G"
      },
      {
        "state": "ACT",
        "price": "475",
        "price_per_unit": "48",
        "price_unit": "G"
      }
    ]
  },
  {
    "source_url": "https://www.woolworths.com.au/shop/productdetails/82983/katoomba-popcorn-kernels",
    "name": "Katoomba Popcorn Kernels 1kg",
    "image_url": "https://cdn1.woolworths.media/content/wowproductimages/large/082983.jpg",
    "source_id": "Woolworths - 82983",
    "barcode": "9317471183240",
    "category_id": "1_39FD49C",
    "shop": "Woolworths",
    "weight": "100G",
    "prices": [
      {
        "state": "VIC",
        "price": "330",
        "price_per_unit": "33",
        "price_unit": "G"
      },
      {
        "state": "ACT",
        "price": "330",
        "price_per_unit": "33",
        "price_unit": "G"
      }
    ]
  },
  {
    "source_url": "https://www.woolworths.com.au/shop/productdetails/479230/nuh-un-capellini-tel-sehriye-pasta",
    "name": "Nuh'Un Capellini Tel Sehriye Pasta 500g",
    "image_url": "https://cdn1.woolworths.media/content/wowproductimages/large/479230.jpg",
    "source_id": "Woolworths - 479230",
    "barcode": "8690576029813",
    "category_id": "1_39FD49C",
    "shop": "Woolworths",
    "weight": "100G",
    "prices": [
      {
        "state": "VIC",
        "price": "200",
        "price_per_unit": "40",
        "price_unit": "G"
      },
      {
        "state": "ACT",
        "price": "200",
        "price_per_unit": "40",
        "price_unit": "G"
      }
    ]
  },
  {
    "source_url": "https://www.woolworths.com.au/shop/productdetails/301708/pariya-rose-petals",
    "name": "Pariya Rose Petals 25g",
    "image_url": "https://cdn1.woolworths.media/content/wowproductimages/large/301708.jpg",
    "source_id": "Woolworths - 301708",
    "barcode": "811046770112",
    "category_id": "1_39FD49C",
    "shop": "Woolworths",
    "weight": "100G",
    "prices": [
      {
        "state": "VIC",
        "price": "1500",
        "price_per_unit": "6000",
        "price_unit": "G"
      },
      {
        "state": "QLD",
        "price": "1500",
        "price_per_unit": "6000",
        "price_unit": "G"
      },
      {
        "state": "SA",
        "price": "1500",
        "price_per_unit": "6000",
        "price_unit": "G"
      },
      {
        "state": "ACT",
        "price": "1500",
        "price_per_unit": "6000",
        "price_unit": "G"
      }
    ]
  },
  {
    "source_url": "https://www.woolworths.com.au/shop/productdetails/816023/puck-cream-cheese",
    "name": "Puck Cream Cheese 500g",
    "image_url": "https://cdn1.woolworths.media/content/wowproductimages/large/816023.jpg",
    "source_id": "Woolworths - 816023",
    "barcode": "5760466738040",
    "category_id": "1_39FD49C",
    "shop": "Woolworths",
    "weight": "100G",
    "prices": [
      {
        "state": "VIC",
        "price": "1100",
        "price_per_unit": "220",
        "price_unit": "G"
      },
      {
        "state": "ACT",
        "price": "1100",
        "price_per_unit": "220",
        "price_unit": "G"
      }
    ]
  },
  {
    "source_url": "https://www.woolworths.com.au/shop/productdetails/676617/queen-diamond-dates-pitted",
    "name": "Queen Diamond Dates Pitted 250g",
    "image_url": "https://cdn1.woolworths.media/content/wowproductimages/large/676617.jpg",
    "source_id": "Woolworths - 676617",
    "barcode": "6260437131454",
    "category_id": "1_39FD49C",
    "shop": "Woolworths",
    "weight": "100G",
    "prices": [
      {
        "state": "VIC",
        "price": "235",
        "price_per_unit": "94",
        "price_unit": "G"
      },
      {
        "state": "TAS",
        "price": "250",
        "price_per_unit": "100",
        "price_unit": "G"
      },
      {
        "state": "ACT",
        "price": "235",
        "price_per_unit": "94",
        "price_unit": "G"
      },
      {
        "state": "NT",
        "price": "255",
        "price_per_unit": "102",
        "price_unit": "G"
      }
    ]
  },
  {
    "source_url": "https://www.woolworths.com.au/shop/productdetails/815768/second-house-pearl-couscous-moghrabiyeh",
    "name": "Second House Pearl Couscous Moghrabiyeh 907g",
    "image_url": "https://cdn1.woolworths.media/content/wowproductimages/large/815768.jpg",
    "source_id": "Woolworths - 815768",
    "barcode": "5283012752395",
    "category_id": "1_39FD49C",
    "shop": "Woolworths",
    "weight": "100G",
    "prices": [
      {
        "state": "VIC",
        "price": "600",
        "price_per_unit": "66",
        "price_unit": "G"
      },
      {
        "state": "ACT",
        "price": "600",
        "price_per_unit": "66",
        "price_unit": "G"
      }
    ]
  },
  {
    "source_url": "https://www.woolworths.com.au/shop/productdetails/815752/second-house-salep-pudding-mix",
    "name": "Second House Salep Pudding Mix 200g",
    "image_url": "https://cdn1.woolworths.media/content/wowproductimages/large/815752.jpg",
    "source_id": "Woolworths - 815752",
    "barcode": "5283012703052",
    "category_id": "1_39FD49C",
    "shop": "Woolworths",
    "weight": "100G",
    "prices": [
      {
        "state": "VIC",
        "price": "350",
        "price_per_unit": "175",
        "price_unit": "G"
      },
      {
        "state": "ACT",
        "price": "350",
        "price_per_unit": "175",
        "price_unit": "G"
      }
    ]
  },
  {
    "source_url": "https://www.woolworths.com.au/shop/productdetails/194247/sera-roasted-eggplant",
    "name": "Sera Roasted Eggplant 650g",
    "image_url": "https://cdn1.woolworths.media/content/wowproductimages/large/194247.jpg",
    "source_id": "Woolworths - 194247",
    "barcode": "8690777206051",
    "category_id": "1_39FD49C",
    "shop": "Woolworths",
    "weight": "100G",
    "prices": [
      {
        "state": "VIC",
        "price": "595",
        "price_per_unit": "92",
        "price_unit": "G"
      },
      {
        "state": "ACT",
        "price": "595",
        "price_per_unit": "92",
        "price_unit": "G"
      }
    ]
  },
  {
    "source_url": "https://www.woolworths.com.au/shop/productdetails/194335/shan-arabic-seasoning-mix-shish-taouk",
    "name": "Shan Arabic Seasoning Mix Shish Taouk 40g",
    "image_url": "https://cdn1.woolworths.media/content/wowproductimages/large/194335.jpg",
    "source_id": "Woolworths - 194335",
    "barcode": "788821004284",
    "category_id": "1_39FD49C",
    "shop": "Woolworths",
    "weight": "100G",
    "prices": [
      {
        "state": "VIC",
        "price": "200",
        "price_per_unit": "500",
        "price_unit": "G"
      },
      {
        "state": "ACT",
        "price": "200",
        "price_per_unit": "500",
        "price_unit": "G"
      }
    ]
  },
  {
    "source_url": "https://www.woolworths.com.au/shop/productdetails/78598/tadim-roasted-sunflower-seeds",
    "name": "Tadim Roasted Sunflower Seeds 330g",
    "image_url": "https://cdn1.woolworths.media/content/wowproductimages/large/078598.jpg",
    "source_id": "Woolworths - 78598",
    "barcode": "8690787911143",
    "category_id": "1_39FD49C",
    "shop": "Woolworths",
    "weight": "100G",
    "prices": [
      {
        "state": "VIC",
        "price": "650",
        "price_per_unit": "197",
        "price_unit": "G"
      },
      {
        "state": "ACT",
        "price": "650",
        "price_per_unit": "197",
        "price_unit": "G"
      }
    ]
  },
  {
    "source_url": "https://www.woolworths.com.au/shop/productdetails/88348/ulker-chocolate-halley-value-pack",
    "name": "Ulker Chocolate Halley Value Pack 300g",
    "image_url": "https://cdn1.woolworths.media/content/wowproductimages/large/088348.jpg",
    "source_id": "Woolworths - 88348",
    "barcode": "8690504186687",
    "category_id": "1_39FD49C",
    "shop": "Woolworths",
    "weight": "100G",
    "prices": [
      {
        "state": "VIC",
        "price": "690",
        "price_per_unit": "288",
        "price_unit": "G"
      },
      {
        "state": "ACT",
        "price": "690",
        "price_per_unit": "288",
        "price_unit": "G"
      }
    ]
  },
  {
    "source_url": "https://www.woolworths.com.au/shop/productdetails/777774/uludag-lemonade-gazoz-drink",
    "name": "Uludag Lemonade Gazoz Drink 1.5l",
    "image_url": "https://cdn1.woolworths.media/content/wowproductimages/large/777774.jpg",
    "source_id": "Woolworths - 777774",
    "barcode": "8690723113600",
    "category_id": "1_39FD49C",
    "shop": "Woolworths",
    "weight": "1L",
    "prices": [
      {
        "state": "VIC",
        "price": "260",
        "price_per_unit": "173",
        "price_unit": "L"
      },
      {
        "state": "ACT",
        "price": "260",
        "price_per_unit": "173",
        "price_unit": "L"
      }
    ]
  },
  {
    "source_url": "https://www.woolworths.com.au/shop/productdetails/128750/pariya-confetti-frosted-pistachios-rose-petal",
    "name": "Pariya Confetti Frosted Pistachios Rose Petal 200g",
    "image_url": "https://cdn1.woolworths.media/content/wowproductimages/large/128750.jpg",
    "source_id": "Woolworths - 128750",
    "barcode": "811046771119",
    "category_id": "1_39FD49C",
    "shop": "Woolworths",
    "weight": "100G",
    "prices": [
      {
        "state": "QLD",
        "price": "1500",
        "price_per_unit": "750",
        "price_unit": "G"
      },
      {
        "state": "SA",
        "price": "1500",
        "price_per_unit": "750",
        "price_unit": "G"
      }
    ]
  },
  {
    "source_url": "https://www.woolworths.com.au/shop/productdetails/815769/al-barakah-dates-date-paste-pouch",
    "name": "Al Barakah Dates Date Paste Pouch 1Kg",
    "image_url": "https://cdn1.woolworths.media/content/wowproductimages/large/815769.jpg",
    "source_id": "Woolworths - 815769",
    "barcode": "6297000361314",
    "category_id": "1_39FD49C",
    "shop": "Woolworths",
    "weight": "100G",
    "prices": [
      {
        "state": "ACT",
        "price": "525",
        "price_per_unit": "53",
        "price_unit": "G"
      }
    ]
  },
  {
    "source_url": "https://www.woolworths.com.au/shop/productdetails/105423/barbican-apple-flavour-malt-beverage",
    "name": "Barbican Apple Flavour Malt Beverage 330ml x 6 Pack",
    "image_url": "https://cdn1.woolworths.media/content/wowproductimages/large/105423.jpg",
    "source_id": "Woolworths - 105423",
    "barcode": "6281034007171",
    "category_id": "1_39FD49C",
    "shop": "Woolworths",
    "weight": "1L",
    "prices": [
      {
        "state": "ACT",
        "price": "1150",
        "price_per_unit": "3485",
        "price_unit": "L"
      }
    ]
  },
  {
    "source_url": "https://www.woolworths.com.au/shop/productdetails/816040/castania-pumpkin-seeds",
    "name": "Castania Pumpkin Seeds 250g",
    "image_url": "https://cdn1.woolworths.media/content/wowproductimages/large/816040.jpg",
    "source_id": "Woolworths - 816040",
    "barcode": "5281009158090",
    "category_id": "1_39FD49C",
    "shop": "Woolworths",
    "weight": "100G",
    "prices": []
  },
  {
    "source_url": "https://www.woolworths.com.au/shop/productdetails/104317/castania-sunflower-seeds",
    "name": "Castania Sunflower Seeds 250g",
    "image_url": "https://cdn1.woolworths.media/content/wowproductimages/large/104317.jpg",
    "source_id": "Woolworths - 104317",
    "barcode": "5281009568219",
    "category_id": "1_39FD49C",
    "shop": "Woolworths",
    "weight": "100G",
    "prices": [
      {
        "state": "ACT",
        "price": "750",
        "price_per_unit": "300",
        "price_unit": "G"
      }
    ]
  },
  {
    "source_url": "https://www.woolworths.com.au/shop/productdetails/777726/eti-popkek-with-chocolate-snack",
    "name": "Eti Popkek With Chocolate Snack 144g",
    "image_url": "https://cdn1.woolworths.media/content/wowproductimages/large/777726.jpg",
    "source_id": "Woolworths - 777726",
    "barcode": "8690526716466",
    "category_id": "1_39FD49C",
    "shop": "Woolworths",
    "weight": "100G",
    "prices": [
      {
        "state": "ACT",
        "price": "320",
        "price_per_unit": "222",
        "price_unit": "G"
      }
    ]
  },
  {
    "source_url": "https://www.woolworths.com.au/shop/productdetails/777752/eti-tutku-biscuit-snack",
    "name": "Eti Tutku Biscuit Snack 180g",
    "image_url": "https://cdn1.woolworths.media/content/wowproductimages/large/777752.jpg",
    "source_id": "Woolworths - 777752",
    "barcode": "8690526033426",
    "category_id": "1_39FD49C",
    "shop": "Woolworths",
    "weight": "100G",
    "prices": [
      {
        "state": "ACT",
        "price": "320",
        "price_per_unit": "178",
        "price_unit": "G"
      }
    ]
  },
  {
    "source_url": "https://www.woolworths.com.au/shop/productdetails/81660/green-leaf-bbq-rice-wheels",
    "name": "Green Leaf Bbq Rice Wheels 300g",
    "image_url": "https://cdn1.woolworths.media/content/wowproductimages/large/081660.jpg",
    "source_id": "Woolworths - 81660",
    "barcode": "91037320162",
    "category_id": "1_39FD49C",
    "shop": "Woolworths",
    "weight": "100G",
    "prices": [
      {
        "state": "ACT",
        "price": "590",
        "price_per_unit": "197",
        "price_unit": "G"
      }
    ]
  },
  {
    "source_url": "https://www.woolworths.com.au/shop/productdetails/815766/green-leaf-lemon-juice-substitute",
    "name": "Green Leaf Lemon Juice Substitute 1l",
    "image_url": "https://cdn1.woolworths.media/content/wowproductimages/large/815766.jpg",
    "source_id": "Woolworths - 815766",
    "barcode": "8376542707502",
    "category_id": "1_39FD49C",
    "shop": "Woolworths",
    "weight": "1L",
    "prices": [
      {
        "state": "ACT",
        "price": "290",
        "price_per_unit": "290",
        "price_unit": "L"
      }
    ]
  },
  {
    "source_url": "https://www.woolworths.com.au/shop/productdetails/819391/green-leaf-pickled-cucumber",
    "name": "Green Leaf Pickled Cucumber 1kg",
    "image_url": "https://cdn1.woolworths.media/content/wowproductimages/large/819391.jpg",
    "source_id": "Woolworths - 819391",
    "barcode": "837654270219",
    "category_id": "1_39FD49C",
    "shop": "Woolworths",
    "weight": "100G",
    "prices": [
      {
        "state": "ACT",
        "price": "700",
        "price_per_unit": "70",
        "price_unit": "G"
      }
    ]
  },
  {
    "source_url": "https://www.woolworths.com.au/shop/productdetails/879569/marmarabirlik-dry-black-olives-green",
    "name": "Marmarabirlik Dry Black Olives Green 400g",
    "image_url": "https://cdn1.woolworths.media/content/wowproductimages/large/879569.jpg",
    "source_id": "Woolworths - 879569",
    "barcode": "8690103294387",
    "category_id": "1_39FD49C",
    "shop": "Woolworths",
    "weight": "100G",
    "prices": [
      {
        "state": "ACT",
        "price": "720",
        "price_per_unit": "180",
        "price_unit": "G"
      }
    ]
  },
  {
    "source_url": "https://www.woolworths.com.au/shop/productdetails/11399/san-remo-egg-noodles",
    "name": "San Remo Egg Noodles 1kg",
    "image_url": "https://cdn1.woolworths.media/content/wowproductimages/large/011399.jpg",
    "source_id": "Woolworths - 11399",
    "barcode": "9310155419086",
    "category_id": "1_39FD49C",
    "shop": "Woolworths",
    "weight": "100G",
    "prices": [
      {
        "state": "ACT",
        "price": "500",
        "price_per_unit": "50",
        "price_unit": "G"
      }
    ]
  },
  {
    "source_url": "https://www.woolworths.com.au/shop/productdetails/819177/target-corned-beef-halal",
    "name": "Target Corned Beef Halal 340g",
    "image_url": "https://cdn1.woolworths.media/content/wowproductimages/large/819177.jpg",
    "source_id": "Woolworths - 819177",
    "barcode": "5010436600144",
    "category_id": "1_39FD49C",
    "shop": "Woolworths",
    "weight": "100G",
    "prices": [
      {
        "state": "ACT",
        "price": "650",
        "price_per_unit": "191",
        "price_unit": "G"
      }
    ]
  },
  {
    "source_url": "https://www.woolworths.com.au/shop/productdetails/815456/zwan-luncheon-meat-halal-chicken",
    "name": "Zwan Luncheon Meat Halal Chicken 850g",
    "image_url": "https://cdn1.woolworths.media/content/wowproductimages/large/815456.jpg",
    "source_id": "Woolworths - 815456",
    "barcode": "8714555000188",
    "category_id": "1_39FD49C",
    "shop": "Woolworths",
    "weight": "100G",
    "prices": [
      {
        "state": "ACT",
        "price": "1000",
        "price_per_unit": "118",
        "price_unit": "G"
      }
    ]
  }
]