[
  {
    "source_url": "https://www.woolworths.com.au/shop/productdetails/669459/birch-waite-belgian-chocolate-dessert-sauce",
    "name": "Birch & Waite Belgian Chocolate Dessert Sauce 130g",
    "image_url": "https://cdn1.woolworths.media/content/wowproductimages/large/669459.jpg",
    "source_id": "Woolworths - 669459",
    "barcode": "93552905",
    "category_id": "1_39FD49C",
    "shop": "Woolworths",
    "weight": "1KG",
    "prices": [
      {
        "state": "NSW",
        "price": "330",
        "price_per_unit": "2538",
        "price_unit": "KG"
      },
      {
        "state": "VIC",
        "price": "330",
        "price_per_unit": "2538",
        "price_unit": "KG"
      },
      {
        "state": "QLD",
        "price": "330",
        "price_per_unit": "2538",
        "price_unit": "KG"
      },
      {
        "state": "WA",
        "price": "330",
        "price_per_unit": "2538",
        "price_unit": "KG"
      },
      {
        "state": "SA",
        "price": "330",
        "price_per_unit": "2538",
        "price_unit": "KG"
      },
      {
        "state": "ACT",
        "price": "330",
        "price_per_unit": "2538",
        "price_unit": "KG"
      },
      {
        "state": "NT",
        "price": "330",
        "price_per_unit": "2538",
        "price_unit": "KG"
      }
    ]
  },
  {
    "source_url": "https://www.woolworths.com.au/shop/productdetails/33278/cottee-s-ice-magic-chocolate-ice-cream-topping",
    "name": "Cottee's Ice Magic Chocolate Ice Cream Topping 220g",
    "image_url": "https://cdn1.woolworths.media/content/wowproductimages/large/033278.jpg",
    "source_id": "Woolworths - 33278",
    "barcode": "9300657173418",
    "category_id": "1_39FD49C",
    "shop": "Woolworths",
    "weight": "100G",
    "prices": [
      {
        "state": "NSW",
        "price": "400",
        "price_per_unit": "182",
        "price_unit": "G"
      },
      {
        "state": "VIC",
        "price": "400",
        "price_per_unit": "182",
        "price_unit": "G"
      },
      {
        "state": "QLD",
        "price": "400",
        "price_per_unit": "182",
        "price_unit": "G"
      },
      {
        "state": "WA",
        "price": "400",
        "price_per_unit": "182",
        "price_unit": "G"
      },
      {
        "state": "SA",
        "price": "400",
        "price_per_unit": "182",
        "price_unit": "G"
      },
      {
        "state": "TAS",
        "price": "400",
        "price_per_unit": "182",
        "price_unit": "G"
      },
      {
        "state": "ACT",
        "price": "400",
        "price_per_unit": "182",
        "price_unit": "G"
      },
      {
        "state": "NT",
        "price": "400",
        "price_per_unit": "182",
        "price_unit": "G"
      }
    ]
  },
  {
    "source_url": "https://www.woolworths.com.au/shop/productdetails/765578/cottee-s-thick-n-rich-caramel-sauce-ice-cream-topping",
    "name": "Cottee's Thick 'n' Rich Caramel Sauce Ice Cream Topping 575g",
    "image_url": "https://cdn1.woolworths.media/content/wowproductimages/large/765578.jpg",
    "source_id": "Woolworths - 765578",
    "barcode": "9300657173739",
    "category_id": "1_39FD49C",
    "shop": "Woolworths",
    "weight": "100G",
    "prices": [
      {
        "state": "NSW",
        "price": "450",
        "price_per_unit": "78",
        "price_unit": "G"
      },
      {
        "state": "VIC",
        "price": "450",
        "price_per_unit": "78",
        "price_unit": "G"
      },
      {
        "state": "QLD",
        "price": "450",
        "price_per_unit": "78",
        "price_unit": "G"
      },
      {
        "state": "WA",
        "price": "450",
        "price_per_unit": "78",
        "price_unit": "G"
      },
      {
        "state": "SA",
        "price": "450",
        "price_per_unit": "78",
        "price_unit": "G"
      },
      {
        "state": "TAS",
        "price": "450",
        "price_per_unit": "78",
        "price_unit": "G"
      },
      {
        "state": "ACT",
        "price": "450",
        "price_per_unit": "78",
        "price_unit": "G"
      },
      {
        "state": "NT",
        "price": "450",
        "price_per_unit": "78",
        "price_unit": "G"
      }
    ]
  },
  {
    "source_url": "https://www.woolworths.com.au/shop/productdetails/765711/cottee-s-thick-n-rich-chocolate-sauce-ice-cream-topping",
    "name": "Cottee's Thick 'n' Rich Chocolate Sauce Ice Cream Topping 615g",
    "image_url": "https://cdn1.woolworths.media/content/wowproductimages/large/765711.jpg",
    "source_id": "Woolworths - 765711",
    "barcode": "9300657173302",
    "category_id": "1_39FD49C",
    "shop": "Woolworths",
    "weight": "100G",
    "prices": [
      {
        "state": "NSW",
        "price": "450",
        "price_per_unit": "73",
        "price_unit": "G"
      },
      {
        "state": "VIC",
        "price": "450",
        "price_per_unit": "73",
        "price_unit": "G"
      },
      {
        "state": "QLD",
        "price": "450",
        "price_per_unit": "73",
        "price_unit": "G"
      },
      {
        "state": "WA",
        "price": "450",
        "price_per_unit": "73",
        "price_unit": "G"
      },
      {
        "state": "SA",
        "price": "450",
        "price_per_unit": "73",
        "price_unit": "G"
      },
      {
        "state": "TAS",
        "price": "450",
        "price_per_unit": "73",
        "price_unit": "G"
      },
      {
        "state": "ACT",
        "price": "450",
        "price_per_unit": "73",
        "price_unit": "G"
      },
      {
        "state": "NT",
        "price": "450",
        "price_per_unit": "73",
        "price_unit": "G"
      }
    ]
  },
  {
    "source_url": "https://www.woolworths.com.au/shop/productdetails/196455/essentials-chocolate-topping",
    "name": "Essentials Chocolate Topping 600mL",
    "image_url": "https://cdn1.woolworths.media/content/wowproductimages/large/196455.jpg",
    "source_id": "Woolworths - 196455",
    "barcode": "9300633005184",
    "category_id": "1_39FD49C",
    "shop": "Woolworths",
    "weight": "100ML",
    "prices": [
      {
        "state": "NSW",
        "price": "190",
        "price_per_unit": "32",
        "price_unit": "ML"
      },
      {
        "state": "VIC",
        "price": "190",
        "price_per_unit": "32",
        "price_unit": "ML"
      },
      {
        "state": "QLD",
        "price": "190",
        "price_per_unit": "32",
        "price_unit": "ML"
      },
      {
        "state": "WA",
        "price": "190",
        "price_per_unit": "32",
        "price_unit": "ML"
      },
      {
        "state": "SA",
        "price": "190",
        "price_per_unit": "32",
        "price_unit": "ML"
      },
      {
        "state": "TAS",
        "price": "190",
        "price_per_unit": "32",
        "price_unit": "ML"
      },
      {
        "state": "ACT",
        "price": "190",
        "price_per_unit": "32",
        "price_unit": "ML"
      },
      {
        "state": "NT",
        "price": "190",
        "price_per_unit": "32",
        "price_unit": "ML"
      }
    ]
  },
  {
    "source_url": "https://www.woolworths.com.au/shop/productdetails/318710/essentials-ice-cream-cone-cups",
    "name": "Essentials Ice Cream Cone Cups 24 Pack",
    "image_url": "https://cdn1.woolworths.media/content/wowproductimages/large/318710.jpg",
    "source_id": "Woolworths - 318710",
    "barcode": "9300633989484",
    "category_id": "1_39FD49C",
    "shop": "Woolworths",
    "weight": "100G",
    "prices": [
      {
        "state": "NSW",
        "price": "280",
        "price_per_unit": "280",
        "price_unit": "G"
      },
      {
        "state": "VIC",
        "price": "280",
        "price_per_unit": "280",
        "price_unit": "G"
      },
      {
        "state": "QLD",
        "price": "280",
        "price_per_unit": "280",
        "price_unit": "G"
      },
      {
        "state": "WA",
        "price": "280",
        "price_per_unit": "280",
        "price_unit": "G"
      },
      {
        "state": "SA",
        "price": "280",
        "price_per_unit": "280",
        "price_unit": "G"
      },
      {
        "state": "TAS",
        "price": "280",
        "price_per_unit": "280",
        "price_unit": "G"
      },
      {
        "state": "ACT",
        "price": "280",
        "price_per_unit": "280",
        "price_unit": "G"
      },
      {
        "state": "NT",
        "price": "280",
        "price_per_unit": "280",
        "price_unit": "G"
      }
    ]
  },
  {
    "source_url": "https://www.woolworths.com.au/shop/productdetails/830072/juicy-isle-strawberry-topping",
    "name": "Juicy Isle Strawberry Topping 375ml",
    "image_url": "https://cdn1.woolworths.media/content/wowproductimages/large/830072.jpg",
    "source_id": "Woolworths - 830072",
    "barcode": "9315251900780",
    "category_id": "1_39FD49C",
    "shop": "Woolworths",
    "weight": "100ML",
    "prices": [
      {
        "state": "NSW",
        "price": "300",
        "price_per_unit": "80",
        "price_unit": "ML"
      },
      {
        "state": "VIC",
        "price": "300",
        "price_per_unit": "80",
        "price_unit": "ML"
      },
      {
        "state": "QLD",
        "price": "300",
        "price_per_unit": "80",
        "price_unit": "ML"
      },
      {
        "state": "WA",
        "price": "300",
        "price_per_unit": "80",
        "price_unit": "ML"
      },
      {
        "state": "SA",
        "price": "300",
        "price_per_unit": "80",
        "price_unit": "ML"
      },
      {
        "state": "TAS",
        "price": "300",
        "price_per_unit": "80",
        "price_unit": "ML"
      },
      {
        "state": "ACT",
        "price": "300",
        "price_per_unit": "80",
        "price_unit": "ML"
      },
      {
        "state": "NT",
        "price": "300",
        "price_per_unit": "80",
        "price_unit": "ML"
      }
    ]
  },
  {
    "source_url": "https://www.woolworths.com.au/shop/productdetails/262823/woolworths-natural-plain-waffle-cones",
    "name": "Woolworths Natural Plain Waffle Cones 12 Pack",
    "image_url": "https://cdn1.woolworths.media/content/wowproductimages/large/262823.jpg",
    "source_id": "Woolworths - 262823",
    "barcode": "9300633958923",
    "category_id": "1_39FD49C",
    "shop": "Woolworths",
    "weight": "100G",
    "prices": [
      {
        "state": "NSW",
        "price": "320",
        "price_per_unit": "188",
        "price_unit": "G"
      },
      {
        "state": "VIC",
        "price": "320",
        "price_per_unit": "188",
        "price_unit": "G"
      },
      {
        "state": "QLD",
        "price": "320",
        "price_per_unit": "188",
        "price_unit": "G"
      },
      {
        "state": "WA",
        "price": "320",
        "price_per_unit": "188",
        "price_unit": "G"
      },
      {
        "state": "SA",
        "price": "320",
        "price_per_unit": "188",
        "price_unit": "G"
      },
      {
        "state": "TAS",
        "price": "320",
        "price_per_unit": "188",
        "price_unit": "G"
      },
      {
        "state": "ACT",
        "price": "320",
        "price_per_unit": "188",
        "price_unit": "G"
      },
      {
        "state": "NT",
        "price": "320",
        "price_per_unit": "188",
        "price_unit": "G"
      }
    ]
  },
  {
    "source_url": "https://www.woolworths.com.au/shop/productdetails/739719/altimate-funtime-traditional-wafer-cups",
    "name": "Altimate Funtime Traditional Wafer Cups 21 Pack",
    "image_url": "https://cdn1.woolworths.media/content/wowproductimages/large/739719.jpg",
    "source_id": "Woolworths - 739719",
    "barcode": "9319626000440",
    "category_id": "1_39FD49C",
    "shop": "Woolworths",
    "weight": "100G",
    "prices": [
      {
        "state": "QLD",
        "price": "380",
        "price_per_unit": "507",
        "price_unit": "G"
      },
      {
        "state": "WA",
        "price": "380",
        "price_per_unit": "507",
        "price_unit": "G"
      },
      {
        "state": "SA",
        "price": "380",
        "price_per_unit": "507",
        "price_unit": "G"
      },
      {
        "state": "TAS",
        "price": "380",
        "price_per_unit": "507",
        "price_unit": "G"
      },
      {
        "state": "ACT",
        "price": "380",
        "price_per_unit": "507",
        "price_unit": "G"
      },
      {
        "state": "NT",
        "price": "400",
        "price_per_unit": "533",
        "price_unit": "G"
      }
    ]
  },
  {
    "source_url": "https://www.woolworths.com.au/shop/productdetails/213293/altimate-waffle-ice-cream-cones",
    "name": "Altimate Waffle Ice Cream Cones 12 Pack",
    "image_url": "https://cdn1.woolworths.media/content/wowproductimages/large/213293.jpg",
    "source_id": "Woolworths - 213293",
    "barcode": "9319626000488",
    "category_id": "1_39FD49C",
    "shop": "Woolworths",
    "weight": "100G",
    "prices": [
      {
        "state": "QLD",
        "price": "510",
        "price_per_unit": "340",
        "price_unit": "G"
      },
      {
        "state": "WA",
        "price": "510",
        "price_per_unit": "340",
        "price_unit": "G"
      },
      {
        "state": "SA",
        "price": "510",
        "price_per_unit": "340",
        "price_unit": "G"
      },
      {
        "state": "TAS",
        "price": "510",
        "price_per_unit": "340",
        "price_unit": "G"
      },
      {
        "state": "ACT",
        "price": "510",
        "price_per_unit": "340",
        "price_unit": "G"
      },
      {
        "state": "NT",
        "price": "535",
        "price_per_unit": "357",
        "price_unit": "G"
      }
    ]
  },
  {
    "source_url": "https://www.woolworths.com.au/shop/productdetails/116460/barker-s-luscious-strawberry-sauce",
    "name": "Barker's Luscious Strawberry Sauce 335g",
    "image_url": "https://cdn1.woolworths.media/content/wowproductimages/large/116460.jpg",
    "source_id": "Woolworths - 116460",
    "barcode": "9414732214559",
    "category_id": "1_39FD49C",
    "shop": "Woolworths",
    "weight": "100G",
    "prices": [
      {
        "state": "QLD",
        "price": "500",
        "price_per_unit": "149",
        "price_unit": "G"
      },
      {
        "state": "WA",
        "price": "500",
        "price_per_unit": "149",
        "price_unit": "G"
      },
      {
        "state": "SA",
        "price": "500",
        "price_per_unit": "149",
        "price_unit": "G"
      },
      {
        "state": "TAS",
        "price": "500",
        "price_per_unit": "149",
        "price_unit": "G"
      },
      {
        "state": "ACT",
        "price": "500",
        "price_per_unit": "149",
        "price_unit": "G"
      },
      {
        "state": "NT",
        "price": "500",
        "price_per_unit": "149",
        "price_unit": "G"
      }
    ]
  },
  {
    "source_url": "https://www.woolworths.com.au/shop/productdetails/33279/cottee-s-ice-magic-choc-mint-ice-cream-topping",
    "name": "Cottee's Ice Magic Choc Mint Ice Cream Topping 220g",
    "image_url": "https://cdn1.woolworths.media/content/wowproductimages/large/033279.jpg",
    "source_id": "Woolworths - 33279",
    "barcode": "9300657173425",
    "category_id": "1_39FD49C",
    "shop": "Woolworths",
    "weight": "100G",
    "prices": [
      {
        "state": "QLD",
        "price": "400",
        "price_per_unit": "182",
        "price_unit": "G"
      },
      {
        "state": "WA",
        "price": "400",
        "price_per_unit": "182",
        "price_unit": "G"
      },
      {
        "state": "SA",
        "price": "400",
        "price_per_unit": "182",
        "price_unit": "G"
      },
      {
        "state": "TAS",
        "price": "400",
        "price_per_unit": "182",
        "price_unit": "G"
      },
      {
        "state": "ACT",
        "price": "400",
        "price_per_unit": "182",
        "price_unit": "G"
      },
      {
        "state": "NT",
        "price": "400",
        "price_per_unit": "182",
        "price_unit": "G"
      }
    ]
  },
  {
    "source_url": "https://www.woolworths.com.au/shop/productdetails/830049/juicy-isle-banana-topping-topping",
    "name": "Juicy Isle Banana Topping Topping 375ml",
    "image_url": "https://cdn1.woolworths.media/content/wowproductimages/large/830049.jpg",
    "source_id": "Woolworths - 830049",
    "barcode": "9315251900766",
    "category_id": "1_39FD49C",
    "shop": "Woolworths",
    "weight": "100ML",
    "prices": [
      {
        "state": "QLD",
        "price": "300",
        "price_per_unit": "80",
        "price_unit": "ML"
      },
      {
        "state": "WA",
        "price": "300",
        "price_per_unit": "80",
        "price_unit": "ML"
      },
      {
        "state": "SA",
        "price": "300",
        "price_per_unit": "80",
        "price_unit": "ML"
      },
      {
        "state": "TAS",
        "price": "300",
        "price_per_unit": "80",
        "price_unit": "ML"
      },
      {
        "state": "ACT",
        "price": "300",
        "price_per_unit": "80",
        "price_unit": "ML"
      },
      {
        "state": "NT",
        "price": "300",
        "price_per_unit": "80",
        "price_unit": "ML"
      }
    ]
  },
  {
    "source_url": "https://www.woolworths.com.au/shop/productdetails/830066/juicy-isle-caramel-topping",
    "name": "Juicy Isle Caramel Topping 375ml",
    "image_url": "https://cdn1.woolworths.media/content/wowproductimages/large/830066.jpg",
    "source_id": "Woolworths - 830066",
    "barcode": "9315251900773",
    "category_id": "1_39FD49C",
    "shop": "Woolworths",
    "weight": "100ML",
    "prices": [
      {
        "state": "QLD",
        "price": "300",
        "price_per_unit": "80",
        "price_unit": "ML"
      },
      {
        "state": "WA",
        "price": "300",
        "price_per_unit": "80",
        "price_unit": "ML"
      },
      {
        "state": "SA",
        "price": "300",
        "price_per_unit": "80",
        "price_unit": "ML"
      },
      {
        "state": "TAS",
        "price": "300",
        "price_per_unit": "80",
        "price_unit": "ML"
      },
      {
        "state": "ACT",
        "price": "300",
        "price_per_unit": "80",
        "price_unit": "ML"
      },
      {
        "state": "NT",
        "price": "300",
        "price_per_unit": "80",
        "price_unit": "ML"
      }
    ]
  },
  {
    "source_url": "https://www.woolworths.com.au/shop/productdetails/387377/queen-sugar-free-caramel-dulce-de-leche-flavoured-topping",
    "name": "Queen Sugar Free Caramel Dulce De Leche Flavoured Topping 355ml",
    "image_url": "https://cdn1.woolworths.media/content/wowproductimages/large/387377.jpg",
    "source_id": "Woolworths - 387377",
    "barcode": "9300641004988",
    "category_id": "1_39FD49C",
    "shop": "Woolworths",
    "weight": "100ML",
    "prices": [
      {
        "state": "QLD",
        "price": "550",
        "price_per_unit": "155",
        "price_unit": "ML"
      },
      {
        "state": "WA",
        "price": "550",
        "price_per_unit": "155",
        "price_unit": "ML"
      },
      {
        "state": "SA",
        "price": "550",
        "price_per_unit": "155",
        "price_unit": "ML"
      },
      {
        "state": "TAS",
        "price": "550",
        "price_per_unit": "155",
        "price_unit": "ML"
      },
      {
        "state": "ACT",
        "price": "550",
        "price_per_unit": "155",
        "price_unit": "ML"
      },
      {
        "state": "NT",
        "price": "550",
        "price_per_unit": "155",
        "price_unit": "ML"
      }
    ]
  },
  {
    "source_url": "https://www.woolworths.com.au/shop/productdetails/381238/queen-sugar-free-chocolate-fudge-topping",
    "name": "Queen Sugar Free Chocolate Fudge Topping 355ml",
    "image_url": "https://cdn1.woolworths.media/content/wowproductimages/large/381238.jpg",
    "source_id": "Woolworths - 381238",
    "barcode": "9300641004971",
    "category_id": "1_39FD49C",
    "shop": "Woolworths",
    "weight": "100ML",
    "prices": [
      {
        "state": "QLD",
        "price": "550",
        "price_per_unit": "155",
        "price_unit": "ML"
      },
      {
        "state": "WA",
        "price": "550",
        "price_per_unit": "155",
        "price_unit": "ML"
      },
      {
        "state": "SA",
        "price": "550",
        "price_per_unit": "155",
        "price_unit": "ML"
      },
      {
        "state": "TAS",
        "price": "550",
        "price_per_unit": "155",
        "price_unit": "ML"
      },
      {
        "state": "ACT",
        "price": "550",
        "price_per_unit": "155",
        "price_unit": "ML"
      },
      {
        "state": "NT",
        "price": "550",
        "price_per_unit": "155",
        "price_unit": "ML"
      }
    ]
  },
  {
    "source_url": "https://www.woolworths.com.au/shop/productdetails/254784/woolworths-chocolate-hard-set-topping",
    "name": "Woolworths Chocolate Hard Set Topping 220g",
    "image_url": "https://cdn1.woolworths.media/content/wowproductimages/large/254784.jpg",
    "source_id": "Woolworths - 254784",
    "barcode": "9300633945367",
    "category_id": "1_39FD49C",
    "shop": "Woolworths",
    "weight": "100G",
    "prices": [
      {
        "state": "QLD",
        "price": "425",
        "price_per_unit": "193",
        "price_unit": "G"
      },
      {
        "state": "WA",
        "price": "425",
        "price_per_unit": "193",
        "price_unit": "G"
      },
      {
        "state": "SA",
        "price": "425",
        "price_per_unit": "193",
        "price_unit": "G"
      },
      {
        "state": "TAS",
        "price": "425",
        "price_per_unit": "193",
        "price_unit": "G"
      },
      {
        "state": "ACT",
        "price": "425",
        "price_per_unit": "193",
        "price_unit": "G"
      },
      {
        "state": "NT",
        "price": "425",
        "price_per_unit": "193",
        "price_unit": "G"
      }
    ]
  },
  {
    "source_url": "https://www.woolworths.com.au/shop/productdetails/698013/woolworths-free-from-gluten-waffle-cones",
    "name": "Woolworths Free From Gluten Waffle Cones 12 Pack",
    "image_url": "https://cdn1.woolworths.media/content/wowproductimages/large/698013.jpg",
    "source_id": "Woolworths - 698013",
    "barcode": "9339687056705",
    "category_id": "1_39FD49C",
    "shop": "Woolworths",
    "weight": "100G",
    "prices": [
      {
        "state": "QLD",
        "price": "450",
        "price_per_unit": "341",
        "price_unit": "G"
      },
      {
        "state": "WA",
        "price": "450",
        "price_per_unit": "341",
        "price_unit": "G"
      },
      {
        "state": "SA",
        "price": "450",
        "price_per_unit": "341",
        "price_unit": "G"
      },
      {
        "state": "TAS",
        "price": "450",
        "price_per_unit": "341",
        "price_unit": "G"
      },
      {
        "state": "ACT",
        "price": "450",
        "price_per_unit": "341",
        "price_unit": "G"
      },
      {
        "state": "NT",
        "price": "450",
        "price_per_unit": "341",
        "price_unit": "G"
      }
    ]
  },
  {
    "source_url": "https://www.woolworths.com.au/shop/productdetails/262824/woolworths-natural-choc-and-vanilla-waffle-cones",
    "name": "Woolworths Natural Choc And Vanilla Waffle Cones 12 Pack",
    "image_url": "https://cdn1.woolworths.media/content/wowproductimages/large/262824.jpg",
    "source_id": "Woolworths - 262824",
    "barcode": "9300633958930",
    "category_id": "1_39FD49C",
    "shop": "Woolworths",
    "weight": "100G",
    "prices": [
      {
        "state": "QLD",
        "price": "350",
        "price_per_unit": "206",
        "price_unit": "G"
      },
      {
        "state": "WA",
        "price": "350",
        "price_per_unit": "206",
        "price_unit": "G"
      },
      {
        "state": "SA",
        "price": "350",
        "price_per_unit": "206",
        "price_unit": "G"
      },
      {
        "state": "TAS",
        "price": "350",
        "price_per_unit": "206",
        "price_unit": "G"
      },
      {
        "state": "ACT",
        "price": "350",
        "price_per_unit": "206",
        "price_unit": "G"
      },
      {
        "state": "NT",
        "price": "370",
        "price_per_unit": "218",
        "price_unit": "G"
      }
    ]
  },
  {
    "source_url": "https://www.woolworths.com.au/shop/productdetails/361582/woolworths-vanilla-flavoured-waffle-cones",
    "name": "Woolworths Vanilla Flavoured Waffle Cones 12 Pack",
    "image_url": "https://cdn1.woolworths.media/content/wowproductimages/large/361582.jpg",
    "source_id": "Woolworths - 361582",
    "barcode": "9300633213275",
    "category_id": "1_39FD49C",
    "shop": "Woolworths",
    "weight": "100G",
    "prices": [
      {
        "state": "QLD",
        "price": "350",
        "price_per_unit": "206",
        "price_unit": "G"
      },
      {
        "state": "WA",
        "price": "320",
        "price_per_unit": "188",
        "price_unit": "G"
      },
      {
        "state": "SA",
        "price": "350",
        "price_per_unit": "206",
        "price_unit": "G"
      },
      {
        "state": "ACT",
        "price": "350",
        "price_per_unit": "206",
        "price_unit": "G"
      },
      {
        "state": "NT",
        "price": "355",
        "price_per_unit": "209",
        "price_unit": "G"
      }
    ]
  },
  {
    "source_url": "https://www.woolworths.com.au/shop/productdetails/830067/juicy-isle-chocolate-topping",
    "name": "Juicy Isle Chocolate Topping 375ml",
    "image_url": "https://cdn1.woolworths.media/content/wowproductimages/large/830067.jpg",
    "source_id": "Woolworths - 830067",
    "barcode": "9315251900759",
    "category_id": "1_39FD49C",
    "shop": "Woolworths",
    "weight": "100ML",
    "prices": [
      {
        "state": "TAS",
        "price": "300",
        "price_per_unit": "80",
        "price_unit": "ML"
      }
    ]
  },
  {
    "source_url": "https://www.woolworths.com.au/shop/productdetails/830068/juicy-isle-lime-topping",
    "name": "Juicy Isle Lime Topping 375ML",
    "image_url": "https://cdn1.woolworths.media/content/wowproductimages/large/830068.jpg",
    "source_id": "Woolworths - 830068",
    "barcode": "9315251900797",
    "category_id": "1_39FD49C",
    "shop": "Woolworths",
    "weight": "100ML",
    "prices": [
      {
        "state": "TAS",
        "price": "300",
        "price_per_unit": "80",
        "price_unit": "ML"
      }
    ]
  }
]