[
  {
    "source_url": "https://www.woolworths.com.au/shop/productdetails/30015/clive-of-india-curry-powder",
    "name": "Clive Of India Curry Powder 100g",
    "image_url": "https://cdn1.woolworths.media/content/wowproductimages/large/030015.jpg",
    "source_id": "Woolworths - 30015",
    "barcode": "9310061061225",
    "category_id": "1_39FD49C",
    "shop": "Woolworths",
    "weight": "10G",
    "prices": [
      {
        "state": "NSW",
        "price": "400",
        "price_per_unit": "40",
        "price_unit": "G"
      },
      {
        "state": "VIC",
        "price": "400",
        "price_per_unit": "40",
        "price_unit": "G"
      },
      {
        "state": "QLD",
        "price": "400",
        "price_per_unit": "40",
        "price_unit": "G"
      },
      {
        "state": "WA",
        "price": "400",
        "price_per_unit": "40",
        "price_unit": "G"
      },
      {
        "state": "SA",
        "price": "400",
        "price_per_unit": "40",
        "price_unit": "G"
      },
      {
        "state": "TAS",
        "price": "400",
        "price_per_unit": "40",
        "price_unit": "G"
      },
      {
        "state": "ACT",
        "price": "400",
        "price_per_unit": "40",
        "price_unit": "G"
      },
      {
        "state": "NT",
        "price": "400",
        "price_per_unit": "40",
        "price_unit": "G"
      }
    ]
  },
  {
    "source_url": "https://www.woolworths.com.au/shop/productdetails/94626/hoyt-s-bay-leaves",
    "name": "Hoyt's Bay Leaves 15G",
    "image_url": "https://cdn1.woolworths.media/content/wowproductimages/large/094626.jpg",
    "source_id": "Woolworths - 94626",
    "barcode": "9300725000684",
    "category_id": "1_39FD49C",
    "shop": "Woolworths",
    "weight": "10G",
    "prices": [
      {
        "state": "NSW",
        "price": "200",
        "price_per_unit": "133",
        "price_unit": "G"
      },
      {
        "state": "VIC",
        "price": "200",
        "price_per_unit": "133",
        "price_unit": "G"
      },
      {
        "state": "QLD",
        "price": "200",
        "price_per_unit": "133",
        "price_unit": "G"
      },
      {
        "state": "SA",
        "price": "200",
        "price_per_unit": "133",
        "price_unit": "G"
      },
      {
        "state": "TAS",
        "price": "200",
        "price_per_unit": "133",
        "price_unit": "G"
      },
      {
        "state": "NT",
        "price": "210",
        "price_per_unit": "140",
        "price_unit": "G"
      }
    ]
  },
  {
    "source_url": "https://www.woolworths.com.au/shop/productdetails/210624/hoyt-s-chilli-dried-crushed",
    "name": "Hoyt's Chilli Dried Crushed 100G",
    "image_url": "https://cdn1.woolworths.media/content/wowproductimages/large/210624.jpg",
    "source_id": "Woolworths - 210624",
    "barcode": "9300725008901",
    "category_id": "1_39FD49C",
    "shop": "Woolworths",
    "weight": "10G",
    "prices": [
      {
        "state": "NSW",
        "price": "550",
        "price_per_unit": "55",
        "price_unit": "G"
      },
      {
        "state": "VIC",
        "price": "550",
        "price_per_unit": "55",
        "price_unit": "G"
      },
      {
        "state": "QLD",
        "price": "550",
        "price_per_unit": "55",
        "price_unit": "G"
      },
      {
        "state": "WA",
        "price": "550",
        "price_per_unit": "55",
        "price_unit": "G"
      },
      {
        "state": "SA",
        "price": "550",
        "price_per_unit": "55",
        "price_unit": "G"
      },
      {
        "state": "TAS",
        "price": "550",
        "price_per_unit": "55",
        "price_unit": "G"
      },
      {
        "state": "ACT",
        "price": "550",
        "price_per_unit": "55",
        "price_unit": "G"
      },
      {
        "state": "NT",
        "price": "580",
        "price_per_unit": "58",
        "price_unit": "G"
      }
    ]
  },
  {
    "source_url": "https://www.woolworths.com.au/shop/productdetails/94633/hoyt-s-cinnamon-sticks",
    "name": "Hoyt's Cinnamon Sticks 15G",
    "image_url": "https://cdn1.woolworths.media/content/wowproductimages/large/094633.jpg",
    "source_id": "Woolworths - 94633",
    "barcode": "9300725001124",
    "category_id": "1_39FD49C",
    "shop": "Woolworths",
    "weight": "10G",
    "prices": [
      {
        "state": "NSW",
        "price": "370",
        "price_per_unit": "247",
        "price_unit": "G"
      },
      {
        "state": "VIC",
        "price": "370",
        "price_per_unit": "247",
        "price_unit": "G"
      },
      {
        "state": "QLD",
        "price": "370",
        "price_per_unit": "247",
        "price_unit": "G"
      },
      {
        "state": "SA",
        "price": "370",
        "price_per_unit": "247",
        "price_unit": "G"
      },
      {
        "state": "TAS",
        "price": "370",
        "price_per_unit": "247",
        "price_unit": "G"
      },
      {
        "state": "ACT",
        "price": "370",
        "price_per_unit": "247",
        "price_unit": "G"
      },
      {
        "state": "NT",
        "price": "390",
        "price_per_unit": "260",
        "price_unit": "G"
      }
    ]
  },
  {
    "source_url": "https://www.woolworths.com.au/shop/productdetails/94636/hoyt-s-cumin-ground",
    "name": "Hoyt's Cumin Ground 25G",
    "image_url": "https://cdn1.woolworths.media/content/wowproductimages/large/094636.jpg",
    "source_id": "Woolworths - 94636",
    "barcode": "9300725001643",
    "category_id": "1_39FD49C",
    "shop": "Woolworths",
    "weight": "10G",
    "prices": [
      {
        "state": "NSW",
        "price": "230",
        "price_per_unit": "92",
        "price_unit": "G"
      },
      {
        "state": "VIC",
        "price": "230",
        "price_per_unit": "92",
        "price_unit": "G"
      },
      {
        "state": "QLD",
        "price": "230",
        "price_per_unit": "92",
        "price_unit": "G"
      },
      {
        "state": "SA",
        "price": "230",
        "price_per_unit": "92",
        "price_unit": "G"
      },
      {
        "state": "TAS",
        "price": "230",
        "price_per_unit": "92",
        "price_unit": "G"
      },
      {
        "state": "ACT",
        "price": "230",
        "price_per_unit": "92",
        "price_unit": "G"
      },
      {
        "state": "NT",
        "price": "245",
        "price_per_unit": "98",
        "price_unit": "G"
      }
    ]
  },
  {
    "source_url": "https://www.woolworths.com.au/shop/productdetails/574876/hoyt-s-italian-herb-mix",
    "name": "Hoyt's Italian Herb Mix 140G",
    "image_url": "https://cdn1.woolworths.media/content/wowproductimages/large/574876.jpg",
    "source_id": "Woolworths - 574876",
    "barcode": "9300725012564",
    "category_id": "1_39FD49C",
    "shop": "Woolworths",
    "weight": "10G",
    "prices": [
      {
        "state": "NSW",
        "price": "600",
        "price_per_unit": "43",
        "price_unit": "G"
      },
      {
        "state": "VIC",
        "price": "600",
        "price_per_unit": "43",
        "price_unit": "G"
      },
      {
        "state": "QLD",
        "price": "600",
        "price_per_unit": "43",
        "price_unit": "G"
      },
      {
        "state": "WA",
        "price": "600",
        "price_per_unit": "43",
        "price_unit": "G"
      },
      {
        "state": "SA",
        "price": "600",
        "price_per_unit": "43",
        "price_unit": "G"
      },
      {
        "state": "TAS",
        "price": "600",
        "price_per_unit": "43",
        "price_unit": "G"
      },
      {
        "state": "ACT",
        "price": "600",
        "price_per_unit": "43",
        "price_unit": "G"
      },
      {
        "state": "NT",
        "price": "630",
        "price_per_unit": "45",
        "price_unit": "G"
      }
    ]
  },
  {
    "source_url": "https://www.woolworths.com.au/shop/productdetails/829198/hoyt-s-paprika-sweet-smoked",
    "name": "Hoyt's Paprika Sweet Smoked 140G",
    "image_url": "https://cdn1.woolworths.media/content/wowproductimages/large/829198.jpg",
    "source_id": "Woolworths - 829198",
    "barcode": "9300725012540",
    "category_id": "1_39FD49C",
    "shop": "Woolworths",
    "weight": "10G",
    "prices": [
      {
        "state": "NSW",
        "price": "580",
        "price_per_unit": "41",
        "price_unit": "G"
      },
      {
        "state": "VIC",
        "price": "580",
        "price_per_unit": "41",
        "price_unit": "G"
      },
      {
        "state": "QLD",
        "price": "580",
        "price_per_unit": "41",
        "price_unit": "G"
      },
      {
        "state": "WA",
        "price": "580",
        "price_per_unit": "41",
        "price_unit": "G"
      },
      {
        "state": "SA",
        "price": "580",
        "price_per_unit": "41",
        "price_unit": "G"
      },
      {
        "state": "TAS",
        "price": "580",
        "price_per_unit": "41",
        "price_unit": "G"
      },
      {
        "state": "ACT",
        "price": "580",
        "price_per_unit": "41",
        "price_unit": "G"
      },
      {
        "state": "NT",
        "price": "610",
        "price_per_unit": "44",
        "price_unit": "G"
      }
    ]
  },
  {
    "source_url": "https://www.woolworths.com.au/shop/productdetails/70348/hoyt-s-seasoning-lemon-pepper",
    "name": "Hoyt's Seasoning Lemon & Pepper 50G",
    "image_url": "https://cdn1.woolworths.media/content/wowproductimages/large/070348.jpg",
    "source_id": "Woolworths - 70348",
    "barcode": "9300725002299",
    "category_id": "1_39FD49C",
    "shop": "Woolworths",
    "weight": "10G",
    "prices": [
      {
        "state": "NSW",
        "price": "260",
        "price_per_unit": "52",
        "price_unit": "G"
      },
      {
        "state": "VIC",
        "price": "260",
        "price_per_unit": "52",
        "price_unit": "G"
      },
      {
        "state": "QLD",
        "price": "260",
        "price_per_unit": "52",
        "price_unit": "G"
      },
      {
        "state": "SA",
        "price": "260",
        "price_per_unit": "52",
        "price_unit": "G"
      },
      {
        "state": "TAS",
        "price": "260",
        "price_per_unit": "52",
        "price_unit": "G"
      },
      {
        "state": "ACT",
        "price": "260",
        "price_per_unit": "52",
        "price_unit": "G"
      },
      {
        "state": "NT",
        "price": "275",
        "price_per_unit": "55",
        "price_unit": "G"
      }
    ]
  },
  {
    "source_url": "https://www.woolworths.com.au/shop/productdetails/94622/hoyt-s-sesame-seeds",
    "name": "Hoyt's Sesame Seeds 100G",
    "image_url": "https://cdn1.woolworths.media/content/wowproductimages/large/094622.jpg",
    "source_id": "Woolworths - 94622",
    "barcode": "9300725001568",
    "category_id": "1_39FD49C",
    "shop": "Woolworths",
    "weight": "10G",
    "prices": [
      {
        "state": "NSW",
        "price": "300",
        "price_per_unit": "30",
        "price_unit": "G"
      },
      {
        "state": "VIC",
        "price": "300",
        "price_per_unit": "30",
        "price_unit": "G"
      },
      {
        "state": "QLD",
        "price": "300",
        "price_per_unit": "30",
        "price_unit": "G"
      },
      {
        "state": "SA",
        "price": "300",
        "price_per_unit": "30",
        "price_unit": "G"
      },
      {
        "state": "TAS",
        "price": "300",
        "price_per_unit": "30",
        "price_unit": "G"
      },
      {
        "state": "ACT",
        "price": "300",
        "price_per_unit": "30",
        "price_unit": "G"
      },
      {
        "state": "NT",
        "price": "315",
        "price_per_unit": "32",
        "price_unit": "G"
      }
    ]
  },
  {
    "source_url": "https://www.woolworths.com.au/shop/productdetails/34487/keen-s-mustard-powder-powder",
    "name": "Keen's Mustard Powder Powder 50g",
    "image_url": "https://cdn1.woolworths.media/content/wowproductimages/large/034487.jpg",
    "source_id": "Woolworths - 34487",
    "barcode": "93623018",
    "category_id": "1_39FD49C",
    "shop": "Woolworths",
    "weight": "10G",
    "prices": [
      {
        "state": "NSW",
        "price": "500",
        "price_per_unit": "100",
        "price_unit": "G"
      },
      {
        "state": "VIC",
        "price": "500",
        "price_per_unit": "100",
        "price_unit": "G"
      },
      {
        "state": "QLD",
        "price": "500",
        "price_per_unit": "100",
        "price_unit": "G"
      },
      {
        "state": "WA",
        "price": "500",
        "price_per_unit": "100",
        "price_unit": "G"
      },
      {
        "state": "SA",
        "price": "500",
        "price_per_unit": "100",
        "price_unit": "G"
      },
      {
        "state": "TAS",
        "price": "500",
        "price_per_unit": "100",
        "price_unit": "G"
      },
      {
        "state": "ACT",
        "price": "500",
        "price_per_unit": "100",
        "price_unit": "G"
      },
      {
        "state": "NT",
        "price": "525",
        "price_per_unit": "105",
        "price_unit": "G"
      }
    ]
  },
  {
    "source_url": "https://www.woolworths.com.au/shop/productdetails/33281/keen-s-traditional-curry-powder",
    "name": "Keen's Traditional Curry Powder 120g",
    "image_url": "https://cdn1.woolworths.media/content/wowproductimages/large/033281.jpg",
    "source_id": "Woolworths - 33281",
    "barcode": "93623063",
    "category_id": "1_39FD49C",
    "shop": "Woolworths",
    "weight": "10G",
    "prices": [
      {
        "state": "NSW",
        "price": "550",
        "price_per_unit": "46",
        "price_unit": "G"
      },
      {
        "state": "VIC",
        "price": "550",
        "price_per_unit": "46",
        "price_unit": "G"
      },
      {
        "state": "QLD",
        "price": "550",
        "price_per_unit": "46",
        "price_unit": "G"
      },
      {
        "state": "WA",
        "price": "550",
        "price_per_unit": "46",
        "price_unit": "G"
      },
      {
        "state": "SA",
        "price": "550",
        "price_per_unit": "46",
        "price_unit": "G"
      },
      {
        "state": "TAS",
        "price": "550",
        "price_per_unit": "46",
        "price_unit": "G"
      },
      {
        "state": "ACT",
        "price": "550",
        "price_per_unit": "46",
        "price_unit": "G"
      },
      {
        "state": "NT",
        "price": "580",
        "price_per_unit": "48",
        "price_unit": "G"
      }
    ]
  },
  {
    "source_url": "https://www.woolworths.com.au/shop/productdetails/33280/keen-s-traditional-curry-powder",
    "name": "Keen's Traditional Curry Powder 60g",
    "image_url": "https://cdn1.woolworths.media/content/wowproductimages/large/033280.jpg",
    "source_id": "Woolworths - 33280",
    "barcode": "9300683071559",
    "category_id": "1_39FD49C",
    "shop": "Woolworths",
    "weight": "10G",
    "prices": [
      {
        "state": "NSW",
        "price": "430",
        "price_per_unit": "72",
        "price_unit": "G"
      },
      {
        "state": "VIC",
        "price": "430",
        "price_per_unit": "72",
        "price_unit": "G"
      },
      {
        "state": "QLD",
        "price": "430",
        "price_per_unit": "72",
        "price_unit": "G"
      },
      {
        "state": "WA",
        "price": "430",
        "price_per_unit": "72",
        "price_unit": "G"
      },
      {
        "state": "SA",
        "price": "430",
        "price_per_unit": "72",
        "price_unit": "G"
      },
      {
        "state": "TAS",
        "price": "430",
        "price_per_unit": "72",
        "price_unit": "G"
      },
      {
        "state": "ACT",
        "price": "430",
        "price_per_unit": "72",
        "price_unit": "G"
      },
      {
        "state": "NT",
        "price": "450",
        "price_per_unit": "75",
        "price_unit": "G"
      }
    ]
  },
  {
    "source_url": "https://www.woolworths.com.au/shop/productdetails/32857/masterfoods-all-purpose-seasoning",
    "name": "MasterFoods All Purpose Seasoning 65g",
    "image_url": "https://cdn1.woolworths.media/content/wowproductimages/large/032857.jpg",
    "source_id": "Woolworths - 32857",
    "barcode": "93716765",
    "category_id": "1_39FD49C",
    "shop": "Woolworths",
    "weight": "10G",
    "prices": [
      {
        "state": "NSW",
        "price": "300",
        "price_per_unit": "46",
        "price_unit": "G"
      },
      {
        "state": "VIC",
        "price": "300",
        "price_per_unit": "46",
        "price_unit": "G"
      },
      {
        "state": "QLD",
        "price": "300",
        "price_per_unit": "46",
        "price_unit": "G"
      },
      {
        "state": "WA",
        "price": "300",
        "price_per_unit": "46",
        "price_unit": "G"
      },
      {
        "state": "SA",
        "price": "370",
        "price_per_unit": "57",
        "price_unit": "G"
      },
      {
        "state": "TAS",
        "price": "370",
        "price_per_unit": "57",
        "price_unit": "G"
      },
      {
        "state": "ACT",
        "price": "300",
        "price_per_unit": "46",
        "price_unit": "G"
      },
      {
        "state": "NT",
        "price": "315",
        "price_per_unit": "48",
        "price_unit": "G"
      }
    ]
  },
  {
    "source_url": "https://www.woolworths.com.au/shop/productdetails/46497/masterfoods-chicken-salt",
    "name": "MasterFoods Chicken Salt 65G",
    "image_url": "https://cdn1.woolworths.media/content/wowproductimages/large/046497.jpg",
    "source_id": "Woolworths - 46497",
    "barcode": "93782456",
    "category_id": "1_39FD49C",
    "shop": "Woolworths",
    "weight": "10G",
    "prices": [
      {
        "state": "NSW",
        "price": "300",
        "price_per_unit": "46",
        "price_unit": "G"
      },
      {
        "state": "VIC",
        "price": "300",
        "price_per_unit": "46",
        "price_unit": "G"
      },
      {
        "state": "QLD",
        "price": "300",
        "price_per_unit": "46",
        "price_unit": "G"
      },
      {
        "state": "WA",
        "price": "300",
        "price_per_unit": "46",
        "price_unit": "G"
      },
      {
        "state": "SA",
        "price": "370",
        "price_per_unit": "57",
        "price_unit": "G"
      },
      {
        "state": "TAS",
        "price": "370",
        "price_per_unit": "57",
        "price_unit": "G"
      },
      {
        "state": "ACT",
        "price": "300",
        "price_per_unit": "46",
        "price_unit": "G"
      },
      {
        "state": "NT",
        "price": "315",
        "price_per_unit": "48",
        "price_unit": "G"
      }
    ]
  },
  {
    "source_url": "https://www.woolworths.com.au/shop/productdetails/44782/masterfoods-chilli-flakes",
    "name": "MasterFoods Chilli Flakes 18g",
    "image_url": "https://cdn1.woolworths.media/content/wowproductimages/large/044782.jpg",
    "source_id": "Woolworths - 44782",
    "barcode": "93782623",
    "category_id": "1_39FD49C",
    "shop": "Woolworths",
    "weight": "10G",
    "prices": [
      {
        "state": "VIC",
        "price": "330",
        "price_per_unit": "183",
        "price_unit": "G"
      },
      {
        "state": "QLD",
        "price": "330",
        "price_per_unit": "183",
        "price_unit": "G"
      },
      {
        "state": "WA",
        "price": "330",
        "price_per_unit": "183",
        "price_unit": "G"
      },
      {
        "state": "SA",
        "price": "330",
        "price_per_unit": "183",
        "price_unit": "G"
      },
      {
        "state": "TAS",
        "price": "330",
        "price_per_unit": "183",
        "price_unit": "G"
      },
      {
        "state": "ACT",
        "price": "330",
        "price_per_unit": "183",
        "price_unit": "G"
      },
      {
        "state": "NT",
        "price": "345",
        "price_per_unit": "192",
        "price_unit": "G"
      }
    ]
  },
  {
    "source_url": "https://www.woolworths.com.au/shop/productdetails/35546/masterfoods-chinese-5-spice",
    "name": "MasterFoods Chinese 5 Spice 30g",
    "image_url": "https://cdn1.woolworths.media/content/wowproductimages/large/035546.jpg",
    "source_id": "Woolworths - 35546",
    "barcode": "93716437",
    "category_id": "1_39FD49C",
    "shop": "Woolworths",
    "weight": "10G",
    "prices": [
      {
        "state": "NSW",
        "price": "320",
        "price_per_unit": "107",
        "price_unit": "G"
      },
      {
        "state": "VIC",
        "price": "320",
        "price_per_unit": "107",
        "price_unit": "G"
      },
      {
        "state": "QLD",
        "price": "320",
        "price_per_unit": "107",
        "price_unit": "G"
      },
      {
        "state": "WA",
        "price": "320",
        "price_per_unit": "107",
        "price_unit": "G"
      },
      {
        "state": "SA",
        "price": "330",
        "price_per_unit": "110",
        "price_unit": "G"
      },
      {
        "state": "TAS",
        "price": "330",
        "price_per_unit": "110",
        "price_unit": "G"
      },
      {
        "state": "ACT",
        "price": "320",
        "price_per_unit": "107",
        "price_unit": "G"
      },
      {
        "state": "NT",
        "price": "335",
        "price_per_unit": "112",
        "price_unit": "G"
      }
    ]
  },
  {
    "source_url": "https://www.woolworths.com.au/shop/productdetails/92156/masterfoods-dried-italian-herbs",
    "name": "MasterFoods Dried Italian Herbs 10g",
    "image_url": "https://cdn1.woolworths.media/content/wowproductimages/large/092156.jpg",
    "source_id": "Woolworths - 92156",
    "barcode": "93716925",
    "category_id": "1_39FD49C",
    "shop": "Woolworths",
    "weight": "10G",
    "prices": [
      {
        "state": "NSW",
        "price": "270",
        "price_per_unit": "270",
        "price_unit": "G"
      },
      {
        "state": "VIC",
        "price": "270",
        "price_per_unit": "270",
        "price_unit": "G"
      },
      {
        "state": "QLD",
        "price": "270",
        "price_per_unit": "270",
        "price_unit": "G"
      },
      {
        "state": "WA",
        "price": "270",
        "price_per_unit": "270",
        "price_unit": "G"
      },
      {
        "state": "SA",
        "price": "330",
        "price_per_unit": "330",
        "price_unit": "G"
      },
      {
        "state": "TAS",
        "price": "330",
        "price_per_unit": "330",
        "price_unit": "G"
      },
      {
        "state": "ACT",
        "price": "270",
        "price_per_unit": "270",
        "price_unit": "G"
      },
      {
        "state": "NT",
        "price": "285",
        "price_per_unit": "285",
        "price_unit": "G"
      }
    ]
  },
  {
    "source_url": "https://www.woolworths.com.au/shop/productdetails/94489/masterfoods-garlic-powder",
    "name": "MasterFoods Garlic Powder 155g",
    "image_url": "https://cdn1.woolworths.media/content/wowproductimages/large/094489.jpg",
    "source_id": "Woolworths - 94489",
    "barcode": "93716857",
    "category_id": "1_39FD49C",
    "shop": "Woolworths",
    "weight": "10G",
    "prices": [
      {
        "state": "NSW",
        "price": "650",
        "price_per_unit": "42",
        "price_unit": "G"
      },
      {
        "state": "QLD",
        "price": "650",
        "price_per_unit": "42",
        "price_unit": "G"
      },
      {
        "state": "WA",
        "price": "650",
        "price_per_unit": "42",
        "price_unit": "G"
      },
      {
        "state": "SA",
        "price": "600",
        "price_per_unit": "39",
        "price_unit": "G"
      },
      {
        "state": "TAS",
        "price": "600",
        "price_per_unit": "39",
        "price_unit": "G"
      },
      {
        "state": "ACT",
        "price": "650",
        "price_per_unit": "42",
        "price_unit": "G"
      },
      {
        "state": "NT",
        "price": "685",
        "price_per_unit": "44",
        "price_unit": "G"
      }
    ]
  },
  {
    "source_url": "https://www.woolworths.com.au/shop/productdetails/35388/masterfoods-garlic-powder",
    "name": "MasterFoods Garlic Powder 50g",
    "image_url": "https://cdn1.woolworths.media/content/wowproductimages/large/035388.jpg",
    "source_id": "Woolworths - 35388",
    "barcode": "93716635",
    "category_id": "1_39FD49C",
    "shop": "Woolworths",
    "weight": "10G",
    "prices": [
      {
        "state": "NSW",
        "price": "350",
        "price_per_unit": "70",
        "price_unit": "G"
      },
      {
        "state": "VIC",
        "price": "350",
        "price_per_unit": "70",
        "price_unit": "G"
      },
      {
        "state": "WA",
        "price": "350",
        "price_per_unit": "70",
        "price_unit": "G"
      },
      {
        "state": "SA",
        "price": "330",
        "price_per_unit": "66",
        "price_unit": "G"
      },
      {
        "state": "TAS",
        "price": "330",
        "price_per_unit": "66",
        "price_unit": "G"
      },
      {
        "state": "ACT",
        "price": "350",
        "price_per_unit": "70",
        "price_unit": "G"
      },
      {
        "state": "NT",
        "price": "370",
        "price_per_unit": "74",
        "price_unit": "G"
      }
    ]
  },
  {
    "source_url": "https://www.woolworths.com.au/shop/productdetails/32510/masterfoods-ground-cayenne-pepper",
    "name": "MasterFoods Ground Cayenne Pepper 30g",
    "image_url": "https://cdn1.woolworths.media/content/wowproductimages/large/032510.jpg",
    "source_id": "Woolworths - 32510",
    "barcode": "93716543",
    "category_id": "1_39FD49C",
    "shop": "Woolworths",
    "weight": "10G",
    "prices": [
      {
        "state": "NSW",
        "price": "420",
        "price_per_unit": "140",
        "price_unit": "G"
      },
      {
        "state": "VIC",
        "price": "420",
        "price_per_unit": "140",
        "price_unit": "G"
      },
      {
        "state": "QLD",
        "price": "420",
        "price_per_unit": "140",
        "price_unit": "G"
      },
      {
        "state": "WA",
        "price": "420",
        "price_per_unit": "140",
        "price_unit": "G"
      },
      {
        "state": "TAS",
        "price": "330",
        "price_per_unit": "110",
        "price_unit": "G"
      },
      {
        "state": "ACT",
        "price": "420",
        "price_per_unit": "140",
        "price_unit": "G"
      },
      {
        "state": "NT",
        "price": "440",
        "price_per_unit": "147",
        "price_unit": "G"
      }
    ]
  },
  {
    "source_url": "https://www.woolworths.com.au/shop/productdetails/36353/masterfoods-ground-cinnamon-ground",
    "name": "MasterFoods Ground Cinnamon 28g",
    "image_url": "https://cdn1.woolworths.media/content/wowproductimages/large/036353.jpg",
    "source_id": "Woolworths - 36353",
    "barcode": "93716451",
    "category_id": "1_39FD49C",
    "shop": "Woolworths",
    "weight": "10G",
    "prices": [
      {
        "state": "NSW",
        "price": "280",
        "price_per_unit": "100",
        "price_unit": "G"
      },
      {
        "state": "VIC",
        "price": "280",
        "price_per_unit": "100",
        "price_unit": "G"
      },
      {
        "state": "QLD",
        "price": "280",
        "price_per_unit": "100",
        "price_unit": "G"
      },
      {
        "state": "WA",
        "price": "280",
        "price_per_unit": "100",
        "price_unit": "G"
      },
      {
        "state": "SA",
        "price": "330",
        "price_per_unit": "118",
        "price_unit": "G"
      },
      {
        "state": "TAS",
        "price": "330",
        "price_per_unit": "118",
        "price_unit": "G"
      },
      {
        "state": "ACT",
        "price": "280",
        "price_per_unit": "100",
        "price_unit": "G"
      },
      {
        "state": "NT",
        "price": "295",
        "price_per_unit": "105",
        "price_unit": "G"
      }
    ]
  },
  {
    "source_url": "https://www.woolworths.com.au/shop/productdetails/32649/masterfoods-ground-cumin-seeds-cumin-seeds",
    "name": "MasterFoods Ground Cumin Seeds 25g",
    "image_url": "https://cdn1.woolworths.media/content/wowproductimages/large/032649.jpg",
    "source_id": "Woolworths - 32649",
    "barcode": "93716482",
    "category_id": "1_39FD49C",
    "shop": "Woolworths",
    "weight": "10G",
    "prices": [
      {
        "state": "NSW",
        "price": "320",
        "price_per_unit": "128",
        "price_unit": "G"
      },
      {
        "state": "VIC",
        "price": "320",
        "price_per_unit": "128",
        "price_unit": "G"
      },
      {
        "state": "QLD",
        "price": "320",
        "price_per_unit": "128",
        "price_unit": "G"
      },
      {
        "state": "WA",
        "price": "320",
        "price_per_unit": "128",
        "price_unit": "G"
      },
      {
        "state": "SA",
        "price": "330",
        "price_per_unit": "132",
        "price_unit": "G"
      },
      {
        "state": "TAS",
        "price": "330",
        "price_per_unit": "132",
        "price_unit": "G"
      },
      {
        "state": "ACT",
        "price": "320",
        "price_per_unit": "128",
        "price_unit": "G"
      },
      {
        "state": "NT",
        "price": "335",
        "price_per_unit": "134",
        "price_unit": "G"
      }
    ]
  },
  {
    "source_url": "https://www.woolworths.com.au/shop/productdetails/32775/masterfoods-ground-paprika",
    "name": "MasterFoods Ground Paprika 35g",
    "image_url": "https://cdn1.woolworths.media/content/wowproductimages/large/032775.jpg",
    "source_id": "Woolworths - 32775",
    "barcode": "93716536",
    "category_id": "1_39FD49C",
    "shop": "Woolworths",
    "weight": "10G",
    "prices": [
      {
        "state": "NSW",
        "price": "290",
        "price_per_unit": "83",
        "price_unit": "G"
      },
      {
        "state": "VIC",
        "price": "290",
        "price_per_unit": "83",
        "price_unit": "G"
      },
      {
        "state": "QLD",
        "price": "290",
        "price_per_unit": "83",
        "price_unit": "G"
      },
      {
        "state": "WA",
        "price": "290",
        "price_per_unit": "83",
        "price_unit": "G"
      },
      {
        "state": "TAS",
        "price": "330",
        "price_per_unit": "94",
        "price_unit": "G"
      },
      {
        "state": "ACT",
        "price": "290",
        "price_per_unit": "83",
        "price_unit": "G"
      },
      {
        "state": "NT",
        "price": "305",
        "price_per_unit": "87",
        "price_unit": "G"
      }
    ]
  },
  {
    "source_url": "https://www.woolworths.com.au/shop/productdetails/33982/masterfoods-ground-turmeric-ground",
    "name": "MasterFoods Ground Turmeric 28g",
    "image_url": "https://cdn1.woolworths.media/content/wowproductimages/large/033982.jpg",
    "source_id": "Woolworths - 33982",
    "barcode": "93716611",
    "category_id": "1_39FD49C",
    "shop": "Woolworths",
    "weight": "10G",
    "prices": [
      {
        "state": "NSW",
        "price": "280",
        "price_per_unit": "100",
        "price_unit": "G"
      },
      {
        "state": "VIC",
        "price": "280",
        "price_per_unit": "100",
        "price_unit": "G"
      },
      {
        "state": "QLD",
        "price": "280",
        "price_per_unit": "100",
        "price_unit": "G"
      },
      {
        "state": "WA",
        "price": "280",
        "price_per_unit": "100",
        "price_unit": "G"
      },
      {
        "state": "SA",
        "price": "330",
        "price_per_unit": "118",
        "price_unit": "G"
      },
      {
        "state": "TAS",
        "price": "330",
        "price_per_unit": "118",
        "price_unit": "G"
      },
      {
        "state": "ACT",
        "price": "280",
        "price_per_unit": "100",
        "price_unit": "G"
      },
      {
        "state": "NT",
        "price": "295",
        "price_per_unit": "105",
        "price_unit": "G"
      }
    ]
  },
  {
    "source_url": "https://www.woolworths.com.au/shop/productdetails/92159/masterfoods-italian-herb-blend",
    "name": "MasterFoods Italian Herb Blend 30g",
    "image_url": "https://cdn1.woolworths.media/content/wowproductimages/large/092159.jpg",
    "source_id": "Woolworths - 92159",
    "barcode": "93716994",
    "category_id": "1_39FD49C",
    "shop": "Woolworths",
    "weight": "10G",
    "prices": [
      {
        "state": "NSW",
        "price": "580",
        "price_per_unit": "193",
        "price_unit": "G"
      },
      {
        "state": "VIC",
        "price": "580",
        "price_per_unit": "193",
        "price_unit": "G"
      },
      {
        "state": "QLD",
        "price": "580",
        "price_per_unit": "193",
        "price_unit": "G"
      },
      {
        "state": "WA",
        "price": "580",
        "price_per_unit": "193",
        "price_unit": "G"
      },
      {
        "state": "SA",
        "price": "580",
        "price_per_unit": "193",
        "price_unit": "G"
      },
      {
        "state": "TAS",
        "price": "580",
        "price_per_unit": "193",
        "price_unit": "G"
      },
      {
        "state": "ACT",
        "price": "580",
        "price_per_unit": "193",
        "price_unit": "G"
      },
      {
        "state": "NT",
        "price": "580",
        "price_per_unit": "193",
        "price_unit": "G"
      }
    ]
  },
  {
    "source_url": "https://www.woolworths.com.au/shop/productdetails/342450/masterfoods-large-all-purpose-seasoning-all-purpose",
    "name": "MasterFoods Large All Purpose Seasoning 200g",
    "image_url": "https://cdn1.woolworths.media/content/wowproductimages/large/342450.jpg",
    "source_id": "Woolworths - 342450",
    "barcode": "9310012035503",
    "category_id": "1_39FD49C",
    "shop": "Woolworths",
    "weight": "10G",
    "prices": [
      {
        "state": "NSW",
        "price": "650",
        "price_per_unit": "33",
        "price_unit": "G"
      },
      {
        "state": "VIC",
        "price": "650",
        "price_per_unit": "33",
        "price_unit": "G"
      },
      {
        "state": "QLD",
        "price": "650",
        "price_per_unit": "33",
        "price_unit": "G"
      },
      {
        "state": "WA",
        "price": "650",
        "price_per_unit": "33",
        "price_unit": "G"
      },
      {
        "state": "SA",
        "price": "650",
        "price_per_unit": "33",
        "price_unit": "G"
      },
      {
        "state": "TAS",
        "price": "650",
        "price_per_unit": "33",
        "price_unit": "G"
      },
      {
        "state": "ACT",
        "price": "650",
        "price_per_unit": "33",
        "price_unit": "G"
      },
      {
        "state": "NT",
        "price": "685",
        "price_per_unit": "34",
        "price_unit": "G"
      }
    ]
  },
  {
    "source_url": "https://www.woolworths.com.au/shop/productdetails/355479/masterfoods-lemon-herb-garlic-seasoning",
    "name": "MasterFoods Lemon Herb & Garlic Seasoning 46g",
    "image_url": "https://cdn1.woolworths.media/content/wowproductimages/large/355479.jpg",
    "source_id": "Woolworths - 355479",
    "barcode": "9310012036111",
    "category_id": "1_39FD49C",
    "shop": "Woolworths",
    "weight": "10G",
    "prices": [
      {
        "state": "NSW",
        "price": "350",
        "price_per_unit": "76",
        "price_unit": "G"
      },
      {
        "state": "VIC",
        "price": "350",
        "price_per_unit": "76",
        "price_unit": "G"
      },
      {
        "state": "QLD",
        "price": "350",
        "price_per_unit": "76",
        "price_unit": "G"
      },
      {
        "state": "WA",
        "price": "350",
        "price_per_unit": "76",
        "price_unit": "G"
      },
      {
        "state": "SA",
        "price": "370",
        "price_per_unit": "80",
        "price_unit": "G"
      },
      {
        "state": "TAS",
        "price": "370",
        "price_per_unit": "80",
        "price_unit": "G"
      },
      {
        "state": "ACT",
        "price": "350",
        "price_per_unit": "76",
        "price_unit": "G"
      },
      {
        "state": "NT",
        "price": "370",
        "price_per_unit": "80",
        "price_unit": "G"
      }
    ]
  },
  {
    "source_url": "https://www.woolworths.com.au/shop/productdetails/35205/masterfoods-lemon-pepper-seasoning",
    "name": "MasterFoods Lemon Pepper Seasoning 52g",
    "image_url": "https://cdn1.woolworths.media/content/wowproductimages/large/035205.jpg",
    "source_id": "Woolworths - 35205",
    "barcode": "93716680",
    "category_id": "1_39FD49C",
    "shop": "Woolworths",
    "weight": "10G",
    "prices": [
      {
        "state": "NSW",
        "price": "400",
        "price_per_unit": "77",
        "price_unit": "G"
      },
      {
        "state": "VIC",
        "price": "400",
        "price_per_unit": "77",
        "price_unit": "G"
      },
      {
        "state": "QLD",
        "price": "400",
        "price_per_unit": "77",
        "price_unit": "G"
      },
      {
        "state": "WA",
        "price": "400",
        "price_per_unit": "77",
        "price_unit": "G"
      },
      {
        "state": "SA",
        "price": "370",
        "price_per_unit": "71",
        "price_unit": "G"
      },
      {
        "state": "TAS",
        "price": "370",
        "price_per_unit": "71",
        "price_unit": "G"
      },
      {
        "state": "ACT",
        "price": "400",
        "price_per_unit": "77",
        "price_unit": "G"
      },
      {
        "state": "NT",
        "price": "420",
        "price_per_unit": "81",
        "price_unit": "G"
      }
    ]
  },
  {
    "source_url": "https://www.woolworths.com.au/shop/productdetails/35389/masterfoods-onion-powder",
    "name": "MasterFoods Onion Powder 40g",
    "image_url": "https://cdn1.woolworths.media/content/wowproductimages/large/035389.jpg",
    "source_id": "Woolworths - 35389",
    "barcode": "93716642",
    "category_id": "1_39FD49C",
    "shop": "Woolworths",
    "weight": "10G",
    "prices": [
      {
        "state": "NSW",
        "price": "370",
        "price_per_unit": "93",
        "price_unit": "G"
      },
      {
        "state": "VIC",
        "price": "370",
        "price_per_unit": "93",
        "price_unit": "G"
      },
      {
        "state": "QLD",
        "price": "370",
        "price_per_unit": "93",
        "price_unit": "G"
      },
      {
        "state": "WA",
        "price": "370",
        "price_per_unit": "93",
        "price_unit": "G"
      },
      {
        "state": "SA",
        "price": "330",
        "price_per_unit": "83",
        "price_unit": "G"
      },
      {
        "state": "TAS",
        "price": "330",
        "price_per_unit": "83",
        "price_unit": "G"
      },
      {
        "state": "ACT",
        "price": "370",
        "price_per_unit": "93",
        "price_unit": "G"
      },
      {
        "state": "NT",
        "price": "390",
        "price_per_unit": "98",
        "price_unit": "G"
      }
    ]
  },
  {
    "source_url": "https://www.woolworths.com.au/shop/productdetails/35398/masterfoods-oregano-leaves",
    "name": "MasterFoods Oregano Leaves 5g",
    "image_url": "https://cdn1.woolworths.media/content/wowproductimages/large/035398.jpg",
    "source_id": "Woolworths - 35398",
    "barcode": "93716123",
    "category_id": "1_39FD49C",
    "shop": "Woolworths",
    "weight": "10G",
    "prices": [
      {
        "state": "NSW",
        "price": "260",
        "price_per_unit": "520",
        "price_unit": "G"
      },
      {
        "state": "VIC",
        "price": "260",
        "price_per_unit": "520",
        "price_unit": "G"
      },
      {
        "state": "QLD",
        "price": "260",
        "price_per_unit": "520",
        "price_unit": "G"
      },
      {
        "state": "WA",
        "price": "260",
        "price_per_unit": "520",
        "price_unit": "G"
      },
      {
        "state": "SA",
        "price": "330",
        "price_per_unit": "660",
        "price_unit": "G"
      },
      {
        "state": "TAS",
        "price": "330",
        "price_per_unit": "660",
        "price_unit": "G"
      },
      {
        "state": "ACT",
        "price": "260",
        "price_per_unit": "520",
        "price_unit": "G"
      },
      {
        "state": "NT",
        "price": "275",
        "price_per_unit": "550",
        "price_unit": "G"
      }
    ]
  },
  {
    "source_url": "https://www.woolworths.com.au/shop/productdetails/210007/masterfoods-portuguese-chicken-seasoning",
    "name": "MasterFoods Portuguese Chicken Seasoning 50g",
    "image_url": "https://cdn1.woolworths.media/content/wowproductimages/large/210007.jpg",
    "source_id": "Woolworths - 210007",
    "barcode": "9310012029847",
    "category_id": "1_39FD49C",
    "shop": "Woolworths",
    "weight": "10G",
    "prices": [
      {
        "state": "NSW",
        "price": "430",
        "price_per_unit": "86",
        "price_unit": "G"
      },
      {
        "state": "VIC",
        "price": "430",
        "price_per_unit": "86",
        "price_unit": "G"
      },
      {
        "state": "QLD",
        "price": "430",
        "price_per_unit": "86",
        "price_unit": "G"
      },
      {
        "state": "WA",
        "price": "430",
        "price_per_unit": "86",
        "price_unit": "G"
      },
      {
        "state": "SA",
        "price": "450",
        "price_per_unit": "90",
        "price_unit": "G"
      },
      {
        "state": "TAS",
        "price": "450",
        "price_per_unit": "90",
        "price_unit": "G"
      },
      {
        "state": "ACT",
        "price": "430",
        "price_per_unit": "86",
        "price_unit": "G"
      },
      {
        "state": "NT",
        "price": "450",
        "price_per_unit": "90",
        "price_unit": "G"
      }
    ]
  },
  {
    "source_url": "https://www.woolworths.com.au/shop/productdetails/170748/masterfoods-pure-saffron",
    "name": "MasterFoods Pure Saffron 250mg",
    "image_url": "https://cdn1.woolworths.media/content/wowproductimages/large/170748.jpg",
    "source_id": "Woolworths - 170748",
    "barcode": "9310012060017",
    "category_id": "1_39FD49C",
    "shop": "Woolworths",
    "weight": "10G",
    "prices": [
      {
        "state": "NSW",
        "price": "1490",
        "price_per_unit": "59600",
        "price_unit": "G"
      },
      {
        "state": "VIC",
        "price": "1490",
        "price_per_unit": "59600",
        "price_unit": "G"
      },
      {
        "state": "QLD",
        "price": "1490",
        "price_per_unit": "59600",
        "price_unit": "G"
      },
      {
        "state": "WA",
        "price": "1490",
        "price_per_unit": "59600",
        "price_unit": "G"
      },
      {
        "state": "SA",
        "price": "1490",
        "price_per_unit": "59600",
        "price_unit": "G"
      },
      {
        "state": "TAS",
        "price": "1490",
        "price_per_unit": "59600",
        "price_unit": "G"
      },
      {
        "state": "ACT",
        "price": "1490",
        "price_per_unit": "59600",
        "price_unit": "G"
      },
      {
        "state": "NT",
        "price": "1565",
        "price_per_unit": "62600",
        "price_unit": "G"
      }
    ]
  },
  {
    "source_url": "https://www.woolworths.com.au/shop/productdetails/209978/masterfoods-roast-vegetable-seasoning",
    "name": "MasterFoods Roast Vegetable Seasoning 38g",
    "image_url": "https://cdn1.woolworths.media/content/wowproductimages/large/209978.jpg",
    "source_id": "Woolworths - 209978",
    "barcode": "9310012029854",
    "category_id": "1_39FD49C",
    "shop": "Woolworths",
    "weight": "10G",
    "prices": [
      {
        "state": "NSW",
        "price": "400",
        "price_per_unit": "105",
        "price_unit": "G"
      },
      {
        "state": "VIC",
        "price": "400",
        "price_per_unit": "105",
        "price_unit": "G"
      },
      {
        "state": "QLD",
        "price": "400",
        "price_per_unit": "105",
        "price_unit": "G"
      },
      {
        "state": "WA",
        "price": "400",
        "price_per_unit": "105",
        "price_unit": "G"
      },
      {
        "state": "SA",
        "price": "400",
        "price_per_unit": "105",
        "price_unit": "G"
      },
      {
        "state": "TAS",
        "price": "400",
        "price_per_unit": "105",
        "price_unit": "G"
      },
      {
        "state": "ACT",
        "price": "400",
        "price_per_unit": "105",
        "price_unit": "G"
      },
      {
        "state": "NT",
        "price": "400",
        "price_per_unit": "105",
        "price_unit": "G"
      }
    ]
  },
  {
    "source_url": "https://www.woolworths.com.au/shop/productdetails/35946/masterfoods-sesame-seeds",
    "name": "MasterFoods Sesame Seeds 37g",
    "image_url": "https://cdn1.woolworths.media/content/wowproductimages/large/035946.jpg",
    "source_id": "Woolworths - 35946",
    "barcode": "93716604",
    "category_id": "1_39FD49C",
    "shop": "Woolworths",
    "weight": "10G",
    "prices": [
      {
        "state": "NSW",
        "price": "315",
        "price_per_unit": "85",
        "price_unit": "G"
      },
      {
        "state": "VIC",
        "price": "315",
        "price_per_unit": "85",
        "price_unit": "G"
      },
      {
        "state": "QLD",
        "price": "315",
        "price_per_unit": "85",
        "price_unit": "G"
      },
      {
        "state": "WA",
        "price": "315",
        "price_per_unit": "85",
        "price_unit": "G"
      },
      {
        "state": "SA",
        "price": "330",
        "price_per_unit": "89",
        "price_unit": "G"
      },
      {
        "state": "TAS",
        "price": "330",
        "price_per_unit": "89",
        "price_unit": "G"
      },
      {
        "state": "ACT",
        "price": "315",
        "price_per_unit": "85",
        "price_unit": "G"
      },
      {
        "state": "NT",
        "price": "330",
        "price_per_unit": "89",
        "price_unit": "G"
      }
    ]
  },
  {
    "source_url": "https://www.woolworths.com.au/shop/productdetails/580620/masterfoods-smoked-paprika",
    "name": "MasterFoods Smoked Paprika 35g",
    "image_url": "https://cdn1.woolworths.media/content/wowproductimages/large/580620.jpg",
    "source_id": "Woolworths - 580620",
    "barcode": "9310012049234",
    "category_id": "1_39FD49C",
    "shop": "Woolworths",
    "weight": "10G",
    "prices": [
      {
        "state": "NSW",
        "price": "350",
        "price_per_unit": "100",
        "price_unit": "G"
      },
      {
        "state": "VIC",
        "price": "350",
        "price_per_unit": "100",
        "price_unit": "G"
      },
      {
        "state": "QLD",
        "price": "350",
        "price_per_unit": "100",
        "price_unit": "G"
      },
      {
        "state": "WA",
        "price": "350",
        "price_per_unit": "100",
        "price_unit": "G"
      },
      {
        "state": "SA",
        "price": "330",
        "price_per_unit": "94",
        "price_unit": "G"
      },
      {
        "state": "TAS",
        "price": "330",
        "price_per_unit": "94",
        "price_unit": "G"
      },
      {
        "state": "ACT",
        "price": "350",
        "price_per_unit": "100",
        "price_unit": "G"
      },
      {
        "state": "NT",
        "price": "370",
        "price_per_unit": "106",
        "price_unit": "G"
      }
    ]
  },
  {
    "source_url": "https://www.woolworths.com.au/shop/productdetails/92153/masterfoods-steak-seasoning",
    "name": "MasterFoods Steak Seasoning 45g",
    "image_url": "https://cdn1.woolworths.media/content/wowproductimages/large/092153.jpg",
    "source_id": "Woolworths - 92153",
    "barcode": "93716918",
    "category_id": "1_39FD49C",
    "shop": "Woolworths",
    "weight": "10G",
    "prices": [
      {
        "state": "NSW",
        "price": "400",
        "price_per_unit": "89",
        "price_unit": "G"
      },
      {
        "state": "VIC",
        "price": "400",
        "price_per_unit": "89",
        "price_unit": "G"
      },
      {
        "state": "QLD",
        "price": "400",
        "price_per_unit": "89",
        "price_unit": "G"
      },
      {
        "state": "WA",
        "price": "400",
        "price_per_unit": "89",
        "price_unit": "G"
      },
      {
        "state": "SA",
        "price": "370",
        "price_per_unit": "82",
        "price_unit": "G"
      },
      {
        "state": "TAS",
        "price": "370",
        "price_per_unit": "82",
        "price_unit": "G"
      },
      {
        "state": "ACT",
        "price": "400",
        "price_per_unit": "89",
        "price_unit": "G"
      },
      {
        "state": "NT",
        "price": "420",
        "price_per_unit": "93",
        "price_unit": "G"
      }
    ]
  },
  {
    "source_url": "https://www.woolworths.com.au/shop/productdetails/894209/masterfoods-taco-spice-blend-mild",
    "name": "Masterfoods Taco Spice Blend Mild 143g",
    "image_url": "https://cdn1.woolworths.media/content/wowproductimages/large/894209.jpg",
    "source_id": "Woolworths - 894209",
    "barcode": "9310012047179",
    "category_id": "1_39FD49C",
    "shop": "Woolworths",
    "weight": "10G",
    "prices": [
      {
        "state": "NSW",
        "price": "700",
        "price_per_unit": "49",
        "price_unit": "G"
      },
      {
        "state": "VIC",
        "price": "700",
        "price_per_unit": "49",
        "price_unit": "G"
      },
      {
        "state": "QLD",
        "price": "700",
        "price_per_unit": "49",
        "price_unit": "G"
      },
      {
        "state": "WA",
        "price": "700",
        "price_per_unit": "49",
        "price_unit": "G"
      },
      {
        "state": "SA",
        "price": "730",
        "price_per_unit": "51",
        "price_unit": "G"
      },
      {
        "state": "TAS",
        "price": "730",
        "price_per_unit": "51",
        "price_unit": "G"
      },
      {
        "state": "ACT",
        "price": "700",
        "price_per_unit": "49",
        "price_unit": "G"
      },
      {
        "state": "NT",
        "price": "700",
        "price_per_unit": "49",
        "price_unit": "G"
      }
    ]
  },
  {
    "source_url": "https://www.woolworths.com.au/shop/productdetails/35399/masterfoods-thyme-leaves",
    "name": "MasterFoods Thyme Leaves 10g",
    "image_url": "https://cdn1.woolworths.media/content/wowproductimages/large/035399.jpg",
    "source_id": "Woolworths - 35399",
    "barcode": "93716130",
    "category_id": "1_39FD49C",
    "shop": "Woolworths",
    "weight": "10G",
    "prices": [
      {
        "state": "NSW",
        "price": "270",
        "price_per_unit": "270",
        "price_unit": "G"
      },
      {
        "state": "VIC",
        "price": "270",
        "price_per_unit": "270",
        "price_unit": "G"
      },
      {
        "state": "QLD",
        "price": "270",
        "price_per_unit": "270",
        "price_unit": "G"
      },
      {
        "state": "WA",
        "price": "270",
        "price_per_unit": "270",
        "price_unit": "G"
      },
      {
        "state": "SA",
        "price": "330",
        "price_per_unit": "330",
        "price_unit": "G"
      },
      {
        "state": "TAS",
        "price": "330",
        "price_per_unit": "330",
        "price_unit": "G"
      },
      {
        "state": "ACT",
        "price": "270",
        "price_per_unit": "270",
        "price_unit": "G"
      },
      {
        "state": "NT",
        "price": "285",
        "price_per_unit": "285",
        "price_unit": "G"
      }
    ]
  },
  {
    "source_url": "https://www.woolworths.com.au/shop/productdetails/507605/mccormick-grill-mates-garlic-crushed-herbs-with-salt-pepper",
    "name": "McCormick Grill Mates Garlic & Crushed Herbs With Salt & Pepper 155g",
    "image_url": "https://cdn1.woolworths.media/content/wowproductimages/large/507605.jpg",
    "source_id": "Woolworths - 507605",
    "barcode": "52100051109",
    "category_id": "1_39FD49C",
    "shop": "Woolworths",
    "weight": "100G",
    "prices": [
      {
        "state": "NSW",
        "price": "700",
        "price_per_unit": "452",
        "price_unit": "G"
      },
      {
        "state": "VIC",
        "price": "700",
        "price_per_unit": "452",
        "price_unit": "G"
      },
      {
        "state": "QLD",
        "price": "700",
        "price_per_unit": "452",
        "price_unit": "G"
      },
      {
        "state": "WA",
        "price": "700",
        "price_per_unit": "452",
        "price_unit": "G"
      },
      {
        "state": "SA",
        "price": "700",
        "price_per_unit": "452",
        "price_unit": "G"
      },
      {
        "state": "TAS",
        "price": "700",
        "price_per_unit": "452",
        "price_unit": "G"
      },
      {
        "state": "ACT",
        "price": "700",
        "price_per_unit": "452",
        "price_unit": "G"
      },
      {
        "state": "NT",
        "price": "700",
        "price_per_unit": "452",
        "price_unit": "G"
      }
    ]
  },
  {
    "source_url": "https://www.woolworths.com.au/shop/productdetails/320994/mckenzie-s-pepper-black-whole",
    "name": "McKenzie's Pepper Black Whole 200g",
    "image_url": "https://cdn1.woolworths.media/content/wowproductimages/large/320994.jpg",
    "source_id": "Woolworths - 320994",
    "barcode": "9310061967206",
    "category_id": "1_39FD49C",
    "shop": "Woolworths",
    "weight": "10G",
    "prices": [
      {
        "state": "NSW",
        "price": "595",
        "price_per_unit": "30",
        "price_unit": "G"
      },
      {
        "state": "VIC",
        "price": "595",
        "price_per_unit": "30",
        "price_unit": "G"
      },
      {
        "state": "QLD",
        "price": "595",
        "price_per_unit": "30",
        "price_unit": "G"
      },
      {
        "state": "WA",
        "price": "595",
        "price_per_unit": "30",
        "price_unit": "G"
      },
      {
        "state": "SA",
        "price": "595",
        "price_per_unit": "30",
        "price_unit": "G"
      },
      {
        "state": "TAS",
        "price": "595",
        "price_per_unit": "30",
        "price_unit": "G"
      },
      {
        "state": "ACT",
        "price": "595",
        "price_per_unit": "30",
        "price_unit": "G"
      },
      {
        "state": "NT",
        "price": "620",
        "price_per_unit": "31",
        "price_unit": "G"
      }
    ]
  },
  {
    "source_url": "https://www.woolworths.com.au/shop/productdetails/68742/mingle-butter-chicken-recipe-base",
    "name": "Mingle Butter Chicken Recipe Base 30g",
    "image_url": "https://cdn1.woolworths.media/content/wowproductimages/large/068742.jpg",
    "source_id": "Woolworths - 68742",
    "barcode": "9350465003025",
    "category_id": "1_39FD49C",
    "shop": "Woolworths",
    "weight": "10G",
    "prices": [
      {
        "state": "NSW",
        "price": "260",
        "price_per_unit": "87",
        "price_unit": "G"
      },
      {
        "state": "QLD",
        "price": "260",
        "price_per_unit": "87",
        "price_unit": "G"
      },
      {
        "state": "TAS",
        "price": "260",
        "price_per_unit": "87",
        "price_unit": "G"
      },
      {
        "state": "ACT",
        "price": "260",
        "price_per_unit": "87",
        "price_unit": "G"
      },
      {
        "state": "NT",
        "price": "275",
        "price_per_unit": "92",
        "price_unit": "G"
      }
    ]
  },
  {
    "source_url": "https://www.woolworths.com.au/shop/productdetails/169031/mingle-use-me-on-everything-all-natural-seasoning",
    "name": "Mingle Use Me On Everything All Natural Seasoning 50g",
    "image_url": "https://cdn1.woolworths.media/content/wowproductimages/large/169031.jpg",
    "source_id": "Woolworths - 169031",
    "barcode": "9350465009935",
    "category_id": "1_39FD49C",
    "shop": "Woolworths",
    "weight": "10G",
    "prices": [
      {
        "state": "NSW",
        "price": "395",
        "price_per_unit": "79",
        "price_unit": "G"
      },
      {
        "state": "VIC",
        "price": "395",
        "price_per_unit": "79",
        "price_unit": "G"
      },
      {
        "state": "QLD",
        "price": "395",
        "price_per_unit": "79",
        "price_unit": "G"
      },
      {
        "state": "WA",
        "price": "395",
        "price_per_unit": "79",
        "price_unit": "G"
      },
      {
        "state": "SA",
        "price": "395",
        "price_per_unit": "79",
        "price_unit": "G"
      },
      {
        "state": "TAS",
        "price": "395",
        "price_per_unit": "79",
        "price_unit": "G"
      },
      {
        "state": "ACT",
        "price": "395",
        "price_per_unit": "79",
        "price_unit": "G"
      },
      {
        "state": "NT",
        "price": "415",
        "price_per_unit": "83",
        "price_unit": "G"
      }
    ]
  },
  {
    "source_url": "https://www.woolworths.com.au/shop/productdetails/499142/nando-s-peri-peri-rub-smokey-bbq-medium",
    "name": "Nando's Peri Peri Rub Smokey Bbq Medium 25g",
    "image_url": "https://cdn1.woolworths.media/content/wowproductimages/large/499142.jpg",
    "source_id": "Woolworths - 499142",
    "barcode": "6003770013298",
    "category_id": "1_39FD49C",
    "shop": "Woolworths",
    "weight": "10G",
    "prices": [
      {
        "state": "NSW",
        "price": "340",
        "price_per_unit": "136",
        "price_unit": "G"
      },
      {
        "state": "VIC",
        "price": "340",
        "price_per_unit": "136",
        "price_unit": "G"
      },
      {
        "state": "QLD",
        "price": "340",
        "price_per_unit": "136",
        "price_unit": "G"
      },
      {
        "state": "WA",
        "price": "340",
        "price_per_unit": "136",
        "price_unit": "G"
      },
      {
        "state": "SA",
        "price": "340",
        "price_per_unit": "136",
        "price_unit": "G"
      },
      {
        "state": "TAS",
        "price": "340",
        "price_per_unit": "136",
        "price_unit": "G"
      },
      {
        "state": "ACT",
        "price": "340",
        "price_per_unit": "136",
        "price_unit": "G"
      },
      {
        "state": "NT",
        "price": "360",
        "price_per_unit": "144",
        "price_unit": "G"
      }
    ]
  },
  {
    "source_url": "https://www.woolworths.com.au/shop/productdetails/1073935601/pickle-spice-beef-bbq-grill-meat-rub-250g-x-2-jars",
    "name": "Pickle & Spice Beef BBQ Grill Meat Rub 250g x 2 jars",
    "image_url": "https://cdn1.woolworths.media/content/wowproductimages/large/1073935601.jpg",
    "source_id": "Woolworths - 1073935601",
    "barcode": null,
    "category_id": "1_39FD49C",
    "shop": "Woolworths",
    "weight": "100G",
    "prices": [
      {
        "state": "NSW",
        "price": "2950",
        "price_per_unit": "590",
        "price_unit": "G"
      },
      {
        "state": "VIC",
        "price": "2950",
        "price_per_unit": "590",
        "price_unit": "G"
      },
      {
        "state": "QLD",
        "price": "2950",
        "price_per_unit": "590",
        "price_unit": "G"
      },
      {
        "state": "WA",
        "price": "2950",
        "price_per_unit": "590",
        "price_unit": "G"
      },
      {
        "state": "SA",
        "price": "2950",
        "price_per_unit": "590",
        "price_unit": "G"
      },
      {
        "state": "TAS",
        "price": "2950",
        "price_per_unit": "590",
        "price_unit": "G"
      },
      {
        "state": "ACT",
        "price": "2950",
        "price_per_unit": "590",
        "price_unit": "G"
      },
      {
        "state": "NT",
        "price": "2950",
        "price_per_unit": "590",
        "price_unit": "G"
      }
    ]
  },
  {
    "source_url": "https://www.woolworths.com.au/shop/productdetails/1073935602/pickle-spice-beef-bbq-roast-brisket-meat-rub-250g-x-2-jars",
    "name": "Pickle & Spice Beef BBQ Roast & Brisket Meat Rub 250g x 2 jars",
    "image_url": "https://cdn1.woolworths.media/content/wowproductimages/large/1073935602.jpg",
    "source_id": "Woolworths - 1073935602",
    "barcode": null,
    "category_id": "1_39FD49C",
    "shop": "Woolworths",
    "weight": "100G",
    "prices": [
      {
        "state": "NSW",
        "price": "2950",
        "price_per_unit": "590",
        "price_unit": "G"
      },
      {
        "state": "VIC",
        "price": "2950",
        "price_per_unit": "590",
        "price_unit": "G"
      },
      {
        "state": "QLD",
        "price": "2950",
        "price_per_unit": "590",
        "price_unit": "G"
      },
      {
        "state": "WA",
        "price": "2950",
        "price_per_unit": "590",
        "price_unit": "G"
      },
      {
        "state": "SA",
        "price": "2950",
        "price_per_unit": "590",
        "price_unit": "G"
      },
      {
        "state": "TAS",
        "price": "2950",
        "price_per_unit": "590",
        "price_unit": "G"
      },
      {
        "state": "ACT",
        "price": "2950",
        "price_per_unit": "590",
        "price_unit": "G"
      },
      {
        "state": "NT",
        "price": "2950",
        "price_per_unit": "590",
        "price_unit": "G"
      }
    ]
  },
  {
    "source_url": "https://www.woolworths.com.au/shop/productdetails/118118/saxa-black-whole-peppercorns-pepper",
    "name": "Saxa Black Whole Peppercorns Pepper 190g",
    "image_url": "https://cdn1.woolworths.media/content/wowproductimages/large/118118.jpg",
    "source_id": "Woolworths - 118118",
    "barcode": "9310412003577",
    "category_id": "1_39FD49C",
    "shop": "Woolworths",
    "weight": "10G",
    "prices": [
      {
        "state": "NSW",
        "price": "700",
        "price_per_unit": "37",
        "price_unit": "G"
      },
      {
        "state": "VIC",
        "price": "700",
        "price_per_unit": "37",
        "price_unit": "G"
      },
      {
        "state": "QLD",
        "price": "700",
        "price_per_unit": "37",
        "price_unit": "G"
      },
      {
        "state": "WA",
        "price": "700",
        "price_per_unit": "37",
        "price_unit": "G"
      },
      {
        "state": "SA",
        "price": "700",
        "price_per_unit": "37",
        "price_unit": "G"
      },
      {
        "state": "TAS",
        "price": "700",
        "price_per_unit": "37",
        "price_unit": "G"
      },
      {
        "state": "ACT",
        "price": "700",
        "price_per_unit": "37",
        "price_unit": "G"
      },
      {
        "state": "NT",
        "price": "735",
        "price_per_unit": "39",
        "price_unit": "G"
      }
    ]
  },
  {
    "source_url": "https://www.woolworths.com.au/shop/productdetails/321001/table-of-plenty-dried-spices-dukkah-pistachio",
    "name": "Table Of Plenty Dried Spices Dukkah Pistachio 45g",
    "image_url": "https://cdn1.woolworths.media/content/wowproductimages/large/321001.jpg",
    "source_id": "Woolworths - 321001",
    "barcode": "9335777001686",
    "category_id": "1_39FD49C",
    "shop": "Woolworths",
    "weight": "10G",
    "prices": [
      {
        "state": "NSW",
        "price": "450",
        "price_per_unit": "100",
        "price_unit": "G"
      },
      {
        "state": "VIC",
        "price": "450",
        "price_per_unit": "100",
        "price_unit": "G"
      },
      {
        "state": "QLD",
        "price": "450",
        "price_per_unit": "100",
        "price_unit": "G"
      },
      {
        "state": "SA",
        "price": "450",
        "price_per_unit": "100",
        "price_unit": "G"
      },
      {
        "state": "TAS",
        "price": "450",
        "price_per_unit": "100",
        "price_unit": "G"
      },
      {
        "state": "ACT",
        "price": "450",
        "price_per_unit": "100",
        "price_unit": "G"
      },
      {
        "state": "NT",
        "price": "475",
        "price_per_unit": "106",
        "price_unit": "G"
      }
    ]
  },
  {
    "source_url": "https://www.woolworths.com.au/shop/productdetails/250992/woolworths-cayenne-pepper",
    "name": "Woolworths Cayenne Pepper 30g",
    "image_url": "https://cdn1.woolworths.media/content/wowproductimages/large/250992.jpg",
    "source_id": "Woolworths - 250992",
    "barcode": "9300633927196",
    "category_id": "1_39FD49C",
    "shop": "Woolworths",
    "weight": "10G",
    "prices": [
      {
        "state": "NSW",
        "price": "300",
        "price_per_unit": "100",
        "price_unit": "G"
      },
      {
        "state": "VIC",
        "price": "300",
        "price_per_unit": "100",
        "price_unit": "G"
      },
      {
        "state": "QLD",
        "price": "300",
        "price_per_unit": "100",
        "price_unit": "G"
      },
      {
        "state": "WA",
        "price": "300",
        "price_per_unit": "100",
        "price_unit": "G"
      },
      {
        "state": "SA",
        "price": "300",
        "price_per_unit": "100",
        "price_unit": "G"
      },
      {
        "state": "TAS",
        "price": "300",
        "price_per_unit": "100",
        "price_unit": "G"
      },
      {
        "state": "ACT",
        "price": "300",
        "price_per_unit": "100",
        "price_unit": "G"
      }
    ]
  },
  {
    "source_url": "https://www.woolworths.com.au/shop/productdetails/250994/woolworths-chilli-flakes",
    "name": "Woolworths Chilli Flakes 23g",
    "image_url": "https://cdn1.woolworths.media/content/wowproductimages/large/250994.jpg",
    "source_id": "Woolworths - 250994",
    "barcode": "9300633927240",
    "category_id": "1_39FD49C",
    "shop": "Woolworths",
    "weight": "10G",
    "prices": [
      {
        "state": "NSW",
        "price": "230",
        "price_per_unit": "100",
        "price_unit": "G"
      },
      {
        "state": "VIC",
        "price": "230",
        "price_per_unit": "100",
        "price_unit": "G"
      },
      {
        "state": "QLD",
        "price": "230",
        "price_per_unit": "100",
        "price_unit": "G"
      },
      {
        "state": "WA",
        "price": "230",
        "price_per_unit": "100",
        "price_unit": "G"
      },
      {
        "state": "SA",
        "price": "230",
        "price_per_unit": "100",
        "price_unit": "G"
      },
      {
        "state": "TAS",
        "price": "230",
        "price_per_unit": "100",
        "price_unit": "G"
      },
      {
        "state": "ACT",
        "price": "230",
        "price_per_unit": "100",
        "price_unit": "G"
      },
      {
        "state": "NT",
        "price": "230",
        "price_per_unit": "100",
        "price_unit": "G"
      }
    ]
  },
  {
    "source_url": "https://www.woolworths.com.au/shop/productdetails/251000/woolworths-cinnamon-ground",
    "name": "Woolworths Cinnamon Ground 32g",
    "image_url": "https://cdn1.woolworths.media/content/wowproductimages/large/251000.jpg",
    "source_id": "Woolworths - 251000",
    "barcode": "9300633927356",
    "category_id": "1_39FD49C",
    "shop": "Woolworths",
    "weight": "10G",
    "prices": [
      {
        "state": "NSW",
        "price": "200",
        "price_per_unit": "63",
        "price_unit": "G"
      },
      {
        "state": "VIC",
        "price": "200",
        "price_per_unit": "63",
        "price_unit": "G"
      },
      {
        "state": "QLD",
        "price": "200",
        "price_per_unit": "63",
        "price_unit": "G"
      },
      {
        "state": "WA",
        "price": "200",
        "price_per_unit": "63",
        "price_unit": "G"
      },
      {
        "state": "SA",
        "price": "200",
        "price_per_unit": "63",
        "price_unit": "G"
      },
      {
        "state": "TAS",
        "price": "200",
        "price_per_unit": "63",
        "price_unit": "G"
      },
      {
        "state": "ACT",
        "price": "200",
        "price_per_unit": "63",
        "price_unit": "G"
      },
      {
        "state": "NT",
        "price": "200",
        "price_per_unit": "63",
        "price_unit": "G"
      }
    ]
  },
  {
    "source_url": "https://www.woolworths.com.au/shop/productdetails/251005/woolworths-coriander-seeds-ground",
    "name": "Woolworths Coriander Seeds Ground 20g",
    "image_url": "https://cdn1.woolworths.media/content/wowproductimages/large/251005.jpg",
    "source_id": "Woolworths - 251005",
    "barcode": "9300633927448",
    "category_id": "1_39FD49C",
    "shop": "Woolworths",
    "weight": "10G",
    "prices": [
      {
        "state": "NSW",
        "price": "140",
        "price_per_unit": "70",
        "price_unit": "G"
      },
      {
        "state": "VIC",
        "price": "140",
        "price_per_unit": "70",
        "price_unit": "G"
      },
      {
        "state": "QLD",
        "price": "140",
        "price_per_unit": "70",
        "price_unit": "G"
      },
      {
        "state": "WA",
        "price": "140",
        "price_per_unit": "70",
        "price_unit": "G"
      },
      {
        "state": "SA",
        "price": "140",
        "price_per_unit": "70",
        "price_unit": "G"
      },
      {
        "state": "TAS",
        "price": "140",
        "price_per_unit": "70",
        "price_unit": "G"
      },
      {
        "state": "ACT",
        "price": "140",
        "price_per_unit": "70",
        "price_unit": "G"
      },
      {
        "state": "NT",
        "price": "150",
        "price_per_unit": "75",
        "price_unit": "G"
      }
    ]
  },
  {
    "source_url": "https://www.woolworths.com.au/shop/productdetails/251007/woolworths-cumin-ground-ground",
    "name": "Woolworths Cumin Ground Ground 30g",
    "image_url": "https://cdn1.woolworths.media/content/wowproductimages/large/251007.jpg",
    "source_id": "Woolworths - 251007",
    "barcode": "9300633927462",
    "category_id": "1_39FD49C",
    "shop": "Woolworths",
    "weight": "10G",
    "prices": [
      {
        "state": "NSW",
        "price": "190",
        "price_per_unit": "63",
        "price_unit": "G"
      },
      {
        "state": "VIC",
        "price": "190",
        "price_per_unit": "63",
        "price_unit": "G"
      },
      {
        "state": "QLD",
        "price": "190",
        "price_per_unit": "63",
        "price_unit": "G"
      },
      {
        "state": "WA",
        "price": "190",
        "price_per_unit": "63",
        "price_unit": "G"
      },
      {
        "state": "SA",
        "price": "190",
        "price_per_unit": "63",
        "price_unit": "G"
      },
      {
        "state": "TAS",
        "price": "190",
        "price_per_unit": "63",
        "price_unit": "G"
      },
      {
        "state": "ACT",
        "price": "190",
        "price_per_unit": "63",
        "price_unit": "G"
      },
      {
        "state": "NT",
        "price": "190",
        "price_per_unit": "63",
        "price_unit": "G"
      }
    ]
  },
  {
    "source_url": "https://www.woolworths.com.au/shop/productdetails/251011/woolworths-fennel-seed-whole",
    "name": "Woolworths Fennel Seed Whole 26g",
    "image_url": "https://cdn1.woolworths.media/content/wowproductimages/large/251011.jpg",
    "source_id": "Woolworths - 251011",
    "barcode": "9300633927646",
    "category_id": "1_39FD49C",
    "shop": "Woolworths",
    "weight": "10G",
    "prices": [
      {
        "state": "NSW",
        "price": "270",
        "price_per_unit": "104",
        "price_unit": "G"
      },
      {
        "state": "VIC",
        "price": "270",
        "price_per_unit": "104",
        "price_unit": "G"
      },
      {
        "state": "QLD",
        "price": "270",
        "price_per_unit": "104",
        "price_unit": "G"
      },
      {
        "state": "WA",
        "price": "270",
        "price_per_unit": "104",
        "price_unit": "G"
      },
      {
        "state": "SA",
        "price": "270",
        "price_per_unit": "104",
        "price_unit": "G"
      },
      {
        "state": "TAS",
        "price": "270",
        "price_per_unit": "104",
        "price_unit": "G"
      },
      {
        "state": "ACT",
        "price": "270",
        "price_per_unit": "104",
        "price_unit": "G"
      },
      {
        "state": "NT",
        "price": "270",
        "price_per_unit": "104",
        "price_unit": "G"
      }
    ]
  },
  {
    "source_url": "https://www.woolworths.com.au/shop/productdetails/251020/woolworths-garlic-powder",
    "name": "Woolworths Garlic Powder 50g",
    "image_url": "https://cdn1.woolworths.media/content/wowproductimages/large/251020.jpg",
    "source_id": "Woolworths - 251020",
    "barcode": "9300633927714",
    "category_id": "1_39FD49C",
    "shop": "Woolworths",
    "weight": "10G",
    "prices": [
      {
        "state": "NSW",
        "price": "260",
        "price_per_unit": "52",
        "price_unit": "G"
      },
      {
        "state": "VIC",
        "price": "260",
        "price_per_unit": "52",
        "price_unit": "G"
      },
      {
        "state": "QLD",
        "price": "260",
        "price_per_unit": "52",
        "price_unit": "G"
      },
      {
        "state": "WA",
        "price": "260",
        "price_per_unit": "52",
        "price_unit": "G"
      },
      {
        "state": "SA",
        "price": "260",
        "price_per_unit": "52",
        "price_unit": "G"
      },
      {
        "state": "TAS",
        "price": "260",
        "price_per_unit": "52",
        "price_unit": "G"
      },
      {
        "state": "ACT",
        "price": "260",
        "price_per_unit": "52",
        "price_unit": "G"
      },
      {
        "state": "NT",
        "price": "260",
        "price_per_unit": "52",
        "price_unit": "G"
      }
    ]
  },
  {
    "source_url": "https://www.woolworths.com.au/shop/productdetails/251075/woolworths-italian-dried-herbs",
    "name": "Woolworths Italian Dried Herbs 10g",
    "image_url": "https://cdn1.woolworths.media/content/wowproductimages/large/251075.jpg",
    "source_id": "Woolworths - 251075",
    "barcode": "9300633927844",
    "category_id": "1_39FD49C",
    "shop": "Woolworths",
    "weight": "10G",
    "prices": [
      {
        "state": "NSW",
        "price": "270",
        "price_per_unit": "270",
        "price_unit": "G"
      },
      {
        "state": "VIC",
        "price": "270",
        "price_per_unit": "270",
        "price_unit": "G"
      },
      {
        "state": "QLD",
        "price": "270",
        "price_per_unit": "270",
        "price_unit": "G"
      },
      {
        "state": "WA",
        "price": "270",
        "price_per_unit": "270",
        "price_unit": "G"
      },
      {
        "state": "SA",
        "price": "270",
        "price_per_unit": "270",
        "price_unit": "G"
      },
      {
        "state": "TAS",
        "price": "270",
        "price_per_unit": "270",
        "price_unit": "G"
      },
      {
        "state": "ACT",
        "price": "270",
        "price_per_unit": "270",
        "price_unit": "G"
      },
      {
        "state": "NT",
        "price": "270",
        "price_per_unit": "270",
        "price_unit": "G"
      }
    ]
  },
  {
    "source_url": "https://www.woolworths.com.au/shop/productdetails/251123/woolworths-nutmeg-ground",
    "name": "Woolworths Nutmeg Ground 30g",
    "image_url": "https://cdn1.woolworths.media/content/wowproductimages/large/251123.jpg",
    "source_id": "Woolworths - 251123",
    "barcode": "9300633928407",
    "category_id": "1_39FD49C",
    "shop": "Woolworths",
    "weight": "10G",
    "prices": [
      {
        "state": "NSW",
        "price": "290",
        "price_per_unit": "97",
        "price_unit": "G"
      },
      {
        "state": "VIC",
        "price": "290",
        "price_per_unit": "97",
        "price_unit": "G"
      },
      {
        "state": "QLD",
        "price": "290",
        "price_per_unit": "97",
        "price_unit": "G"
      },
      {
        "state": "WA",
        "price": "290",
        "price_per_unit": "97",
        "price_unit": "G"
      },
      {
        "state": "SA",
        "price": "290",
        "price_per_unit": "97",
        "price_unit": "G"
      },
      {
        "state": "TAS",
        "price": "290",
        "price_per_unit": "97",
        "price_unit": "G"
      },
      {
        "state": "ACT",
        "price": "290",
        "price_per_unit": "97",
        "price_unit": "G"
      },
      {
        "state": "NT",
        "price": "305",
        "price_per_unit": "102",
        "price_unit": "G"
      }
    ]
  },
  {
    "source_url": "https://www.woolworths.com.au/shop/productdetails/647760/woolworths-onion-powder",
    "name": "Woolworths Onion Powder 38g",
    "image_url": "https://cdn1.woolworths.media/content/wowproductimages/large/647760.jpg",
    "source_id": "Woolworths - 647760",
    "barcode": "9300633687014",
    "category_id": "1_39FD49C",
    "shop": "Woolworths",
    "weight": "10G",
    "prices": [
      {
        "state": "NSW",
        "price": "250",
        "price_per_unit": "66",
        "price_unit": "G"
      },
      {
        "state": "VIC",
        "price": "250",
        "price_per_unit": "66",
        "price_unit": "G"
      },
      {
        "state": "QLD",
        "price": "250",
        "price_per_unit": "66",
        "price_unit": "G"
      },
      {
        "state": "WA",
        "price": "250",
        "price_per_unit": "66",
        "price_unit": "G"
      },
      {
        "state": "SA",
        "price": "250",
        "price_per_unit": "66",
        "price_unit": "G"
      },
      {
        "state": "TAS",
        "price": "250",
        "price_per_unit": "66",
        "price_unit": "G"
      },
      {
        "state": "ACT",
        "price": "250",
        "price_per_unit": "66",
        "price_unit": "G"
      },
      {
        "state": "NT",
        "price": "250",
        "price_per_unit": "66",
        "price_unit": "G"
      }
    ]
  },
  {
    "source_url": "https://www.woolworths.com.au/shop/productdetails/251127/woolworths-oregano-leaves",
    "name": "Woolworths Oregano Leaves 10g",
    "image_url": "https://cdn1.woolworths.media/content/wowproductimages/large/251127.jpg",
    "source_id": "Woolworths - 251127",
    "barcode": "9300633928445",
    "category_id": "1_39FD49C",
    "shop": "Woolworths",
    "weight": "10G",
    "prices": [
      {
        "state": "NSW",
        "price": "200",
        "price_per_unit": "200",
        "price_unit": "G"
      },
      {
        "state": "VIC",
        "price": "200",
        "price_per_unit": "200",
        "price_unit": "G"
      },
      {
        "state": "QLD",
        "price": "200",
        "price_per_unit": "200",
        "price_unit": "G"
      },
      {
        "state": "WA",
        "price": "200",
        "price_per_unit": "200",
        "price_unit": "G"
      },
      {
        "state": "SA",
        "price": "200",
        "price_per_unit": "200",
        "price_unit": "G"
      },
      {
        "state": "TAS",
        "price": "200",
        "price_per_unit": "200",
        "price_unit": "G"
      },
      {
        "state": "ACT",
        "price": "200",
        "price_per_unit": "200",
        "price_unit": "G"
      },
      {
        "state": "NT",
        "price": "200",
        "price_per_unit": "200",
        "price_unit": "G"
      }
    ]
  },
  {
    "source_url": "https://www.woolworths.com.au/shop/productdetails/251130/woolworths-paprika-ground",
    "name": "Woolworths Paprika Ground 30g",
    "image_url": "https://cdn1.woolworths.media/content/wowproductimages/large/251130.jpg",
    "source_id": "Woolworths - 251130",
    "barcode": "9300633928469",
    "category_id": "1_39FD49C",
    "shop": "Woolworths",
    "weight": "10G",
    "prices": [
      {
        "state": "NSW",
        "price": "180",
        "price_per_unit": "60",
        "price_unit": "G"
      },
      {
        "state": "VIC",
        "price": "180",
        "price_per_unit": "60",
        "price_unit": "G"
      },
      {
        "state": "QLD",
        "price": "180",
        "price_per_unit": "60",
        "price_unit": "G"
      },
      {
        "state": "WA",
        "price": "180",
        "price_per_unit": "60",
        "price_unit": "G"
      },
      {
        "state": "SA",
        "price": "180",
        "price_per_unit": "60",
        "price_unit": "G"
      },
      {
        "state": "TAS",
        "price": "180",
        "price_per_unit": "60",
        "price_unit": "G"
      },
      {
        "state": "ACT",
        "price": "180",
        "price_per_unit": "60",
        "price_unit": "G"
      },
      {
        "state": "NT",
        "price": "180",
        "price_per_unit": "60",
        "price_unit": "G"
      }
    ]
  },
  {
    "source_url": "https://www.woolworths.com.au/shop/productdetails/251131/woolworths-paprika-smoked",
    "name": "Woolworths Paprika Smoked 30g",
    "image_url": "https://cdn1.woolworths.media/content/wowproductimages/large/251131.jpg",
    "source_id": "Woolworths - 251131",
    "barcode": "9300633928476",
    "category_id": "1_39FD49C",
    "shop": "Woolworths",
    "weight": "10G",
    "prices": [
      {
        "state": "NSW",
        "price": "275",
        "price_per_unit": "92",
        "price_unit": "G"
      },
      {
        "state": "VIC",
        "price": "275",
        "price_per_unit": "92",
        "price_unit": "G"
      },
      {
        "state": "QLD",
        "price": "275",
        "price_per_unit": "92",
        "price_unit": "G"
      },
      {
        "state": "WA",
        "price": "275",
        "price_per_unit": "92",
        "price_unit": "G"
      },
      {
        "state": "SA",
        "price": "275",
        "price_per_unit": "92",
        "price_unit": "G"
      },
      {
        "state": "TAS",
        "price": "275",
        "price_per_unit": "92",
        "price_unit": "G"
      },
      {
        "state": "ACT",
        "price": "275",
        "price_per_unit": "92",
        "price_unit": "G"
      },
      {
        "state": "NT",
        "price": "285",
        "price_per_unit": "95",
        "price_unit": "G"
      }
    ]
  },
  {
    "source_url": "https://www.woolworths.com.au/shop/productdetails/251228/woolworths-thyme-leaves",
    "name": "Woolworths Thyme Leaves 12g",
    "image_url": "https://cdn1.woolworths.media/content/wowproductimages/large/251228.jpg",
    "source_id": "Woolworths - 251228",
    "barcode": "9300633929022",
    "category_id": "1_39FD49C",
    "shop": "Woolworths",
    "weight": "10G",
    "prices": [
      {
        "state": "NSW",
        "price": "135",
        "price_per_unit": "113",
        "price_unit": "G"
      },
      {
        "state": "VIC",
        "price": "135",
        "price_per_unit": "113",
        "price_unit": "G"
      },
      {
        "state": "QLD",
        "price": "135",
        "price_per_unit": "113",
        "price_unit": "G"
      },
      {
        "state": "WA",
        "price": "135",
        "price_per_unit": "113",
        "price_unit": "G"
      },
      {
        "state": "SA",
        "price": "135",
        "price_per_unit": "113",
        "price_unit": "G"
      },
      {
        "state": "TAS",
        "price": "135",
        "price_per_unit": "113",
        "price_unit": "G"
      },
      {
        "state": "ACT",
        "price": "135",
        "price_per_unit": "113",
        "price_unit": "G"
      },
      {
        "state": "NT",
        "price": "135",
        "price_per_unit": "113",
        "price_unit": "G"
      }
    ]
  },
  {
    "source_url": "https://www.woolworths.com.au/shop/productdetails/251230/woolworths-turmeric-ground-ground",
    "name": "Woolworths Turmeric Ground 30g",
    "image_url": "https://cdn1.woolworths.media/content/wowproductimages/large/251230.jpg",
    "source_id": "Woolworths - 251230",
    "barcode": "9300633929039",
    "category_id": "1_39FD49C",
    "shop": "Woolworths",
    "weight": "10G",
    "prices": [
      {
        "state": "NSW",
        "price": "165",
        "price_per_unit": "55",
        "price_unit": "G"
      },
      {
        "state": "VIC",
        "price": "165",
        "price_per_unit": "55",
        "price_unit": "G"
      },
      {
        "state": "QLD",
        "price": "165",
        "price_per_unit": "55",
        "price_unit": "G"
      },
      {
        "state": "WA",
        "price": "165",
        "price_per_unit": "55",
        "price_unit": "G"
      },
      {
        "state": "SA",
        "price": "165",
        "price_per_unit": "55",
        "price_unit": "G"
      },
      {
        "state": "TAS",
        "price": "165",
        "price_per_unit": "55",
        "price_unit": "G"
      },
      {
        "state": "ACT",
        "price": "165",
        "price_per_unit": "55",
        "price_unit": "G"
      },
      {
        "state": "NT",
        "price": "165",
        "price_per_unit": "55",
        "price_unit": "G"
      }
    ]
  },
  {
    "source_url": "https://www.woolworths.com.au/shop/productdetails/827884/clive-of-india-hot-madras-curry-powder",
    "name": "Clive Of India Hot Madras Curry Powder 50g",
    "image_url": "https://cdn1.woolworths.media/content/wowproductimages/large/827884.jpg",
    "source_id": "Woolworths - 827884",
    "barcode": "9310061061201",
    "category_id": "1_39FD49C",
    "shop": "Woolworths",
    "weight": "10G",
    "prices": [
      {
        "state": "VIC",
        "price": "280",
        "price_per_unit": "56",
        "price_unit": "G"
      },
      {
        "state": "QLD",
        "price": "280",
        "price_per_unit": "56",
        "price_unit": "G"
      },
      {
        "state": "SA",
        "price": "280",
        "price_per_unit": "56",
        "price_unit": "G"
      },
      {
        "state": "TAS",
        "price": "280",
        "price_per_unit": "56",
        "price_unit": "G"
      },
      {
        "state": "ACT",
        "price": "280",
        "price_per_unit": "56",
        "price_unit": "G"
      },
      {
        "state": "NT",
        "price": "295",
        "price_per_unit": "59",
        "price_unit": "G"
      }
    ]
  },
  {
    "source_url": "https://www.woolworths.com.au/shop/productdetails/57478/deliciou-bacon-seasoning-original-original",
    "name": "Deliciou Bacon Seasoning Original Original 55g",
    "image_url": "https://cdn1.woolworths.media/content/wowproductimages/large/057478.jpg",
    "source_id": "Woolworths - 57478",
    "barcode": "9353323000402",
    "category_id": "1_39FD49C",
    "shop": "Woolworths",
    "weight": "10G",
    "prices": [
      {
        "state": "VIC",
        "price": "750",
        "price_per_unit": "136",
        "price_unit": "G"
      },
      {
        "state": "QLD",
        "price": "750",
        "price_per_unit": "136",
        "price_unit": "G"
      },
      {
        "state": "WA",
        "price": "750",
        "price_per_unit": "136",
        "price_unit": "G"
      },
      {
        "state": "SA",
        "price": "750",
        "price_per_unit": "136",
        "price_unit": "G"
      },
      {
        "state": "TAS",
        "price": "750",
        "price_per_unit": "136",
        "price_unit": "G"
      },
      {
        "state": "ACT",
        "price": "750",
        "price_per_unit": "136",
        "price_unit": "G"
      },
      {
        "state": "NT",
        "price": "790",
        "price_per_unit": "144",
        "price_unit": "G"
      }
    ]
  },
  {
    "source_url": "https://www.woolworths.com.au/shop/productdetails/94627/hoyt-s-basil",
    "name": "Hoyt's Basil 15G",
    "image_url": "https://cdn1.woolworths.media/content/wowproductimages/large/094627.jpg",
    "source_id": "Woolworths - 94627",
    "barcode": "9300725001032",
    "category_id": "1_39FD49C",
    "shop": "Woolworths",
    "weight": "10G",
    "prices": [
      {
        "state": "VIC",
        "price": "215",
        "price_per_unit": "143",
        "price_unit": "G"
      },
      {
        "state": "QLD",
        "price": "215",
        "price_per_unit": "143",
        "price_unit": "G"
      },
      {
        "state": "SA",
        "price": "215",
        "price_per_unit": "143",
        "price_unit": "G"
      },
      {
        "state": "TAS",
        "price": "215",
        "price_per_unit": "143",
        "price_unit": "G"
      },
      {
        "state": "ACT",
        "price": "215",
        "price_per_unit": "143",
        "price_unit": "G"
      },
      {
        "state": "NT",
        "price": "230",
        "price_per_unit": "153",
        "price_unit": "G"
      }
    ]
  },
  {
    "source_url": "https://www.woolworths.com.au/shop/productdetails/46787/hoyt-s-bouquet-garni",
    "name": "Hoyt's Bouquet Garni 5g",
    "image_url": "https://cdn1.woolworths.media/content/wowproductimages/large/046787.jpg",
    "source_id": "Woolworths - 46787",
    "barcode": "9300725002978",
    "category_id": "1_39FD49C",
    "shop": "Woolworths",
    "weight": "10G",
    "prices": [
      {
        "state": "VIC",
        "price": "260",
        "price_per_unit": "520",
        "price_unit": "G"
      },
      {
        "state": "QLD",
        "price": "260",
        "price_per_unit": "520",
        "price_unit": "G"
      },
      {
        "state": "SA",
        "price": "260",
        "price_per_unit": "520",
        "price_unit": "G"
      },
      {
        "state": "TAS",
        "price": "260",
        "price_per_unit": "520",
        "price_unit": "G"
      },
      {
        "state": "ACT",
        "price": "260",
        "price_per_unit": "520",
        "price_unit": "G"
      },
      {
        "state": "NT",
        "price": "275",
        "price_per_unit": "550",
        "price_unit": "G"
      }
    ]
  },
  {
    "source_url": "https://www.woolworths.com.au/shop/productdetails/94628/hoyt-s-caraway-seeds",
    "name": "Hoyt's Caraway Seeds 15G",
    "image_url": "https://cdn1.woolworths.media/content/wowproductimages/large/094628.jpg",
    "source_id": "Woolworths - 94628",
    "barcode": "9300725001049",
    "category_id": "1_39FD49C",
    "shop": "Woolworths",
    "weight": "10G",
    "prices": [
      {
        "state": "VIC",
        "price": "180",
        "price_per_unit": "120",
        "price_unit": "G"
      },
      {
        "state": "QLD",
        "price": "180",
        "price_per_unit": "120",
        "price_unit": "G"
      },
      {
        "state": "SA",
        "price": "180",
        "price_per_unit": "120",
        "price_unit": "G"
      },
      {
        "state": "TAS",
        "price": "180",
        "price_per_unit": "120",
        "price_unit": "G"
      },
      {
        "state": "ACT",
        "price": "180",
        "price_per_unit": "120",
        "price_unit": "G"
      },
      {
        "state": "NT",
        "price": "190",
        "price_per_unit": "127",
        "price_unit": "G"
      }
    ]
  },
  {
    "source_url": "https://www.woolworths.com.au/shop/productdetails/210357/hoyt-s-cardamom-pods",
    "name": "Hoyt's Cardamom Pods 10G",
    "image_url": "https://cdn1.woolworths.media/content/wowproductimages/large/210357.jpg",
    "source_id": "Woolworths - 210357",
    "barcode": "9300725003210",
    "category_id": "1_39FD49C",
    "shop": "Woolworths",
    "weight": "10G",
    "prices": [
      {
        "state": "VIC",
        "price": "310",
        "price_per_unit": "310",
        "price_unit": "G"
      },
      {
        "state": "QLD",
        "price": "310",
        "price_per_unit": "310",
        "price_unit": "G"
      },
      {
        "state": "SA",
        "price": "310",
        "price_per_unit": "310",
        "price_unit": "G"
      },
      {
        "state": "TAS",
        "price": "310",
        "price_per_unit": "310",
        "price_unit": "G"
      },
      {
        "state": "ACT",
        "price": "310",
        "price_per_unit": "310",
        "price_unit": "G"
      },
      {
        "state": "NT",
        "price": "325",
        "price_per_unit": "325",
        "price_unit": "G"
      }
    ]
  },
  {
    "source_url": "https://www.woolworths.com.au/shop/productdetails/94629/hoyt-s-cayenne-pepper",
    "name": "Hoyt's Cayenne Pepper 50G",
    "image_url": "https://cdn1.woolworths.media/content/wowproductimages/large/094629.jpg",
    "source_id": "Woolworths - 94629",
    "barcode": "9300725001063",
    "category_id": "1_39FD49C",
    "shop": "Woolworths",
    "weight": "10G",
    "prices": [
      {
        "state": "VIC",
        "price": "200",
        "price_per_unit": "40",
        "price_unit": "G"
      },
      {
        "state": "QLD",
        "price": "200",
        "price_per_unit": "40",
        "price_unit": "G"
      },
      {
        "state": "SA",
        "price": "200",
        "price_per_unit": "40",
        "price_unit": "G"
      },
      {
        "state": "TAS",
        "price": "200",
        "price_per_unit": "40",
        "price_unit": "G"
      },
      {
        "state": "ACT",
        "price": "200",
        "price_per_unit": "40",
        "price_unit": "G"
      },
      {
        "state": "NT",
        "price": "210",
        "price_per_unit": "42",
        "price_unit": "G"
      }
    ]
  },
  {
    "source_url": "https://www.woolworths.com.au/shop/productdetails/97190/hoyt-s-chilli-dry",
    "name": "Hoyt's Chilli Dry 25G",
    "image_url": "https://cdn1.woolworths.media/content/wowproductimages/large/097190.jpg",
    "source_id": "Woolworths - 97190",
    "barcode": "9300725001704",
    "category_id": "1_39FD49C",
    "shop": "Woolworths",
    "weight": "10G",
    "prices": [
      {
        "state": "VIC",
        "price": "220",
        "price_per_unit": "88",
        "price_unit": "G"
      },
      {
        "state": "QLD",
        "price": "220",
        "price_per_unit": "88",
        "price_unit": "G"
      },
      {
        "state": "SA",
        "price": "220",
        "price_per_unit": "88",
        "price_unit": "G"
      },
      {
        "state": "TAS",
        "price": "220",
        "price_per_unit": "88",
        "price_unit": "G"
      },
      {
        "state": "ACT",
        "price": "220",
        "price_per_unit": "88",
        "price_unit": "G"
      },
      {
        "state": "NT",
        "price": "235",
        "price_per_unit": "94",
        "price_unit": "G"
      }
    ]
  },
  {
    "source_url": "https://www.woolworths.com.au/shop/productdetails/94630/hoyt-s-chilli-powder",
    "name": "Hoyt's Chilli Powder 50G",
    "image_url": "https://cdn1.woolworths.media/content/wowproductimages/large/094630.jpg",
    "source_id": "Woolworths - 94630",
    "barcode": "9300725001094",
    "category_id": "1_39FD49C",
    "shop": "Woolworths",
    "weight": "10G",
    "prices": [
      {
        "state": "VIC",
        "price": "200",
        "price_per_unit": "40",
        "price_unit": "G"
      },
      {
        "state": "QLD",
        "price": "200",
        "price_per_unit": "40",
        "price_unit": "G"
      },
      {
        "state": "SA",
        "price": "200",
        "price_per_unit": "40",
        "price_unit": "G"
      },
      {
        "state": "TAS",
        "price": "200",
        "price_per_unit": "40",
        "price_unit": "G"
      },
      {
        "state": "ACT",
        "price": "200",
        "price_per_unit": "40",
        "price_unit": "G"
      },
      {
        "state": "NT",
        "price": "210",
        "price_per_unit": "42",
        "price_unit": "G"
      }
    ]
  },
  {
    "source_url": "https://www.woolworths.com.au/shop/productdetails/94631/hoyt-s-chives",
    "name": "Hoyt's Chives 15G",
    "image_url": "https://cdn1.woolworths.media/content/wowproductimages/large/094631.jpg",
    "source_id": "Woolworths - 94631",
    "barcode": "9300725001100",
    "category_id": "1_39FD49C",
    "shop": "Woolworths",
    "weight": "10G",
    "prices": [
      {
        "state": "VIC",
        "price": "240",
        "price_per_unit": "160",
        "price_unit": "G"
      },
      {
        "state": "QLD",
        "price": "240",
        "price_per_unit": "160",
        "price_unit": "G"
      },
      {
        "state": "SA",
        "price": "240",
        "price_per_unit": "160",
        "price_unit": "G"
      },
      {
        "state": "TAS",
        "price": "240",
        "price_per_unit": "160",
        "price_unit": "G"
      },
      {
        "state": "ACT",
        "price": "240",
        "price_per_unit": "160",
        "price_unit": "G"
      },
      {
        "state": "NT",
        "price": "255",
        "price_per_unit": "170",
        "price_unit": "G"
      }
    ]
  },
  {
    "source_url": "https://www.woolworths.com.au/shop/productdetails/249587/hoyt-s-cinnamon-dutch-ground",
    "name": "Hoyt's Cinnamon Dutch Ground 150G",
    "image_url": "https://cdn1.woolworths.media/content/wowproductimages/large/249587.jpg",
    "source_id": "Woolworths - 249587",
    "barcode": "9300725011536",
    "category_id": "1_39FD49C",
    "shop": "Woolworths",
    "weight": "10G",
    "prices": [
      {
        "state": "VIC",
        "price": "495",
        "price_per_unit": "33",
        "price_unit": "G"
      },
      {
        "state": "QLD",
        "price": "495",
        "price_per_unit": "33",
        "price_unit": "G"
      },
      {
        "state": "WA",
        "price": "495",
        "price_per_unit": "33",
        "price_unit": "G"
      },
      {
        "state": "SA",
        "price": "495",
        "price_per_unit": "33",
        "price_unit": "G"
      },
      {
        "state": "TAS",
        "price": "495",
        "price_per_unit": "33",
        "price_unit": "G"
      },
      {
        "state": "ACT",
        "price": "495",
        "price_per_unit": "33",
        "price_unit": "G"
      },
      {
        "state": "NT",
        "price": "520",
        "price_per_unit": "35",
        "price_unit": "G"
      }
    ]
  },
  {
    "source_url": "https://www.woolworths.com.au/shop/productdetails/94632/hoyt-s-cinnamon-dutch-ground",
    "name": "Hoyt's Cinnamon Dutch Ground 25G",
    "image_url": "https://cdn1.woolworths.media/content/wowproductimages/large/094632.jpg",
    "source_id": "Woolworths - 94632",
    "barcode": "9300725001117",
    "category_id": "1_39FD49C",
    "shop": "Woolworths",
    "weight": "10G",
    "prices": [
      {
        "state": "VIC",
        "price": "180",
        "price_per_unit": "72",
        "price_unit": "G"
      },
      {
        "state": "QLD",
        "price": "180",
        "price_per_unit": "72",
        "price_unit": "G"
      },
      {
        "state": "SA",
        "price": "180",
        "price_per_unit": "72",
        "price_unit": "G"
      },
      {
        "state": "TAS",
        "price": "180",
        "price_per_unit": "72",
        "price_unit": "G"
      },
      {
        "state": "ACT",
        "price": "180",
        "price_per_unit": "72",
        "price_unit": "G"
      },
      {
        "state": "NT",
        "price": "190",
        "price_per_unit": "76",
        "price_unit": "G"
      }
    ]
  },
  {
    "source_url": "https://www.woolworths.com.au/shop/productdetails/574874/hoyt-s-cinnamon-sticks",
    "name": "Hoyt's Cinnamon Sticks 45G",
    "image_url": "https://cdn1.woolworths.media/content/wowproductimages/large/574874.jpg",
    "source_id": "Woolworths - 574874",
    "barcode": "9300725012625",
    "category_id": "1_39FD49C",
    "shop": "Woolworths",
    "weight": "10G",
    "prices": [
      {
        "state": "VIC",
        "price": "600",
        "price_per_unit": "133",
        "price_unit": "G"
      },
      {
        "state": "QLD",
        "price": "600",
        "price_per_unit": "133",
        "price_unit": "G"
      },
      {
        "state": "WA",
        "price": "600",
        "price_per_unit": "133",
        "price_unit": "G"
      },
      {
        "state": "SA",
        "price": "600",
        "price_per_unit": "133",
        "price_unit": "G"
      },
      {
        "state": "TAS",
        "price": "600",
        "price_per_unit": "133",
        "price_unit": "G"
      },
      {
        "state": "ACT",
        "price": "600",
        "price_per_unit": "133",
        "price_unit": "G"
      },
      {
        "state": "NT",
        "price": "630",
        "price_per_unit": "140",
        "price_unit": "G"
      }
    ]
  },
  {
    "source_url": "https://www.woolworths.com.au/shop/productdetails/716793/hoyt-s-cinnamon-sugar",
    "name": "Hoyt's Cinnamon Sugar 70G",
    "image_url": "https://cdn1.woolworths.media/content/wowproductimages/large/716793.jpg",
    "source_id": "Woolworths - 716793",
    "barcode": "9300725012328",
    "category_id": "1_39FD49C",
    "shop": "Woolworths",
    "weight": "10G",
    "prices": [
      {
        "state": "VIC",
        "price": "230",
        "price_per_unit": "33",
        "price_unit": "G"
      },
      {
        "state": "QLD",
        "price": "230",
        "price_per_unit": "33",
        "price_unit": "G"
      },
      {
        "state": "SA",
        "price": "230",
        "price_per_unit": "33",
        "price_unit": "G"
      },
      {
        "state": "TAS",
        "price": "230",
        "price_per_unit": "33",
        "price_unit": "G"
      },
      {
        "state": "ACT",
        "price": "230",
        "price_per_unit": "33",
        "price_unit": "G"
      },
      {
        "state": "NT",
        "price": "245",
        "price_per_unit": "35",
        "price_unit": "G"
      }
    ]
  },
  {
    "source_url": "https://www.woolworths.com.au/shop/productdetails/94634/hoyt-s-cloves-whole",
    "name": "Hoyt's Cloves Whole 15G",
    "image_url": "https://cdn1.woolworths.media/content/wowproductimages/large/094634.jpg",
    "source_id": "Woolworths - 94634",
    "barcode": "9300725001131",
    "category_id": "1_39FD49C",
    "shop": "Woolworths",
    "weight": "10G",
    "prices": [
      {
        "state": "VIC",
        "price": "200",
        "price_per_unit": "133",
        "price_unit": "G"
      },
      {
        "state": "QLD",
        "price": "200",
        "price_per_unit": "133",
        "price_unit": "G"
      },
      {
        "state": "WA",
        "price": "200",
        "price_per_unit": "133",
        "price_unit": "G"
      },
      {
        "state": "SA",
        "price": "200",
        "price_per_unit": "133",
        "price_unit": "G"
      },
      {
        "state": "TAS",
        "price": "200",
        "price_per_unit": "133",
        "price_unit": "G"
      },
      {
        "state": "ACT",
        "price": "200",
        "price_per_unit": "133",
        "price_unit": "G"
      },
      {
        "state": "NT",
        "price": "210",
        "price_per_unit": "140",
        "price_unit": "G"
      }
    ]
  },
  {
    "source_url": "https://www.woolworths.com.au/shop/productdetails/94635/hoyt-s-coriander-ground",
    "name": "Hoyt's Coriander Ground 25G",
    "image_url": "https://cdn1.woolworths.media/content/wowproductimages/large/094635.jpg",
    "source_id": "Woolworths - 94635",
    "barcode": "9300725001636",
    "category_id": "1_39FD49C",
    "shop": "Woolworths",
    "weight": "10G",
    "prices": [
      {
        "state": "VIC",
        "price": "195",
        "price_per_unit": "78",
        "price_unit": "G"
      },
      {
        "state": "QLD",
        "price": "195",
        "price_per_unit": "78",
        "price_unit": "G"
      },
      {
        "state": "SA",
        "price": "195",
        "price_per_unit": "78",
        "price_unit": "G"
      },
      {
        "state": "TAS",
        "price": "195",
        "price_per_unit": "78",
        "price_unit": "G"
      },
      {
        "state": "ACT",
        "price": "195",
        "price_per_unit": "78",
        "price_unit": "G"
      },
      {
        "state": "NT",
        "price": "205",
        "price_per_unit": "82",
        "price_unit": "G"
      }
    ]
  },
  {
    "source_url": "https://www.woolworths.com.au/shop/productdetails/20399/hoyt-s-coriander-seed-whole",
    "name": "Hoyt's Coriander Seed Whole 25G",
    "image_url": "https://cdn1.woolworths.media/content/wowproductimages/large/020399.jpg",
    "source_id": "Woolworths - 20399",
    "barcode": "9300725001148",
    "category_id": "1_39FD49C",
    "shop": "Woolworths",
    "weight": "10G",
    "prices": [
      {
        "state": "VIC",
        "price": "155",
        "price_per_unit": "62",
        "price_unit": "G"
      },
      {
        "state": "QLD",
        "price": "155",
        "price_per_unit": "62",
        "price_unit": "G"
      },
      {
        "state": "SA",
        "price": "155",
        "price_per_unit": "62",
        "price_unit": "G"
      },
      {
        "state": "TAS",
        "price": "155",
        "price_per_unit": "62",
        "price_unit": "G"
      },
      {
        "state": "ACT",
        "price": "155",
        "price_per_unit": "62",
        "price_unit": "G"
      },
      {
        "state": "NT",
        "price": "165",
        "price_per_unit": "66",
        "price_unit": "G"
      }
    ]
  },
  {
    "source_url": "https://www.woolworths.com.au/shop/productdetails/20380/hoyt-s-cumin-seeds-whole",
    "name": "Hoyt's Cumin Seeds Whole 25G",
    "image_url": "https://cdn1.woolworths.media/content/wowproductimages/large/020380.jpg",
    "source_id": "Woolworths - 20380",
    "barcode": "9300725001155",
    "category_id": "1_39FD49C",
    "shop": "Woolworths",
    "weight": "10G",
    "prices": [
      {
        "state": "VIC",
        "price": "225",
        "price_per_unit": "90",
        "price_unit": "G"
      },
      {
        "state": "QLD",
        "price": "225",
        "price_per_unit": "90",
        "price_unit": "G"
      },
      {
        "state": "SA",
        "price": "225",
        "price_per_unit": "90",
        "price_unit": "G"
      },
      {
        "state": "TAS",
        "price": "225",
        "price_per_unit": "90",
        "price_unit": "G"
      },
      {
        "state": "ACT",
        "price": "225",
        "price_per_unit": "90",
        "price_unit": "G"
      },
      {
        "state": "NT",
        "price": "240",
        "price_per_unit": "96",
        "price_unit": "G"
      }
    ]
  },
  {
    "source_url": "https://www.woolworths.com.au/shop/productdetails/716890/hoyt-s-curry-powder-mild",
    "name": "Hoyt's Curry Powder Mild 50G",
    "image_url": "https://cdn1.woolworths.media/content/wowproductimages/large/716890.jpg",
    "source_id": "Woolworths - 716890",
    "barcode": "9300725002213",
    "category_id": "1_39FD49C",
    "shop": "Woolworths",
    "weight": "10G",
    "prices": [
      {
        "state": "VIC",
        "price": "230",
        "price_per_unit": "46",
        "price_unit": "G"
      },
      {
        "state": "QLD",
        "price": "230",
        "price_per_unit": "46",
        "price_unit": "G"
      },
      {
        "state": "SA",
        "price": "230",
        "price_per_unit": "46",
        "price_unit": "G"
      },
      {
        "state": "TAS",
        "price": "230",
        "price_per_unit": "46",
        "price_unit": "G"
      },
      {
        "state": "ACT",
        "price": "230",
        "price_per_unit": "46",
        "price_unit": "G"
      },
      {
        "state": "NT",
        "price": "245",
        "price_per_unit": "49",
        "price_unit": "G"
      }
    ]
  },
  {
    "source_url": "https://www.woolworths.com.au/shop/productdetails/226931/hoyt-s-garam-masala",
    "name": "Hoyt's Garam Masala 25G",
    "image_url": "https://cdn1.woolworths.media/content/wowproductimages/large/226931.jpg",
    "source_id": "Woolworths - 226931",
    "barcode": "9300725002077",
    "category_id": "1_39FD49C",
    "shop": "Woolworths",
    "weight": "10G",
    "prices": [
      {
        "state": "VIC",
        "price": "260",
        "price_per_unit": "104",
        "price_unit": "G"
      },
      {
        "state": "QLD",
        "price": "260",
        "price_per_unit": "104",
        "price_unit": "G"
      },
      {
        "state": "SA",
        "price": "260",
        "price_per_unit": "104",
        "price_unit": "G"
      },
      {
        "state": "TAS",
        "price": "260",
        "price_per_unit": "104",
        "price_unit": "G"
      },
      {
        "state": "ACT",
        "price": "260",
        "price_per_unit": "104",
        "price_unit": "G"
      },
      {
        "state": "NT",
        "price": "275",
        "price_per_unit": "110",
        "price_unit": "G"
      }
    ]
  },
  {
    "source_url": "https://www.woolworths.com.au/shop/productdetails/70288/hoyt-s-garlic-granules",
    "name": "Hoyt's Garlic Granules 40G",
    "image_url": "https://cdn1.woolworths.media/content/wowproductimages/large/070288.jpg",
    "source_id": "Woolworths - 70288",
    "barcode": "9300725001223",
    "category_id": "1_39FD49C",
    "shop": "Woolworths",
    "weight": "10G",
    "prices": [
      {
        "state": "VIC",
        "price": "220",
        "price_per_unit": "55",
        "price_unit": "G"
      },
      {
        "state": "QLD",
        "price": "220",
        "price_per_unit": "55",
        "price_unit": "G"
      },
      {
        "state": "SA",
        "price": "220",
        "price_per_unit": "55",
        "price_unit": "G"
      },
      {
        "state": "TAS",
        "price": "220",
        "price_per_unit": "55",
        "price_unit": "G"
      },
      {
        "state": "ACT",
        "price": "220",
        "price_per_unit": "55",
        "price_unit": "G"
      },
      {
        "state": "NT",
        "price": "235",
        "price_per_unit": "59",
        "price_unit": "G"
      }
    ]
  },
  {
    "source_url": "https://www.woolworths.com.au/shop/productdetails/94637/hoyt-s-garlic-powder",
    "name": "Hoyt's Garlic Powder 25G",
    "image_url": "https://cdn1.woolworths.media/content/wowproductimages/large/094637.jpg",
    "source_id": "Woolworths - 94637",
    "barcode": "9300725001193",
    "category_id": "1_39FD49C",
    "shop": "Woolworths",
    "weight": "10G",
    "prices": [
      {
        "state": "VIC",
        "price": "160",
        "price_per_unit": "64",
        "price_unit": "G"
      },
      {
        "state": "QLD",
        "price": "160",
        "price_per_unit": "64",
        "price_unit": "G"
      },
      {
        "state": "SA",
        "price": "160",
        "price_per_unit": "64",
        "price_unit": "G"
      },
      {
        "state": "TAS",
        "price": "160",
        "price_per_unit": "64",
        "price_unit": "G"
      },
      {
        "state": "ACT",
        "price": "160",
        "price_per_unit": "64",
        "price_unit": "G"
      },
      {
        "state": "NT",
        "price": "170",
        "price_per_unit": "68",
        "price_unit": "G"
      }
    ]
  },
  {
    "source_url": "https://www.woolworths.com.au/shop/productdetails/55377/hoyt-s-ginger-ground",
    "name": "Hoyt's Ginger Ground 50G",
    "image_url": "https://cdn1.woolworths.media/content/wowproductimages/large/055377.jpg",
    "source_id": "Woolworths - 55377",
    "barcode": "9300725001667",
    "category_id": "1_39FD49C",
    "shop": "Woolworths",
    "weight": "10G",
    "prices": [
      {
        "state": "VIC",
        "price": "440",
        "price_per_unit": "88",
        "price_unit": "G"
      },
      {
        "state": "QLD",
        "price": "440",
        "price_per_unit": "88",
        "price_unit": "G"
      },
      {
        "state": "SA",
        "price": "440",
        "price_per_unit": "88",
        "price_unit": "G"
      },
      {
        "state": "TAS",
        "price": "440",
        "price_per_unit": "88",
        "price_unit": "G"
      },
      {
        "state": "ACT",
        "price": "440",
        "price_per_unit": "88",
        "price_unit": "G"
      },
      {
        "state": "NT",
        "price": "460",
        "price_per_unit": "92",
        "price_unit": "G"
      }
    ]
  },
  {
    "source_url": "https://www.woolworths.com.au/shop/productdetails/210354/hoyt-s-italian-herb-mix",
    "name": "Hoyt's Italian Herb Mix 35G",
    "image_url": "https://cdn1.woolworths.media/content/wowproductimages/large/210354.jpg",
    "source_id": "Woolworths - 210354",
    "barcode": "9300725007911",
    "category_id": "1_39FD49C",
    "shop": "Woolworths",
    "weight": "10G",
    "prices": [
      {
        "state": "VIC",
        "price": "320",
        "price_per_unit": "91",
        "price_unit": "G"
      },
      {
        "state": "QLD",
        "price": "320",
        "price_per_unit": "91",
        "price_unit": "G"
      },
      {
        "state": "SA",
        "price": "320",
        "price_per_unit": "91",
        "price_unit": "G"
      },
      {
        "state": "TAS",
        "price": "320",
        "price_per_unit": "91",
        "price_unit": "G"
      },
      {
        "state": "ACT",
        "price": "320",
        "price_per_unit": "91",
        "price_unit": "G"
      },
      {
        "state": "NT",
        "price": "340",
        "price_per_unit": "97",
        "price_unit": "G"
      }
    ]
  },
  {
    "source_url": "https://www.woolworths.com.au/shop/productdetails/94640/hoyt-s-mixed-herbs",
    "name": "Hoyt's Mixed Herbs 25G",
    "image_url": "https://cdn1.woolworths.media/content/wowproductimages/large/094640.jpg",
    "source_id": "Woolworths - 94640",
    "barcode": "9300725001261",
    "category_id": "1_39FD49C",
    "shop": "Woolworths",
    "weight": "10G",
    "prices": [
      {
        "state": "VIC",
        "price": "195",
        "price_per_unit": "78",
        "price_unit": "G"
      },
      {
        "state": "QLD",
        "price": "195",
        "price_per_unit": "78",
        "price_unit": "G"
      },
      {
        "state": "SA",
        "price": "195",
        "price_per_unit": "78",
        "price_unit": "G"
      },
      {
        "state": "TAS",
        "price": "195",
        "price_per_unit": "78",
        "price_unit": "G"
      },
      {
        "state": "ACT",
        "price": "195",
        "price_per_unit": "78",
        "price_unit": "G"
      },
      {
        "state": "NT",
        "price": "205",
        "price_per_unit": "82",
        "price_unit": "G"
      }
    ]
  },
  {
    "source_url": "https://www.woolworths.com.au/shop/productdetails/33287/hoyt-s-mixed-herbs",
    "name": "Hoyt's Mixed Herbs 70G",
    "image_url": "https://cdn1.woolworths.media/content/wowproductimages/large/033287.jpg",
    "source_id": "Woolworths - 33287",
    "barcode": "9300725002305",
    "category_id": "1_39FD49C",
    "shop": "Woolworths",
    "weight": "10G",
    "prices": [
      {
        "state": "VIC",
        "price": "380",
        "price_per_unit": "54",
        "price_unit": "G"
      },
      {
        "state": "QLD",
        "price": "380",
        "price_per_unit": "54",
        "price_unit": "G"
      },
      {
        "state": "WA",
        "price": "380",
        "price_per_unit": "54",
        "price_unit": "G"
      },
      {
        "state": "SA",
        "price": "380",
        "price_per_unit": "54",
        "price_unit": "G"
      },
      {
        "state": "TAS",
        "price": "380",
        "price_per_unit": "54",
        "price_unit": "G"
      },
      {
        "state": "ACT",
        "price": "380",
        "price_per_unit": "54",
        "price_unit": "G"
      },
      {
        "state": "NT",
        "price": "400",
        "price_per_unit": "57",
        "price_unit": "G"
      }
    ]
  },
  {
    "source_url": "https://www.woolworths.com.au/shop/productdetails/94641/hoyt-s-mixed-spice",
    "name": "Hoyt's Mixed Spice 25G",
    "image_url": "https://cdn1.woolworths.media/content/wowproductimages/large/094641.jpg",
    "source_id": "Woolworths - 94641",
    "barcode": "9300725001285",
    "category_id": "1_39FD49C",
    "shop": "Woolworths",
    "weight": "10G",
    "prices": [
      {
        "state": "VIC",
        "price": "175",
        "price_per_unit": "70",
        "price_unit": "G"
      },
      {
        "state": "QLD",
        "price": "175",
        "price_per_unit": "70",
        "price_unit": "G"
      },
      {
        "state": "SA",
        "price": "175",
        "price_per_unit": "70",
        "price_unit": "G"
      },
      {
        "state": "TAS",
        "price": "175",
        "price_per_unit": "70",
        "price_unit": "G"
      },
      {
        "state": "ACT",
        "price": "175",
        "price_per_unit": "70",
        "price_unit": "G"
      },
      {
        "state": "NT",
        "price": "185",
        "price_per_unit": "74",
        "price_unit": "G"
      }
    ]
  },
  {
    "source_url": "https://www.woolworths.com.au/shop/productdetails/20363/hoyt-s-mustard-powder",
    "name": "Hoyt's Mustard Powder 50G",
    "image_url": "https://cdn1.woolworths.media/content/wowproductimages/large/020363.jpg",
    "source_id": "Woolworths - 20363",
    "barcode": "9300725002190",
    "category_id": "1_39FD49C",
    "shop": "Woolworths",
    "weight": "10G",
    "prices": [
      {
        "state": "VIC",
        "price": "220",
        "price_per_unit": "44",
        "price_unit": "G"
      },
      {
        "state": "QLD",
        "price": "220",
        "price_per_unit": "44",
        "price_unit": "G"
      },
      {
        "state": "SA",
        "price": "220",
        "price_per_unit": "44",
        "price_unit": "G"
      },
      {
        "state": "TAS",
        "price": "220",
        "price_per_unit": "44",
        "price_unit": "G"
      },
      {
        "state": "ACT",
        "price": "220",
        "price_per_unit": "44",
        "price_unit": "G"
      },
      {
        "state": "NT",
        "price": "235",
        "price_per_unit": "47",
        "price_unit": "G"
      }
    ]
  },
  {
    "source_url": "https://www.woolworths.com.au/shop/productdetails/54179/hoyt-s-mustard-seed",
    "name": "Hoyt's Mustard Seed 25G",
    "image_url": "https://cdn1.woolworths.media/content/wowproductimages/large/054179.jpg",
    "source_id": "Woolworths - 54179",
    "barcode": "9300725001315",
    "category_id": "1_39FD49C",
    "shop": "Woolworths",
    "weight": "10G",
    "prices": [
      {
        "state": "VIC",
        "price": "155",
        "price_per_unit": "62",
        "price_unit": "G"
      },
      {
        "state": "QLD",
        "price": "155",
        "price_per_unit": "62",
        "price_unit": "G"
      },
      {
        "state": "SA",
        "price": "155",
        "price_per_unit": "62",
        "price_unit": "G"
      },
      {
        "state": "TAS",
        "price": "155",
        "price_per_unit": "62",
        "price_unit": "G"
      },
      {
        "state": "NT",
        "price": "165",
        "price_per_unit": "66",
        "price_unit": "G"
      }
    ]
  },
  {
    "source_url": "https://www.woolworths.com.au/shop/productdetails/94608/hoyt-s-nutmeg-ground",
    "name": "Hoyt's Nutmeg Ground 25G",
    "image_url": "https://cdn1.woolworths.media/content/wowproductimages/large/094608.jpg",
    "source_id": "Woolworths - 94608",
    "barcode": "9300725001681",
    "category_id": "1_39FD49C",
    "shop": "Woolworths",
    "weight": "10G",
    "prices": [
      {
        "state": "VIC",
        "price": "250",
        "price_per_unit": "100",
        "price_unit": "G"
      },
      {
        "state": "QLD",
        "price": "250",
        "price_per_unit": "100",
        "price_unit": "G"
      },
      {
        "state": "WA",
        "price": "250",
        "price_per_unit": "100",
        "price_unit": "G"
      },
      {
        "state": "SA",
        "price": "250",
        "price_per_unit": "100",
        "price_unit": "G"
      },
      {
        "state": "TAS",
        "price": "250",
        "price_per_unit": "100",
        "price_unit": "G"
      },
      {
        "state": "ACT",
        "price": "250",
        "price_per_unit": "100",
        "price_unit": "G"
      },
      {
        "state": "NT",
        "price": "265",
        "price_per_unit": "106",
        "price_unit": "G"
      }
    ]
  },
  {
    "source_url": "https://www.woolworths.com.au/shop/productdetails/279806/hoyt-s-nutmeg-whole-whole",
    "name": "Hoyt's Nutmeg Whole Whole 30g",
    "image_url": "https://cdn1.woolworths.media/content/wowproductimages/large/279806.jpg",
    "source_id": "Woolworths - 279806",
    "barcode": "9300725012045",
    "category_id": "1_39FD49C",
    "shop": "Woolworths",
    "weight": "10G",
    "prices": [
      {
        "state": "VIC",
        "price": "300",
        "price_per_unit": "100",
        "price_unit": "G"
      },
      {
        "state": "QLD",
        "price": "300",
        "price_per_unit": "100",
        "price_unit": "G"
      },
      {
        "state": "SA",
        "price": "300",
        "price_per_unit": "100",
        "price_unit": "G"
      },
      {
        "state": "TAS",
        "price": "300",
        "price_per_unit": "100",
        "price_unit": "G"
      },
      {
        "state": "ACT",
        "price": "300",
        "price_per_unit": "100",
        "price_unit": "G"
      },
      {
        "state": "NT",
        "price": "315",
        "price_per_unit": "105",
        "price_unit": "G"
      }
    ]
  },
  {
    "source_url": "https://www.woolworths.com.au/shop/productdetails/94610/hoyt-s-onion-dried",
    "name": "Hoyt's Onion Dried 40G",
    "image_url": "https://cdn1.woolworths.media/content/wowproductimages/large/094610.jpg",
    "source_id": "Woolworths - 94610",
    "barcode": "9300725001339",
    "category_id": "1_39FD49C",
    "shop": "Woolworths",
    "weight": "10G",
    "prices": [
      {
        "state": "VIC",
        "price": "200",
        "price_per_unit": "50",
        "price_unit": "G"
      },
      {
        "state": "QLD",
        "price": "200",
        "price_per_unit": "50",
        "price_unit": "G"
      },
      {
        "state": "SA",
        "price": "200",
        "price_per_unit": "50",
        "price_unit": "G"
      },
      {
        "state": "TAS",
        "price": "200",
        "price_per_unit": "50",
        "price_unit": "G"
      },
      {
        "state": "ACT",
        "price": "200",
        "price_per_unit": "50",
        "price_unit": "G"
      },
      {
        "state": "NT",
        "price": "210",
        "price_per_unit": "53",
        "price_unit": "G"
      }
    ]
  },
  {
    "source_url": "https://www.woolworths.com.au/shop/productdetails/94612/hoyt-s-oregano",
    "name": "Hoyt's Oregano 25G",
    "image_url": "https://cdn1.woolworths.media/content/wowproductimages/large/094612.jpg",
    "source_id": "Woolworths - 94612",
    "barcode": "9300725001346",
    "category_id": "1_39FD49C",
    "shop": "Woolworths",
    "weight": "10G",
    "prices": [
      {
        "state": "VIC",
        "price": "200",
        "price_per_unit": "80",
        "price_unit": "G"
      },
      {
        "state": "QLD",
        "price": "200",
        "price_per_unit": "80",
        "price_unit": "G"
      },
      {
        "state": "SA",
        "price": "200",
        "price_per_unit": "80",
        "price_unit": "G"
      },
      {
        "state": "TAS",
        "price": "200",
        "price_per_unit": "80",
        "price_unit": "G"
      },
      {
        "state": "ACT",
        "price": "200",
        "price_per_unit": "80",
        "price_unit": "G"
      }
    ]
  },
  {
    "source_url": "https://www.woolworths.com.au/shop/productdetails/57055/hoyt-s-oregano",
    "name": "Hoyt's Oregano 60G",
    "image_url": "https://cdn1.woolworths.media/content/wowproductimages/large/057055.jpg",
    "source_id": "Woolworths - 57055",
    "barcode": "9300725002329",
    "category_id": "1_39FD49C",
    "shop": "Woolworths",
    "weight": "10G",
    "prices": [
      {
        "state": "VIC",
        "price": "330",
        "price_per_unit": "55",
        "price_unit": "G"
      },
      {
        "state": "QLD",
        "price": "330",
        "price_per_unit": "55",
        "price_unit": "G"
      },
      {
        "state": "WA",
        "price": "330",
        "price_per_unit": "55",
        "price_unit": "G"
      },
      {
        "state": "SA",
        "price": "330",
        "price_per_unit": "55",
        "price_unit": "G"
      },
      {
        "state": "TAS",
        "price": "330",
        "price_per_unit": "55",
        "price_unit": "G"
      },
      {
        "state": "ACT",
        "price": "330",
        "price_per_unit": "55",
        "price_unit": "G"
      },
      {
        "state": "NT",
        "price": "350",
        "price_per_unit": "58",
        "price_unit": "G"
      }
    ]
  },
  {
    "source_url": "https://www.woolworths.com.au/shop/productdetails/94614/hoyt-s-paprika-hot",
    "name": "Hoyt's Paprika Hot 50G",
    "image_url": "https://cdn1.woolworths.media/content/wowproductimages/large/094614.jpg",
    "source_id": "Woolworths - 94614",
    "barcode": "9300725001407",
    "category_id": "1_39FD49C",
    "shop": "Woolworths",
    "weight": "10G",
    "prices": [
      {
        "state": "VIC",
        "price": "175",
        "price_per_unit": "35",
        "price_unit": "G"
      },
      {
        "state": "QLD",
        "price": "175",
        "price_per_unit": "35",
        "price_unit": "G"
      },
      {
        "state": "SA",
        "price": "175",
        "price_per_unit": "35",
        "price_unit": "G"
      },
      {
        "state": "TAS",
        "price": "175",
        "price_per_unit": "35",
        "price_unit": "G"
      },
      {
        "state": "ACT",
        "price": "175",
        "price_per_unit": "35",
        "price_unit": "G"
      },
      {
        "state": "NT",
        "price": "185",
        "price_per_unit": "37",
        "price_unit": "G"
      }
    ]
  },
  {
    "source_url": "https://www.woolworths.com.au/shop/productdetails/94613/hoyt-s-paprika-sweet",
    "name": "Hoyt's Paprika Sweet 100G",
    "image_url": "https://cdn1.woolworths.media/content/wowproductimages/large/094613.jpg",
    "source_id": "Woolworths - 94613",
    "barcode": "9300725001377",
    "category_id": "1_39FD49C",
    "shop": "Woolworths",
    "weight": "10G",
    "prices": [
      {
        "state": "VIC",
        "price": "285",
        "price_per_unit": "29",
        "price_unit": "G"
      },
      {
        "state": "QLD",
        "price": "285",
        "price_per_unit": "29",
        "price_unit": "G"
      },
      {
        "state": "SA",
        "price": "285",
        "price_per_unit": "29",
        "price_unit": "G"
      },
      {
        "state": "TAS",
        "price": "285",
        "price_per_unit": "29",
        "price_unit": "G"
      },
      {
        "state": "ACT",
        "price": "285",
        "price_per_unit": "29",
        "price_unit": "G"
      },
      {
        "state": "NT",
        "price": "300",
        "price_per_unit": "30",
        "price_unit": "G"
      }
    ]
  },
  {
    "source_url": "https://www.woolworths.com.au/shop/productdetails/57056/hoyt-s-paprika-sweet",
    "name": "Hoyt's Paprika Sweet 190G",
    "image_url": "https://cdn1.woolworths.media/content/wowproductimages/large/057056.jpg",
    "source_id": "Woolworths - 57056",
    "barcode": "9300725002374",
    "category_id": "1_39FD49C",
    "shop": "Woolworths",
    "weight": "10G",
    "prices": [
      {
        "state": "VIC",
        "price": "460",
        "price_per_unit": "24",
        "price_unit": "G"
      },
      {
        "state": "QLD",
        "price": "460",
        "price_per_unit": "24",
        "price_unit": "G"
      },
      {
        "state": "WA",
        "price": "460",
        "price_per_unit": "24",
        "price_unit": "G"
      },
      {
        "state": "SA",
        "price": "460",
        "price_per_unit": "24",
        "price_unit": "G"
      },
      {
        "state": "TAS",
        "price": "460",
        "price_per_unit": "24",
        "price_unit": "G"
      },
      {
        "state": "ACT",
        "price": "460",
        "price_per_unit": "24",
        "price_unit": "G"
      },
      {
        "state": "NT",
        "price": "485",
        "price_per_unit": "26",
        "price_unit": "G"
      }
    ]
  },
  {
    "source_url": "https://www.woolworths.com.au/shop/productdetails/94616/hoyt-s-parsley",
    "name": "Hoyt's Parsley 15G",
    "image_url": "https://cdn1.woolworths.media/content/wowproductimages/large/094616.jpg",
    "source_id": "Woolworths - 94616",
    "barcode": "9300725001421",
    "category_id": "1_39FD49C",
    "shop": "Woolworths",
    "weight": "10G",
    "prices": [
      {
        "state": "VIC",
        "price": "200",
        "price_per_unit": "133",
        "price_unit": "G"
      },
      {
        "state": "QLD",
        "price": "200",
        "price_per_unit": "133",
        "price_unit": "G"
      },
      {
        "state": "WA",
        "price": "200",
        "price_per_unit": "133",
        "price_unit": "G"
      },
      {
        "state": "SA",
        "price": "200",
        "price_per_unit": "133",
        "price_unit": "G"
      },
      {
        "state": "TAS",
        "price": "200",
        "price_per_unit": "133",
        "price_unit": "G"
      },
      {
        "state": "ACT",
        "price": "200",
        "price_per_unit": "133",
        "price_unit": "G"
      },
      {
        "state": "NT",
        "price": "210",
        "price_per_unit": "140",
        "price_unit": "G"
      }
    ]
  },
  {
    "source_url": "https://www.woolworths.com.au/shop/productdetails/94618/hoyt-s-pepper-black-whole",
    "name": "Hoyt's Pepper Black Whole 100G",
    "image_url": "https://cdn1.woolworths.media/content/wowproductimages/large/094618.jpg",
    "source_id": "Woolworths - 94618",
    "barcode": "9300725001452",
    "category_id": "1_39FD49C",
    "shop": "Woolworths",
    "weight": "10G",
    "prices": [
      {
        "state": "VIC",
        "price": "500",
        "price_per_unit": "50",
        "price_unit": "G"
      },
      {
        "state": "QLD",
        "price": "500",
        "price_per_unit": "50",
        "price_unit": "G"
      },
      {
        "state": "SA",
        "price": "500",
        "price_per_unit": "50",
        "price_unit": "G"
      },
      {
        "state": "TAS",
        "price": "500",
        "price_per_unit": "50",
        "price_unit": "G"
      },
      {
        "state": "ACT",
        "price": "500",
        "price_per_unit": "50",
        "price_unit": "G"
      },
      {
        "state": "NT",
        "price": "525",
        "price_per_unit": "53",
        "price_unit": "G"
      }
    ]
  },
  {
    "source_url": "https://www.woolworths.com.au/shop/productdetails/210359/hoyt-s-pepper-four-colour-mix",
    "name": "Hoyt's Pepper Four Colour Mix 50G",
    "image_url": "https://cdn1.woolworths.media/content/wowproductimages/large/210359.jpg",
    "source_id": "Woolworths - 210359",
    "barcode": "9300725009557",
    "category_id": "1_39FD49C",
    "shop": "Woolworths",
    "weight": "10G",
    "prices": [
      {
        "state": "VIC",
        "price": "450",
        "price_per_unit": "90",
        "price_unit": "G"
      },
      {
        "state": "QLD",
        "price": "450",
        "price_per_unit": "90",
        "price_unit": "G"
      },
      {
        "state": "SA",
        "price": "450",
        "price_per_unit": "90",
        "price_unit": "G"
      },
      {
        "state": "TAS",
        "price": "450",
        "price_per_unit": "90",
        "price_unit": "G"
      },
      {
        "state": "ACT",
        "price": "450",
        "price_per_unit": "90",
        "price_unit": "G"
      },
      {
        "state": "NT",
        "price": "475",
        "price_per_unit": "95",
        "price_unit": "G"
      }
    ]
  },
  {
    "source_url": "https://www.woolworths.com.au/shop/productdetails/279814/hoyt-s-pickling-dried-spices",
    "name": "Hoyt's Pickling Dried Spices 35G",
    "image_url": "https://cdn1.woolworths.media/content/wowproductimages/large/279814.jpg",
    "source_id": "Woolworths - 279814",
    "barcode": "9300725012090",
    "category_id": "1_39FD49C",
    "shop": "Woolworths",
    "weight": "10G",
    "prices": [
      {
        "state": "VIC",
        "price": "260",
        "price_per_unit": "74",
        "price_unit": "G"
      },
      {
        "state": "QLD",
        "price": "260",
        "price_per_unit": "74",
        "price_unit": "G"
      },
      {
        "state": "SA",
        "price": "260",
        "price_per_unit": "74",
        "price_unit": "G"
      },
      {
        "state": "TAS",
        "price": "260",
        "price_per_unit": "74",
        "price_unit": "G"
      },
      {
        "state": "ACT",
        "price": "260",
        "price_per_unit": "74",
        "price_unit": "G"
      },
      {
        "state": "NT",
        "price": "275",
        "price_per_unit": "79",
        "price_unit": "G"
      }
    ]
  },
  {
    "source_url": "https://www.woolworths.com.au/shop/productdetails/643500/hoyt-s-pine-nuts",
    "name": "Hoyt's Pine Nuts 25g",
    "image_url": "https://cdn1.woolworths.media/content/wowproductimages/large/643500.jpg",
    "source_id": "Woolworths - 643500",
    "barcode": "9300725002237",
    "category_id": "1_39FD49C",
    "shop": "Woolworths",
    "weight": "10G",
    "prices": [
      {
        "state": "VIC",
        "price": "380",
        "price_per_unit": "152",
        "price_unit": "G"
      },
      {
        "state": "QLD",
        "price": "380",
        "price_per_unit": "152",
        "price_unit": "G"
      },
      {
        "state": "SA",
        "price": "380",
        "price_per_unit": "152",
        "price_unit": "G"
      },
      {
        "state": "TAS",
        "price": "380",
        "price_per_unit": "152",
        "price_unit": "G"
      },
      {
        "state": "ACT",
        "price": "380",
        "price_per_unit": "152",
        "price_unit": "G"
      },
      {
        "state": "NT",
        "price": "400",
        "price_per_unit": "160",
        "price_unit": "G"
      }
    ]
  },
  {
    "source_url": "https://www.woolworths.com.au/shop/productdetails/70361/hoyt-s-poppy-seed",
    "name": "Hoyt's Poppy Seed 100G",
    "image_url": "https://cdn1.woolworths.media/content/wowproductimages/large/070361.jpg",
    "source_id": "Woolworths - 70361",
    "barcode": "9300725001520",
    "category_id": "1_39FD49C",
    "shop": "Woolworths",
    "weight": "10G",
    "prices": [
      {
        "state": "VIC",
        "price": "225",
        "price_per_unit": "23",
        "price_unit": "G"
      },
      {
        "state": "QLD",
        "price": "225",
        "price_per_unit": "23",
        "price_unit": "G"
      },
      {
        "state": "SA",
        "price": "225",
        "price_per_unit": "23",
        "price_unit": "G"
      },
      {
        "state": "TAS",
        "price": "225",
        "price_per_unit": "23",
        "price_unit": "G"
      },
      {
        "state": "ACT",
        "price": "225",
        "price_per_unit": "23",
        "price_unit": "G"
      },
      {
        "state": "NT",
        "price": "240",
        "price_per_unit": "24",
        "price_unit": "G"
      }
    ]
  },
  {
    "source_url": "https://www.woolworths.com.au/shop/productdetails/210623/hoyt-s-poppy-seed",
    "name": "Hoyt's Poppy Seed 240G",
    "image_url": "https://cdn1.woolworths.media/content/wowproductimages/large/210623.jpg",
    "source_id": "Woolworths - 210623",
    "barcode": "9300725011345",
    "category_id": "1_39FD49C",
    "shop": "Woolworths",
    "weight": "10G",
    "prices": [
      {
        "state": "VIC",
        "price": "500",
        "price_per_unit": "21",
        "price_unit": "G"
      },
      {
        "state": "WA",
        "price": "500",
        "price_per_unit": "21",
        "price_unit": "G"
      },
      {
        "state": "SA",
        "price": "500",
        "price_per_unit": "21",
        "price_unit": "G"
      },
      {
        "state": "ACT",
        "price": "500",
        "price_per_unit": "21",
        "price_unit": "G"
      },
      {
        "state": "NT",
        "price": "525",
        "price_per_unit": "22",
        "price_unit": "G"
      }
    ]
  },
  {
    "source_url": "https://www.woolworths.com.au/shop/productdetails/94620/hoyt-s-rosemary",
    "name": "Hoyt's Rosemary 25g",
    "image_url": "https://cdn1.woolworths.media/content/wowproductimages/large/094620.jpg",
    "source_id": "Woolworths - 94620",
    "barcode": "9300725001537",
    "category_id": "1_39FD49C",
    "shop": "Woolworths",
    "weight": "10G",
    "prices": [
      {
        "state": "VIC",
        "price": "170",
        "price_per_unit": "68",
        "price_unit": "G"
      },
      {
        "state": "QLD",
        "price": "170",
        "price_per_unit": "68",
        "price_unit": "G"
      },
      {
        "state": "SA",
        "price": "170",
        "price_per_unit": "68",
        "price_unit": "G"
      },
      {
        "state": "TAS",
        "price": "170",
        "price_per_unit": "68",
        "price_unit": "G"
      },
      {
        "state": "ACT",
        "price": "170",
        "price_per_unit": "68",
        "price_unit": "G"
      }
    ]
  },
  {
    "source_url": "https://www.woolworths.com.au/shop/productdetails/716794/hoyt-s-seasoning-moroccan-mix",
    "name": "Hoyt's Seasoning Moroccan Mix 65G",
    "image_url": "https://cdn1.woolworths.media/content/wowproductimages/large/716794.jpg",
    "source_id": "Woolworths - 716794",
    "barcode": "9300725012366",
    "category_id": "1_39FD49C",
    "shop": "Woolworths",
    "weight": "10G",
    "prices": [
      {
        "state": "VIC",
        "price": "285",
        "price_per_unit": "44",
        "price_unit": "G"
      },
      {
        "state": "QLD",
        "price": "285",
        "price_per_unit": "44",
        "price_unit": "G"
      },
      {
        "state": "SA",
        "price": "285",
        "price_per_unit": "44",
        "price_unit": "G"
      },
      {
        "state": "TAS",
        "price": "285",
        "price_per_unit": "44",
        "price_unit": "G"
      },
      {
        "state": "ACT",
        "price": "285",
        "price_per_unit": "44",
        "price_unit": "G"
      },
      {
        "state": "NT",
        "price": "300",
        "price_per_unit": "46",
        "price_unit": "G"
      }
    ]
  },
  {
    "source_url": "https://www.woolworths.com.au/shop/productdetails/8675/hoyt-s-sesame-seeds-jar",
    "name": "Hoyt's Sesame Seeds Jar 230G",
    "image_url": "https://cdn1.woolworths.media/content/wowproductimages/large/008675.jpg",
    "source_id": "Woolworths - 8675",
    "barcode": "9300725002596",
    "category_id": "1_39FD49C",
    "shop": "Woolworths",
    "weight": "10G",
    "prices": [
      {
        "state": "VIC",
        "price": "520",
        "price_per_unit": "23",
        "price_unit": "G"
      },
      {
        "state": "QLD",
        "price": "520",
        "price_per_unit": "23",
        "price_unit": "G"
      },
      {
        "state": "WA",
        "price": "520",
        "price_per_unit": "23",
        "price_unit": "G"
      },
      {
        "state": "SA",
        "price": "520",
        "price_per_unit": "23",
        "price_unit": "G"
      },
      {
        "state": "TAS",
        "price": "520",
        "price_per_unit": "23",
        "price_unit": "G"
      },
      {
        "state": "ACT",
        "price": "520",
        "price_per_unit": "23",
        "price_unit": "G"
      },
      {
        "state": "NT",
        "price": "550",
        "price_per_unit": "24",
        "price_unit": "G"
      }
    ]
  },
  {
    "source_url": "https://www.woolworths.com.au/shop/productdetails/279821/hoyt-s-star-anise-whole",
    "name": "Hoyt's Star Anise Whole 12G",
    "image_url": "https://cdn1.woolworths.media/content/wowproductimages/large/279821.jpg",
    "source_id": "Woolworths - 279821",
    "barcode": "9300725012120",
    "category_id": "1_39FD49C",
    "shop": "Woolworths",
    "weight": "10G",
    "prices": [
      {
        "state": "VIC",
        "price": "260",
        "price_per_unit": "217",
        "price_unit": "G"
      },
      {
        "state": "QLD",
        "price": "260",
        "price_per_unit": "217",
        "price_unit": "G"
      },
      {
        "state": "SA",
        "price": "260",
        "price_per_unit": "217",
        "price_unit": "G"
      },
      {
        "state": "TAS",
        "price": "260",
        "price_per_unit": "217",
        "price_unit": "G"
      },
      {
        "state": "ACT",
        "price": "260",
        "price_per_unit": "217",
        "price_unit": "G"
      },
      {
        "state": "NT",
        "price": "275",
        "price_per_unit": "229",
        "price_unit": "G"
      }
    ]
  },
  {
    "source_url": "https://www.woolworths.com.au/shop/productdetails/94624/hoyt-s-thyme",
    "name": "Hoyt's Thyme 15G",
    "image_url": "https://cdn1.woolworths.media/content/wowproductimages/large/094624.jpg",
    "source_id": "Woolworths - 94624",
    "barcode": "9300725001582",
    "category_id": "1_39FD49C",
    "shop": "Woolworths",
    "weight": "10G",
    "prices": [
      {
        "state": "VIC",
        "price": "160",
        "price_per_unit": "107",
        "price_unit": "G"
      },
      {
        "state": "QLD",
        "price": "160",
        "price_per_unit": "107",
        "price_unit": "G"
      },
      {
        "state": "SA",
        "price": "160",
        "price_per_unit": "107",
        "price_unit": "G"
      },
      {
        "state": "TAS",
        "price": "160",
        "price_per_unit": "107",
        "price_unit": "G"
      },
      {
        "state": "ACT",
        "price": "160",
        "price_per_unit": "107",
        "price_unit": "G"
      },
      {
        "state": "NT",
        "price": "170",
        "price_per_unit": "113",
        "price_unit": "G"
      }
    ]
  },
  {
    "source_url": "https://www.woolworths.com.au/shop/productdetails/574896/hoyt-s-turmeric",
    "name": "Hoyt's Turmeric 140G",
    "image_url": "https://cdn1.woolworths.media/content/wowproductimages/large/574896.jpg",
    "source_id": "Woolworths - 574896",
    "barcode": "9300725012182",
    "category_id": "1_39FD49C",
    "shop": "Woolworths",
    "weight": "10G",
    "prices": [
      {
        "state": "VIC",
        "price": "550",
        "price_per_unit": "39",
        "price_unit": "G"
      },
      {
        "state": "SA",
        "price": "550",
        "price_per_unit": "39",
        "price_unit": "G"
      },
      {
        "state": "TAS",
        "price": "550",
        "price_per_unit": "39",
        "price_unit": "G"
      },
      {
        "state": "ACT",
        "price": "550",
        "price_per_unit": "39",
        "price_unit": "G"
      },
      {
        "state": "NT",
        "price": "580",
        "price_per_unit": "41",
        "price_unit": "G"
      }
    ]
  },
  {
    "source_url": "https://www.woolworths.com.au/shop/productdetails/94625/hoyt-s-turmeric",
    "name": "Hoyt's Turmeric 25G",
    "image_url": "https://cdn1.woolworths.media/content/wowproductimages/large/094625.jpg",
    "source_id": "Woolworths - 94625",
    "barcode": "9300725001599",
    "category_id": "1_39FD49C",
    "shop": "Woolworths",
    "weight": "10G",
    "prices": [
      {
        "state": "VIC",
        "price": "180",
        "price_per_unit": "72",
        "price_unit": "G"
      },
      {
        "state": "QLD",
        "price": "180",
        "price_per_unit": "72",
        "price_unit": "G"
      },
      {
        "state": "SA",
        "price": "180",
        "price_per_unit": "72",
        "price_unit": "G"
      },
      {
        "state": "TAS",
        "price": "180",
        "price_per_unit": "72",
        "price_unit": "G"
      },
      {
        "state": "ACT",
        "price": "180",
        "price_per_unit": "72",
        "price_unit": "G"
      },
      {
        "state": "NT",
        "price": "190",
        "price_per_unit": "76",
        "price_unit": "G"
      }
    ]
  },
  {
    "source_url": "https://www.woolworths.com.au/shop/productdetails/53371/hoyt-s-vanilla-beans",
    "name": "Hoyt's Vanilla Beans Each",
    "image_url": "https://cdn1.woolworths.media/content/wowproductimages/large/053371.jpg",
    "source_id": "Woolworths - 53371",
    "barcode": "9300725002206",
    "category_id": "1_39FD49C",
    "shop": "Woolworths",
    "weight": "1EA",
    "prices": [
      {
        "state": "VIC",
        "price": "750",
        "price_per_unit": "750",
        "price_unit": "EA"
      },
      {
        "state": "QLD",
        "price": "750",
        "price_per_unit": "750",
        "price_unit": "EA"
      },
      {
        "state": "WA",
        "price": "750",
        "price_per_unit": "750",
        "price_unit": "EA"
      },
      {
        "state": "SA",
        "price": "750",
        "price_per_unit": "750",
        "price_unit": "EA"
      },
      {
        "state": "TAS",
        "price": "750",
        "price_per_unit": "750",
        "price_unit": "EA"
      },
      {
        "state": "ACT",
        "price": "750",
        "price_per_unit": "750",
        "price_unit": "EA"
      },
      {
        "state": "NT",
        "price": "790",
        "price_per_unit": "790",
        "price_unit": "EA"
      }
    ]
  },
  {
    "source_url": "https://www.woolworths.com.au/shop/productdetails/92804/hoyt-s-vanilla-sugar",
    "name": "Hoyt's Vanilla Sugar 25G",
    "image_url": "https://cdn1.woolworths.media/content/wowproductimages/large/092804.jpg",
    "source_id": "Woolworths - 92804",
    "barcode": "9300725001759",
    "category_id": "1_39FD49C",
    "shop": "Woolworths",
    "weight": "10G",
    "prices": [
      {
        "state": "VIC",
        "price": "150",
        "price_per_unit": "60",
        "price_unit": "G"
      },
      {
        "state": "QLD",
        "price": "150",
        "price_per_unit": "60",
        "price_unit": "G"
      },
      {
        "state": "SA",
        "price": "150",
        "price_per_unit": "60",
        "price_unit": "G"
      },
      {
        "state": "TAS",
        "price": "150",
        "price_per_unit": "60",
        "price_unit": "G"
      },
      {
        "state": "ACT",
        "price": "150",
        "price_per_unit": "60",
        "price_unit": "G"
      },
      {
        "state": "NT",
        "price": "160",
        "price_per_unit": "64",
        "price_unit": "G"
      }
    ]
  },
  {
    "source_url": "https://www.woolworths.com.au/shop/productdetails/579057/massel-reduced-salt-chicken-stock-powder",
    "name": "Massel Reduced Salt Chicken Stock Powder 140g",
    "image_url": "https://cdn1.woolworths.media/content/wowproductimages/large/579057.jpg",
    "source_id": "Woolworths - 579057",
    "barcode": "810206000618",
    "category_id": "1_39FD49C",
    "shop": "Woolworths",
    "weight": "10G",
    "prices": [
      {
        "state": "VIC",
        "price": "400",
        "price_per_unit": "29",
        "price_unit": "G"
      },
      {
        "state": "QLD",
        "price": "400",
        "price_per_unit": "29",
        "price_unit": "G"
      },
      {
        "state": "WA",
        "price": "400",
        "price_per_unit": "29",
        "price_unit": "G"
      },
      {
        "state": "SA",
        "price": "400",
        "price_per_unit": "29",
        "price_unit": "G"
      },
      {
        "state": "TAS",
        "price": "400",
        "price_per_unit": "29",
        "price_unit": "G"
      },
      {
        "state": "ACT",
        "price": "400",
        "price_per_unit": "29",
        "price_unit": "G"
      },
      {
        "state": "NT",
        "price": "400",
        "price_per_unit": "29",
        "price_unit": "G"
      }
    ]
  },
  {
    "source_url": "https://www.woolworths.com.au/shop/productdetails/504813/masterfoods-all-purpose-blend-no-added-salt",
    "name": "Masterfoods All Purpose Blend No Added Salt 38g",
    "image_url": "https://cdn1.woolworths.media/content/wowproductimages/large/504813.jpg",
    "source_id": "Woolworths - 504813",
    "barcode": "9310012062448",
    "category_id": "1_39FD49C",
    "shop": "Woolworths",
    "weight": "10G",
    "prices": [
      {
        "state": "VIC",
        "price": "275",
        "price_per_unit": "72",
        "price_unit": "G"
      },
      {
        "state": "QLD",
        "price": "275",
        "price_per_unit": "72",
        "price_unit": "G"
      },
      {
        "state": "WA",
        "price": "275",
        "price_per_unit": "72",
        "price_unit": "G"
      },
      {
        "state": "SA",
        "price": "370",
        "price_per_unit": "97",
        "price_unit": "G"
      },
      {
        "state": "TAS",
        "price": "370",
        "price_per_unit": "97",
        "price_unit": "G"
      },
      {
        "state": "ACT",
        "price": "275",
        "price_per_unit": "72",
        "price_unit": "G"
      },
      {
        "state": "NT",
        "price": "275",
        "price_per_unit": "72",
        "price_unit": "G"
      }
    ]
  },
  {
    "source_url": "https://www.woolworths.com.au/shop/productdetails/355478/masterfoods-all-purpose-pepper-seasoning",
    "name": "MasterFoods All Purpose Pepper Seasoning 50g",
    "image_url": "https://cdn1.woolworths.media/content/wowproductimages/large/355478.jpg",
    "source_id": "Woolworths - 355478",
    "barcode": "9310012036081",
    "category_id": "1_39FD49C",
    "shop": "Woolworths",
    "weight": "10G",
    "prices": [
      {
        "state": "VIC",
        "price": "330",
        "price_per_unit": "66",
        "price_unit": "G"
      },
      {
        "state": "QLD",
        "price": "330",
        "price_per_unit": "66",
        "price_unit": "G"
      },
      {
        "state": "WA",
        "price": "330",
        "price_per_unit": "66",
        "price_unit": "G"
      },
      {
        "state": "TAS",
        "price": "370",
        "price_per_unit": "74",
        "price_unit": "G"
      },
      {
        "state": "ACT",
        "price": "330",
        "price_per_unit": "66",
        "price_unit": "G"
      },
      {
        "state": "NT",
        "price": "345",
        "price_per_unit": "69",
        "price_unit": "G"
      }
    ]
  },
  {
    "source_url": "https://www.woolworths.com.au/shop/productdetails/355475/masterfoods-all-purpose-spicy-seasoning",
    "name": "MasterFoods All Purpose Spicy Seasoning 190g",
    "image_url": "https://cdn1.woolworths.media/content/wowproductimages/large/355475.jpg",
    "source_id": "Woolworths - 355475",
    "barcode": "9310012036029",
    "category_id": "1_39FD49C",
    "shop": "Woolworths",
    "weight": "10G",
    "prices": [
      {
        "state": "VIC",
        "price": "650",
        "price_per_unit": "34",
        "price_unit": "G"
      },
      {
        "state": "QLD",
        "price": "650",
        "price_per_unit": "34",
        "price_unit": "G"
      },
      {
        "state": "WA",
        "price": "650",
        "price_per_unit": "34",
        "price_unit": "G"
      },
      {
        "state": "SA",
        "price": "650",
        "price_per_unit": "34",
        "price_unit": "G"
      },
      {
        "state": "TAS",
        "price": "650",
        "price_per_unit": "34",
        "price_unit": "G"
      },
      {
        "state": "ACT",
        "price": "650",
        "price_per_unit": "34",
        "price_unit": "G"
      },
      {
        "state": "NT",
        "price": "685",
        "price_per_unit": "36",
        "price_unit": "G"
      }
    ]
  },
  {
    "source_url": "https://www.woolworths.com.au/shop/productdetails/35961/masterfoods-basil-leaves",
    "name": "MasterFoods Basil Leaves 10g",
    "image_url": "https://cdn1.woolworths.media/content/wowproductimages/large/035961.jpg",
    "source_id": "Woolworths - 35961",
    "barcode": "93716277",
    "category_id": "1_39FD49C",
    "shop": "Woolworths",
    "weight": "10G",
    "prices": [
      {
        "state": "VIC",
        "price": "260",
        "price_per_unit": "260",
        "price_unit": "G"
      },
      {
        "state": "QLD",
        "price": "260",
        "price_per_unit": "260",
        "price_unit": "G"
      },
      {
        "state": "WA",
        "price": "260",
        "price_per_unit": "260",
        "price_unit": "G"
      },
      {
        "state": "SA",
        "price": "330",
        "price_per_unit": "330",
        "price_unit": "G"
      },
      {
        "state": "TAS",
        "price": "330",
        "price_per_unit": "330",
        "price_unit": "G"
      },
      {
        "state": "NT",
        "price": "275",
        "price_per_unit": "275",
        "price_unit": "G"
      }
    ]
  },
  {
    "source_url": "https://www.woolworths.com.au/shop/productdetails/235502/masterfoods-cafe-style-avocado-smash-spice-blend",
    "name": "MasterFoods Cafe Style Avocado Smash Spice Blend 30g",
    "image_url": "https://cdn1.woolworths.media/content/wowproductimages/large/235502.jpg",
    "source_id": "Woolworths - 235502",
    "barcode": "9310012061922",
    "category_id": "1_39FD49C",
    "shop": "Woolworths",
    "weight": "10G",
    "prices": [
      {
        "state": "VIC",
        "price": "450",
        "price_per_unit": "150",
        "price_unit": "G"
      },
      {
        "state": "QLD",
        "price": "450",
        "price_per_unit": "150",
        "price_unit": "G"
      },
      {
        "state": "WA",
        "price": "450",
        "price_per_unit": "150",
        "price_unit": "G"
      },
      {
        "state": "SA",
        "price": "450",
        "price_per_unit": "150",
        "price_unit": "G"
      },
      {
        "state": "TAS",
        "price": "450",
        "price_per_unit": "150",
        "price_unit": "G"
      },
      {
        "state": "ACT",
        "price": "450",
        "price_per_unit": "150",
        "price_unit": "G"
      },
      {
        "state": "NT",
        "price": "475",
        "price_per_unit": "158",
        "price_unit": "G"
      }
    ]
  },
  {
    "source_url": "https://www.woolworths.com.au/shop/productdetails/235114/masterfoods-cafe-style-everything-eggs-spice-blend",
    "name": "MasterFoods Cafe Style Everything Eggs Spice Blend 30g",
    "image_url": "https://cdn1.woolworths.media/content/wowproductimages/large/235114.jpg",
    "source_id": "Woolworths - 235114",
    "barcode": "9310012061908",
    "category_id": "1_39FD49C",
    "shop": "Woolworths",
    "weight": "10G",
    "prices": [
      {
        "state": "VIC",
        "price": "450",
        "price_per_unit": "150",
        "price_unit": "G"
      },
      {
        "state": "QLD",
        "price": "450",
        "price_per_unit": "150",
        "price_unit": "G"
      },
      {
        "state": "WA",
        "price": "450",
        "price_per_unit": "150",
        "price_unit": "G"
      },
      {
        "state": "SA",
        "price": "450",
        "price_per_unit": "150",
        "price_unit": "G"
      },
      {
        "state": "TAS",
        "price": "450",
        "price_per_unit": "150",
        "price_unit": "G"
      },
      {
        "state": "ACT",
        "price": "450",
        "price_per_unit": "150",
        "price_unit": "G"
      },
      {
        "state": "NT",
        "price": "475",
        "price_per_unit": "158",
        "price_unit": "G"
      }
    ]
  },
  {
    "source_url": "https://www.woolworths.com.au/shop/productdetails/500879/masterfoods-cafe-style-rice-bowl-topper",
    "name": "MasterFoods Cafe Style Rice Bowl Topper 36g",
    "image_url": "https://cdn1.woolworths.media/content/wowproductimages/large/500879.jpg",
    "source_id": "Woolworths - 500879",
    "barcode": "9310012062974",
    "category_id": "1_39FD49C",
    "shop": "Woolworths",
    "weight": "10G",
    "prices": [
      {
        "state": "VIC",
        "price": "450",
        "price_per_unit": "150",
        "price_unit": "G"
      },
      {
        "state": "QLD",
        "price": "450",
        "price_per_unit": "150",
        "price_unit": "G"
      },
      {
        "state": "WA",
        "price": "450",
        "price_per_unit": "150",
        "price_unit": "G"
      },
      {
        "state": "SA",
        "price": "450",
        "price_per_unit": "150",
        "price_unit": "G"
      },
      {
        "state": "TAS",
        "price": "450",
        "price_per_unit": "150",
        "price_unit": "G"
      },
      {
        "state": "ACT",
        "price": "450",
        "price_per_unit": "150",
        "price_unit": "G"
      },
      {
        "state": "NT",
        "price": "475",
        "price_per_unit": "158",
        "price_unit": "G"
      }
    ]
  },
  {
    "source_url": "https://www.woolworths.com.au/shop/productdetails/44765/masterfoods-cajun-seasoning",
    "name": "MasterFoods Cajun Seasoning 35g",
    "image_url": "https://cdn1.woolworths.media/content/wowproductimages/large/044765.jpg",
    "source_id": "Woolworths - 44765",
    "barcode": "93782555",
    "category_id": "1_39FD49C",
    "shop": "Woolworths",
    "weight": "10G",
    "prices": [
      {
        "state": "VIC",
        "price": "350",
        "price_per_unit": "100",
        "price_unit": "G"
      },
      {
        "state": "QLD",
        "price": "350",
        "price_per_unit": "100",
        "price_unit": "G"
      },
      {
        "state": "WA",
        "price": "350",
        "price_per_unit": "100",
        "price_unit": "G"
      },
      {
        "state": "SA",
        "price": "450",
        "price_per_unit": "129",
        "price_unit": "G"
      },
      {
        "state": "TAS",
        "price": "450",
        "price_per_unit": "129",
        "price_unit": "G"
      },
      {
        "state": "ACT",
        "price": "350",
        "price_per_unit": "100",
        "price_unit": "G"
      },
      {
        "state": "NT",
        "price": "370",
        "price_per_unit": "106",
        "price_unit": "G"
      }
    ]
  },
  {
    "source_url": "https://www.woolworths.com.au/shop/productdetails/905777/masterfoods-cajun-spice-blend",
    "name": "Masterfoods Cajun Spice Blend 20g",
    "image_url": "https://cdn1.woolworths.media/content/wowproductimages/large/905777.jpg",
    "source_id": "Woolworths - 905777",
    "barcode": "9310012063223",
    "category_id": "1_39FD49C",
    "shop": "Woolworths",
    "weight": "10G",
    "prices": [
      {
        "state": "VIC",
        "price": "250",
        "price_per_unit": "125",
        "price_unit": "G"
      },
      {
        "state": "QLD",
        "price": "250",
        "price_per_unit": "125",
        "price_unit": "G"
      },
      {
        "state": "SA",
        "price": "250",
        "price_per_unit": "125",
        "price_unit": "G"
      },
      {
        "state": "TAS",
        "price": "250",
        "price_per_unit": "125",
        "price_unit": "G"
      },
      {
        "state": "ACT",
        "price": "250",
        "price_per_unit": "125",
        "price_unit": "G"
      },
      {
        "state": "NT",
        "price": "250",
        "price_per_unit": "125",
        "price_unit": "G"
      }
    ]
  },
  {
    "source_url": "https://www.woolworths.com.au/shop/productdetails/43056/masterfoods-cajun-spice-blend-hot-seasoning",
    "name": "Masterfoods Cajun Spice Blend Hot Seasoning 115g",
    "image_url": "https://cdn1.woolworths.media/content/wowproductimages/large/043056.jpg",
    "source_id": "Woolworths - 43056",
    "barcode": "93782777",
    "category_id": "1_39FD49C",
    "shop": "Woolworths",
    "weight": "10G",
    "prices": [
      {
        "state": "VIC",
        "price": "750",
        "price_per_unit": "65",
        "price_unit": "G"
      },
      {
        "state": "QLD",
        "price": "750",
        "price_per_unit": "65",
        "price_unit": "G"
      },
      {
        "state": "WA",
        "price": "750",
        "price_per_unit": "65",
        "price_unit": "G"
      },
      {
        "state": "SA",
        "price": "730",
        "price_per_unit": "63",
        "price_unit": "G"
      },
      {
        "state": "TAS",
        "price": "730",
        "price_per_unit": "63",
        "price_unit": "G"
      },
      {
        "state": "ACT",
        "price": "750",
        "price_per_unit": "65",
        "price_unit": "G"
      },
      {
        "state": "NT",
        "price": "750",
        "price_per_unit": "65",
        "price_unit": "G"
      }
    ]
  },
  {
    "source_url": "https://www.woolworths.com.au/shop/productdetails/32758/masterfoods-celery-salt",
    "name": "MasterFoods Celery Salt 57g",
    "image_url": "https://cdn1.woolworths.media/content/wowproductimages/large/032758.jpg",
    "source_id": "Woolworths - 32758",
    "barcode": "93716734",
    "category_id": "1_39FD49C",
    "shop": "Woolworths",
    "weight": "10G",
    "prices": [
      {
        "state": "VIC",
        "price": "250",
        "price_per_unit": "44",
        "price_unit": "G"
      },
      {
        "state": "WA",
        "price": "250",
        "price_per_unit": "44",
        "price_unit": "G"
      },
      {
        "state": "SA",
        "price": "370",
        "price_per_unit": "65",
        "price_unit": "G"
      },
      {
        "state": "TAS",
        "price": "370",
        "price_per_unit": "65",
        "price_unit": "G"
      },
      {
        "state": "ACT",
        "price": "250",
        "price_per_unit": "44",
        "price_unit": "G"
      },
      {
        "state": "NT",
        "price": "265",
        "price_per_unit": "46",
        "price_unit": "G"
      }
    ]
  },
  {
    "source_url": "https://www.woolworths.com.au/shop/productdetails/35238/masterfoods-chopped-chives",
    "name": "MasterFoods Chopped Chives 7g",
    "image_url": "https://cdn1.woolworths.media/content/wowproductimages/large/035238.jpg",
    "source_id": "Woolworths - 35238",
    "barcode": "93716062",
    "category_id": "1_39FD49C",
    "shop": "Woolworths",
    "weight": "10G",
    "prices": [
      {
        "state": "VIC",
        "price": "570",
        "price_per_unit": "814",
        "price_unit": "G"
      },
      {
        "state": "QLD",
        "price": "570",
        "price_per_unit": "814",
        "price_unit": "G"
      },
      {
        "state": "WA",
        "price": "570",
        "price_per_unit": "814",
        "price_unit": "G"
      },
      {
        "state": "SA",
        "price": "600",
        "price_per_unit": "857",
        "price_unit": "G"
      },
      {
        "state": "TAS",
        "price": "600",
        "price_per_unit": "857",
        "price_unit": "G"
      },
      {
        "state": "ACT",
        "price": "570",
        "price_per_unit": "814",
        "price_unit": "G"
      },
      {
        "state": "NT",
        "price": "600",
        "price_per_unit": "857",
        "price_unit": "G"
      }
    ]
  },
  {
    "source_url": "https://www.woolworths.com.au/shop/productdetails/35941/masterfoods-cinnamon-sugar",
    "name": "MasterFoods Cinnamon Sugar 55g",
    "image_url": "https://cdn1.woolworths.media/content/wowproductimages/large/035941.jpg",
    "source_id": "Woolworths - 35941",
    "barcode": "93716703",
    "category_id": "1_39FD49C",
    "shop": "Woolworths",
    "weight": "10G",
    "prices": [
      {
        "state": "VIC",
        "price": "240",
        "price_per_unit": "44",
        "price_unit": "G"
      },
      {
        "state": "QLD",
        "price": "240",
        "price_per_unit": "44",
        "price_unit": "G"
      },
      {
        "state": "WA",
        "price": "240",
        "price_per_unit": "44",
        "price_unit": "G"
      },
      {
        "state": "SA",
        "price": "330",
        "price_per_unit": "60",
        "price_unit": "G"
      },
      {
        "state": "TAS",
        "price": "330",
        "price_per_unit": "60",
        "price_unit": "G"
      },
      {
        "state": "ACT",
        "price": "240",
        "price_per_unit": "44",
        "price_unit": "G"
      },
      {
        "state": "NT",
        "price": "250",
        "price_per_unit": "45",
        "price_unit": "G"
      }
    ]
  },
  {
    "source_url": "https://www.woolworths.com.au/shop/productdetails/44760/masterfoods-cloves-ground",
    "name": "MasterFoods Cloves Ground 26g",
    "image_url": "https://cdn1.woolworths.media/content/wowproductimages/large/044760.jpg",
    "source_id": "Woolworths - 44760",
    "barcode": "93782609",
    "category_id": "1_39FD49C",
    "shop": "Woolworths",
    "weight": "10G",
    "prices": [
      {
        "state": "VIC",
        "price": "520",
        "price_per_unit": "200",
        "price_unit": "G"
      },
      {
        "state": "QLD",
        "price": "520",
        "price_per_unit": "200",
        "price_unit": "G"
      },
      {
        "state": "WA",
        "price": "520",
        "price_per_unit": "200",
        "price_unit": "G"
      },
      {
        "state": "SA",
        "price": "330",
        "price_per_unit": "127",
        "price_unit": "G"
      },
      {
        "state": "TAS",
        "price": "330",
        "price_per_unit": "127",
        "price_unit": "G"
      },
      {
        "state": "ACT",
        "price": "520",
        "price_per_unit": "200",
        "price_unit": "G"
      },
      {
        "state": "NT",
        "price": "545",
        "price_per_unit": "210",
        "price_unit": "G"
      }
    ]
  },
  {
    "source_url": "https://www.woolworths.com.au/shop/productdetails/35390/masterfoods-cloves-whole",
    "name": "MasterFoods Cloves Whole 20g",
    "image_url": "https://cdn1.woolworths.media/content/wowproductimages/large/035390.jpg",
    "source_id": "Woolworths - 35390",
    "barcode": "93716468",
    "category_id": "1_39FD49C",
    "shop": "Woolworths",
    "weight": "10G",
    "prices": [
      {
        "state": "VIC",
        "price": "480",
        "price_per_unit": "240",
        "price_unit": "G"
      },
      {
        "state": "WA",
        "price": "480",
        "price_per_unit": "240",
        "price_unit": "G"
      },
      {
        "state": "SA",
        "price": "330",
        "price_per_unit": "165",
        "price_unit": "G"
      },
      {
        "state": "TAS",
        "price": "330",
        "price_per_unit": "165",
        "price_unit": "G"
      },
      {
        "state": "ACT",
        "price": "480",
        "price_per_unit": "240",
        "price_unit": "G"
      },
      {
        "state": "NT",
        "price": "505",
        "price_per_unit": "253",
        "price_unit": "G"
      }
    ]
  },
  {
    "source_url": "https://www.woolworths.com.au/shop/productdetails/23031/masterfoods-coriander-leaves",
    "name": "MasterFoods Coriander Leaves 5g",
    "image_url": "https://cdn1.woolworths.media/content/wowproductimages/large/023031.jpg",
    "source_id": "Woolworths - 23031",
    "barcode": "93782159",
    "category_id": "1_39FD49C",
    "shop": "Woolworths",
    "weight": "10G",
    "prices": [
      {
        "state": "VIC",
        "price": "390",
        "price_per_unit": "780",
        "price_unit": "G"
      },
      {
        "state": "QLD",
        "price": "390",
        "price_per_unit": "780",
        "price_unit": "G"
      },
      {
        "state": "WA",
        "price": "390",
        "price_per_unit": "780",
        "price_unit": "G"
      },
      {
        "state": "SA",
        "price": "330",
        "price_per_unit": "660",
        "price_unit": "G"
      },
      {
        "state": "TAS",
        "price": "330",
        "price_per_unit": "660",
        "price_unit": "G"
      },
      {
        "state": "ACT",
        "price": "390",
        "price_per_unit": "780",
        "price_unit": "G"
      },
      {
        "state": "NT",
        "price": "390",
        "price_per_unit": "780",
        "price_unit": "G"
      }
    ]
  },
  {
    "source_url": "https://www.woolworths.com.au/shop/productdetails/33075/masterfoods-dried-mixed-herbs",
    "name": "MasterFoods Dried Mixed Herbs 40g",
    "image_url": "https://cdn1.woolworths.media/content/wowproductimages/large/033075.jpg",
    "source_id": "Woolworths - 33075",
    "barcode": "93716086",
    "category_id": "1_39FD49C",
    "shop": "Woolworths",
    "weight": "10G",
    "prices": [
      {
        "state": "VIC",
        "price": "450",
        "price_per_unit": "113",
        "price_unit": "G"
      },
      {
        "state": "QLD",
        "price": "450",
        "price_per_unit": "113",
        "price_unit": "G"
      },
      {
        "state": "SA",
        "price": "600",
        "price_per_unit": "150",
        "price_unit": "G"
      },
      {
        "state": "TAS",
        "price": "600",
        "price_per_unit": "150",
        "price_unit": "G"
      },
      {
        "state": "ACT",
        "price": "450",
        "price_per_unit": "113",
        "price_unit": "G"
      },
      {
        "state": "NT",
        "price": "475",
        "price_per_unit": "119",
        "price_unit": "G"
      }
    ]
  },
  {
    "source_url": "https://www.woolworths.com.au/shop/productdetails/209986/masterfoods-fennel-seed-whole",
    "name": "MasterFoods Fennel Seed Whole 26g",
    "image_url": "https://cdn1.woolworths.media/content/wowproductimages/large/209986.jpg",
    "source_id": "Woolworths - 209986",
    "barcode": "9310012029564",
    "category_id": "1_39FD49C",
    "shop": "Woolworths",
    "weight": "10G",
    "prices": [
      {
        "state": "VIC",
        "price": "380",
        "price_per_unit": "146",
        "price_unit": "G"
      },
      {
        "state": "QLD",
        "price": "380",
        "price_per_unit": "146",
        "price_unit": "G"
      },
      {
        "state": "WA",
        "price": "380",
        "price_per_unit": "146",
        "price_unit": "G"
      },
      {
        "state": "SA",
        "price": "330",
        "price_per_unit": "127",
        "price_unit": "G"
      },
      {
        "state": "TAS",
        "price": "330",
        "price_per_unit": "127",
        "price_unit": "G"
      },
      {
        "state": "ACT",
        "price": "380",
        "price_per_unit": "146",
        "price_unit": "G"
      },
      {
        "state": "NT",
        "price": "400",
        "price_per_unit": "154",
        "price_unit": "G"
      }
    ]
  },
  {
    "source_url": "https://www.woolworths.com.au/shop/productdetails/33276/masterfoods-garam-masala",
    "name": "MasterFoods Garam Masala 30g",
    "image_url": "https://cdn1.woolworths.media/content/wowproductimages/large/033276.jpg",
    "source_id": "Woolworths - 33276",
    "barcode": "93716420",
    "category_id": "1_39FD49C",
    "shop": "Woolworths",
    "weight": "10G",
    "prices": [
      {
        "state": "VIC",
        "price": "350",
        "price_per_unit": "117",
        "price_unit": "G"
      },
      {
        "state": "QLD",
        "price": "350",
        "price_per_unit": "117",
        "price_unit": "G"
      },
      {
        "state": "WA",
        "price": "350",
        "price_per_unit": "117",
        "price_unit": "G"
      },
      {
        "state": "SA",
        "price": "330",
        "price_per_unit": "110",
        "price_unit": "G"
      },
      {
        "state": "TAS",
        "price": "330",
        "price_per_unit": "110",
        "price_unit": "G"
      },
      {
        "state": "ACT",
        "price": "350",
        "price_per_unit": "117",
        "price_unit": "G"
      },
      {
        "state": "NT",
        "price": "370",
        "price_per_unit": "123",
        "price_unit": "G"
      }
    ]
  },
  {
    "source_url": "https://www.woolworths.com.au/shop/productdetails/50748/masterfoods-garlic-herb-salt-seasoning-salt",
    "name": "MasterFoods Garlic & Herb Salt Seasoning 62g",
    "image_url": "https://cdn1.woolworths.media/content/wowproductimages/large/050748.jpg",
    "source_id": "Woolworths - 50748",
    "barcode": "93716864",
    "category_id": "1_39FD49C",
    "shop": "Woolworths",
    "weight": "10G",
    "prices": [
      {
        "state": "VIC",
        "price": "300",
        "price_per_unit": "48",
        "price_unit": "G"
      },
      {
        "state": "QLD",
        "price": "300",
        "price_per_unit": "48",
        "price_unit": "G"
      },
      {
        "state": "WA",
        "price": "300",
        "price_per_unit": "48",
        "price_unit": "G"
      },
      {
        "state": "SA",
        "price": "370",
        "price_per_unit": "60",
        "price_unit": "G"
      },
      {
        "state": "TAS",
        "price": "370",
        "price_per_unit": "60",
        "price_unit": "G"
      },
      {
        "state": "ACT",
        "price": "300",
        "price_per_unit": "48",
        "price_unit": "G"
      },
      {
        "state": "NT",
        "price": "315",
        "price_per_unit": "51",
        "price_unit": "G"
      }
    ]
  },
  {
    "source_url": "https://www.woolworths.com.au/shop/productdetails/35203/masterfoods-garlic-granules",
    "name": "MasterFoods Garlic Granules 155g",
    "image_url": "https://cdn1.woolworths.media/content/wowproductimages/large/035203.jpg",
    "source_id": "Woolworths - 35203",
    "barcode": "93716093",
    "category_id": "1_39FD49C",
    "shop": "Woolworths",
    "weight": "10G",
    "prices": [
      {
        "state": "VIC",
        "price": "650",
        "price_per_unit": "42",
        "price_unit": "G"
      },
      {
        "state": "QLD",
        "price": "650",
        "price_per_unit": "42",
        "price_unit": "G"
      },
      {
        "state": "WA",
        "price": "650",
        "price_per_unit": "42",
        "price_unit": "G"
      },
      {
        "state": "SA",
        "price": "600",
        "price_per_unit": "39",
        "price_unit": "G"
      },
      {
        "state": "TAS",
        "price": "600",
        "price_per_unit": "39",
        "price_unit": "G"
      },
      {
        "state": "ACT",
        "price": "650",
        "price_per_unit": "42",
        "price_unit": "G"
      },
      {
        "state": "NT",
        "price": "685",
        "price_per_unit": "44",
        "price_unit": "G"
      }
    ]
  },
  {
    "source_url": "https://www.woolworths.com.au/shop/productdetails/260587/masterfoods-garlic-granules",
    "name": "MasterFoods Garlic Granules 45g",
    "image_url": "https://cdn1.woolworths.media/content/wowproductimages/large/260587.jpg",
    "source_id": "Woolworths - 260587",
    "barcode": "9310012062325",
    "category_id": "1_39FD49C",
    "shop": "Woolworths",
    "weight": "10G",
    "prices": [
      {
        "state": "VIC",
        "price": "315",
        "price_per_unit": "70",
        "price_unit": "G"
      },
      {
        "state": "QLD",
        "price": "315",
        "price_per_unit": "70",
        "price_unit": "G"
      },
      {
        "state": "WA",
        "price": "315",
        "price_per_unit": "70",
        "price_unit": "G"
      },
      {
        "state": "SA",
        "price": "330",
        "price_per_unit": "73",
        "price_unit": "G"
      },
      {
        "state": "TAS",
        "price": "330",
        "price_per_unit": "73",
        "price_unit": "G"
      },
      {
        "state": "ACT",
        "price": "315",
        "price_per_unit": "70",
        "price_unit": "G"
      },
      {
        "state": "NT",
        "price": "315",
        "price_per_unit": "70",
        "price_unit": "G"
      }
    ]
  },
  {
    "source_url": "https://www.woolworths.com.au/shop/productdetails/193069/masterfoods-garlic-herb-seasoning",
    "name": "MasterFoods Garlic Herb Seasoning 37g",
    "image_url": "https://cdn1.woolworths.media/content/wowproductimages/large/193069.jpg",
    "source_id": "Woolworths - 193069",
    "barcode": "93718073",
    "category_id": "1_39FD49C",
    "shop": "Woolworths",
    "weight": "10G",
    "prices": [
      {
        "state": "VIC",
        "price": "350",
        "price_per_unit": "95",
        "price_unit": "G"
      },
      {
        "state": "QLD",
        "price": "350",
        "price_per_unit": "95",
        "price_unit": "G"
      },
      {
        "state": "WA",
        "price": "350",
        "price_per_unit": "95",
        "price_unit": "G"
      },
      {
        "state": "SA",
        "price": "350",
        "price_per_unit": "95",
        "price_unit": "G"
      },
      {
        "state": "TAS",
        "price": "350",
        "price_per_unit": "95",
        "price_unit": "G"
      },
      {
        "state": "ACT",
        "price": "350",
        "price_per_unit": "95",
        "price_unit": "G"
      },
      {
        "state": "NT",
        "price": "350",
        "price_per_unit": "95",
        "price_unit": "G"
      }
    ]
  },
  {
    "source_url": "https://www.woolworths.com.au/shop/productdetails/92154/masterfoods-garlic-pepper",
    "name": "MasterFoods Garlic Pepper 50g",
    "image_url": "https://cdn1.woolworths.media/content/wowproductimages/large/092154.jpg",
    "source_id": "Woolworths - 92154",
    "barcode": "93716949",
    "category_id": "1_39FD49C",
    "shop": "Woolworths",
    "weight": "10G",
    "prices": [
      {
        "state": "VIC",
        "price": "350",
        "price_per_unit": "70",
        "price_unit": "G"
      },
      {
        "state": "QLD",
        "price": "350",
        "price_per_unit": "70",
        "price_unit": "G"
      },
      {
        "state": "WA",
        "price": "350",
        "price_per_unit": "70",
        "price_unit": "G"
      },
      {
        "state": "SA",
        "price": "350",
        "price_per_unit": "70",
        "price_unit": "G"
      },
      {
        "state": "TAS",
        "price": "350",
        "price_per_unit": "70",
        "price_unit": "G"
      },
      {
        "state": "ACT",
        "price": "350",
        "price_per_unit": "70",
        "price_unit": "G"
      },
      {
        "state": "NT",
        "price": "350",
        "price_per_unit": "70",
        "price_unit": "G"
      }
    ]
  },
  {
    "source_url": "https://www.woolworths.com.au/shop/productdetails/32760/masterfoods-garlic-salt",
    "name": "MasterFoods Garlic Salt 70g",
    "image_url": "https://cdn1.woolworths.media/content/wowproductimages/large/032760.jpg",
    "source_id": "Woolworths - 32760",
    "barcode": "93716741",
    "category_id": "1_39FD49C",
    "shop": "Woolworths",
    "weight": "10G",
    "prices": [
      {
        "state": "VIC",
        "price": "250",
        "price_per_unit": "36",
        "price_unit": "G"
      },
      {
        "state": "QLD",
        "price": "250",
        "price_per_unit": "36",
        "price_unit": "G"
      },
      {
        "state": "WA",
        "price": "250",
        "price_per_unit": "36",
        "price_unit": "G"
      },
      {
        "state": "SA",
        "price": "370",
        "price_per_unit": "53",
        "price_unit": "G"
      },
      {
        "state": "TAS",
        "price": "370",
        "price_per_unit": "53",
        "price_unit": "G"
      },
      {
        "state": "ACT",
        "price": "250",
        "price_per_unit": "36",
        "price_unit": "G"
      },
      {
        "state": "NT",
        "price": "265",
        "price_per_unit": "38",
        "price_unit": "G"
      }
    ]
  },
  {
    "source_url": "https://www.woolworths.com.au/shop/productdetails/36351/masterfoods-ground-all-spice",
    "name": "MasterFoods Ground All Spice 30g",
    "image_url": "https://cdn1.woolworths.media/content/wowproductimages/large/036351.jpg",
    "source_id": "Woolworths - 36351",
    "barcode": "93716413",
    "category_id": "1_39FD49C",
    "shop": "Woolworths",
    "weight": "10G",
    "prices": [
      {
        "state": "VIC",
        "price": "355",
        "price_per_unit": "118",
        "price_unit": "G"
      },
      {
        "state": "QLD",
        "price": "355",
        "price_per_unit": "118",
        "price_unit": "G"
      },
      {
        "state": "WA",
        "price": "355",
        "price_per_unit": "118",
        "price_unit": "G"
      },
      {
        "state": "SA",
        "price": "330",
        "price_per_unit": "110",
        "price_unit": "G"
      },
      {
        "state": "TAS",
        "price": "330",
        "price_per_unit": "110",
        "price_unit": "G"
      },
      {
        "state": "ACT",
        "price": "355",
        "price_per_unit": "118",
        "price_unit": "G"
      },
      {
        "state": "NT",
        "price": "375",
        "price_per_unit": "125",
        "price_unit": "G"
      }
    ]
  },
  {
    "source_url": "https://www.woolworths.com.au/shop/productdetails/117307/masterfoods-ground-cardamom",
    "name": "MasterFoods Ground Cardamom 35g",
    "image_url": "https://cdn1.woolworths.media/content/wowproductimages/large/117307.jpg",
    "source_id": "Woolworths - 117307",
    "barcode": "93718905",
    "category_id": "1_39FD49C",
    "shop": "Woolworths",
    "weight": "10G",
    "prices": [
      {
        "state": "VIC",
        "price": "500",
        "price_per_unit": "143",
        "price_unit": "G"
      },
      {
        "state": "QLD",
        "price": "500",
        "price_per_unit": "143",
        "price_unit": "G"
      },
      {
        "state": "WA",
        "price": "500",
        "price_per_unit": "143",
        "price_unit": "G"
      },
      {
        "state": "SA",
        "price": "330",
        "price_per_unit": "94",
        "price_unit": "G"
      },
      {
        "state": "TAS",
        "price": "330",
        "price_per_unit": "94",
        "price_unit": "G"
      },
      {
        "state": "ACT",
        "price": "500",
        "price_per_unit": "143",
        "price_unit": "G"
      },
      {
        "state": "NT",
        "price": "525",
        "price_per_unit": "150",
        "price_unit": "G"
      }
    ]
  },
  {
    "source_url": "https://www.woolworths.com.au/shop/productdetails/35942/masterfoods-ground-chilli-ground",
    "name": "MasterFoods Ground Chilli 27g",
    "image_url": "https://cdn1.woolworths.media/content/wowproductimages/large/035942.jpg",
    "source_id": "Woolworths - 35942",
    "barcode": "93716444",
    "category_id": "1_39FD49C",
    "shop": "Woolworths",
    "weight": "10G",
    "prices": [
      {
        "state": "VIC",
        "price": "350",
        "price_per_unit": "130",
        "price_unit": "G"
      },
      {
        "state": "QLD",
        "price": "350",
        "price_per_unit": "130",
        "price_unit": "G"
      },
      {
        "state": "WA",
        "price": "350",
        "price_per_unit": "130",
        "price_unit": "G"
      },
      {
        "state": "SA",
        "price": "330",
        "price_per_unit": "122",
        "price_unit": "G"
      },
      {
        "state": "TAS",
        "price": "330",
        "price_per_unit": "122",
        "price_unit": "G"
      },
      {
        "state": "ACT",
        "price": "350",
        "price_per_unit": "130",
        "price_unit": "G"
      },
      {
        "state": "NT",
        "price": "370",
        "price_per_unit": "137",
        "price_unit": "G"
      }
    ]
  },
  {
    "source_url": "https://www.woolworths.com.au/shop/productdetails/32599/masterfoods-ground-coriander",
    "name": "MasterFoods Ground Coriander 25g",
    "image_url": "https://cdn1.woolworths.media/content/wowproductimages/large/032599.jpg",
    "source_id": "Woolworths - 32599",
    "barcode": "93716475",
    "category_id": "1_39FD49C",
    "shop": "Woolworths",
    "weight": "10G",
    "prices": [
      {
        "state": "VIC",
        "price": "240",
        "price_per_unit": "96",
        "price_unit": "G"
      },
      {
        "state": "WA",
        "price": "240",
        "price_per_unit": "96",
        "price_unit": "G"
      },
      {
        "state": "SA",
        "price": "330",
        "price_per_unit": "132",
        "price_unit": "G"
      },
      {
        "state": "TAS",
        "price": "330",
        "price_per_unit": "132",
        "price_unit": "G"
      },
      {
        "state": "ACT",
        "price": "240",
        "price_per_unit": "96",
        "price_unit": "G"
      },
      {
        "state": "NT",
        "price": "240",
        "price_per_unit": "96",
        "price_unit": "G"
      }
    ]
  },
  {
    "source_url": "https://www.woolworths.com.au/shop/productdetails/32503/masterfoods-ground-ginger",
    "name": "MasterFoods Ground Ginger 25g",
    "image_url": "https://cdn1.woolworths.media/content/wowproductimages/large/032503.jpg",
    "source_id": "Woolworths - 32503",
    "barcode": "93716499",
    "category_id": "1_39FD49C",
    "shop": "Woolworths",
    "weight": "10G",
    "prices": [
      {
        "state": "VIC",
        "price": "290",
        "price_per_unit": "116",
        "price_unit": "G"
      },
      {
        "state": "QLD",
        "price": "290",
        "price_per_unit": "116",
        "price_unit": "G"
      },
      {
        "state": "WA",
        "price": "290",
        "price_per_unit": "116",
        "price_unit": "G"
      },
      {
        "state": "SA",
        "price": "330",
        "price_per_unit": "132",
        "price_unit": "G"
      },
      {
        "state": "TAS",
        "price": "330",
        "price_per_unit": "132",
        "price_unit": "G"
      },
      {
        "state": "ACT",
        "price": "290",
        "price_per_unit": "116",
        "price_unit": "G"
      },
      {
        "state": "NT",
        "price": "305",
        "price_per_unit": "122",
        "price_unit": "G"
      }
    ]
  },
  {
    "source_url": "https://www.woolworths.com.au/shop/productdetails/35960/masterfoods-ground-sage-leaves",
    "name": "MasterFoods Ground Sage Leaves 20g",
    "image_url": "https://cdn1.woolworths.media/content/wowproductimages/large/035960.jpg",
    "source_id": "Woolworths - 35960",
    "barcode": "93716239",
    "category_id": "1_39FD49C",
    "shop": "Woolworths",
    "weight": "10G",
    "prices": [
      {
        "state": "VIC",
        "price": "275",
        "price_per_unit": "138",
        "price_unit": "G"
      },
      {
        "state": "QLD",
        "price": "275",
        "price_per_unit": "138",
        "price_unit": "G"
      },
      {
        "state": "WA",
        "price": "275",
        "price_per_unit": "138",
        "price_unit": "G"
      },
      {
        "state": "SA",
        "price": "330",
        "price_per_unit": "165",
        "price_unit": "G"
      },
      {
        "state": "TAS",
        "price": "330",
        "price_per_unit": "165",
        "price_unit": "G"
      },
      {
        "state": "ACT",
        "price": "275",
        "price_per_unit": "138",
        "price_unit": "G"
      },
      {
        "state": "NT",
        "price": "290",
        "price_per_unit": "145",
        "price_unit": "G"
      }
    ]
  },
  {
    "source_url": "https://www.woolworths.com.au/shop/productdetails/371816/masterfoods-harissa-middle-eastern-spice-blend",
    "name": "MasterFoods Harissa Middle Eastern Spice Blend 37g",
    "image_url": "https://cdn1.woolworths.media/content/wowproductimages/large/371816.jpg",
    "source_id": "Woolworths - 371816",
    "barcode": "9310012036487",
    "category_id": "1_39FD49C",
    "shop": "Woolworths",
    "weight": "10G",
    "prices": [
      {
        "state": "VIC",
        "price": "430",
        "price_per_unit": "116",
        "price_unit": "G"
      },
      {
        "state": "QLD",
        "price": "430",
        "price_per_unit": "116",
        "price_unit": "G"
      },
      {
        "state": "WA",
        "price": "430",
        "price_per_unit": "116",
        "price_unit": "G"
      },
      {
        "state": "SA",
        "price": "430",
        "price_per_unit": "116",
        "price_unit": "G"
      },
      {
        "state": "TAS",
        "price": "330",
        "price_per_unit": "89",
        "price_unit": "G"
      },
      {
        "state": "ACT",
        "price": "430",
        "price_per_unit": "116",
        "price_unit": "G"
      },
      {
        "state": "NT",
        "price": "450",
        "price_per_unit": "122",
        "price_unit": "G"
      }
    ]
  },
  {
    "source_url": "https://www.woolworths.com.au/shop/productdetails/905730/masterfoods-korean-bbq-spice-blend",
    "name": "Masterfoods Korean BBQ Spice Blend 20g",
    "image_url": "https://cdn1.woolworths.media/content/wowproductimages/large/905730.jpg",
    "source_id": "Woolworths - 905730",
    "barcode": "9310012063193",
    "category_id": "1_39FD49C",
    "shop": "Woolworths",
    "weight": "10G",
    "prices": [
      {
        "state": "VIC",
        "price": "250",
        "price_per_unit": "125",
        "price_unit": "G"
      },
      {
        "state": "QLD",
        "price": "250",
        "price_per_unit": "125",
        "price_unit": "G"
      },
      {
        "state": "SA",
        "price": "250",
        "price_per_unit": "125",
        "price_unit": "G"
      },
      {
        "state": "TAS",
        "price": "250",
        "price_per_unit": "125",
        "price_unit": "G"
      },
      {
        "state": "ACT",
        "price": "250",
        "price_per_unit": "125",
        "price_unit": "G"
      },
      {
        "state": "NT",
        "price": "250",
        "price_per_unit": "125",
        "price_unit": "G"
      }
    ]
  },
  {
    "source_url": "https://www.woolworths.com.au/shop/productdetails/92158/masterfoods-lamb-herbs",
    "name": "MasterFoods Lamb Herbs 15g",
    "image_url": "https://cdn1.woolworths.media/content/wowproductimages/large/092158.jpg",
    "source_id": "Woolworths - 92158",
    "barcode": "93716963",
    "category_id": "1_39FD49C",
    "shop": "Woolworths",
    "weight": "10G",
    "prices": [
      {
        "state": "VIC",
        "price": "320",
        "price_per_unit": "213",
        "price_unit": "G"
      },
      {
        "state": "QLD",
        "price": "320",
        "price_per_unit": "213",
        "price_unit": "G"
      },
      {
        "state": "WA",
        "price": "320",
        "price_per_unit": "213",
        "price_unit": "G"
      },
      {
        "state": "SA",
        "price": "330",
        "price_per_unit": "220",
        "price_unit": "G"
      },
      {
        "state": "TAS",
        "price": "330",
        "price_per_unit": "220",
        "price_unit": "G"
      },
      {
        "state": "ACT",
        "price": "320",
        "price_per_unit": "213",
        "price_unit": "G"
      },
      {
        "state": "NT",
        "price": "335",
        "price_per_unit": "223",
        "price_unit": "G"
      }
    ]
  },
  {
    "source_url": "https://www.woolworths.com.au/shop/productdetails/35551/masterfoods-large-garlic-salt-seasoning-salt",
    "name": "MasterFoods Large Garlic Salt Seasoning 210g",
    "image_url": "https://cdn1.woolworths.media/content/wowproductimages/large/035551.jpg",
    "source_id": "Woolworths - 35551",
    "barcode": "93716017",
    "category_id": "1_39FD49C",
    "shop": "Woolworths",
    "weight": "10G",
    "prices": [
      {
        "state": "VIC",
        "price": "450",
        "price_per_unit": "21",
        "price_unit": "G"
      },
      {
        "state": "QLD",
        "price": "450",
        "price_per_unit": "21",
        "price_unit": "G"
      },
      {
        "state": "WA",
        "price": "450",
        "price_per_unit": "21",
        "price_unit": "G"
      },
      {
        "state": "SA",
        "price": "650",
        "price_per_unit": "31",
        "price_unit": "G"
      },
      {
        "state": "TAS",
        "price": "650",
        "price_per_unit": "31",
        "price_unit": "G"
      },
      {
        "state": "ACT",
        "price": "450",
        "price_per_unit": "21",
        "price_unit": "G"
      },
      {
        "state": "NT",
        "price": "475",
        "price_per_unit": "23",
        "price_unit": "G"
      }
    ]
  },
  {
    "source_url": "https://www.woolworths.com.au/shop/productdetails/92157/masterfoods-large-lemon-pepper-seasoning-seasoning",
    "name": "MasterFoods Large Lemon Pepper Seasoning 170g",
    "image_url": "https://cdn1.woolworths.media/content/wowproductimages/large/092157.jpg",
    "source_id": "Woolworths - 92157",
    "barcode": "93716956",
    "category_id": "1_39FD49C",
    "shop": "Woolworths",
    "weight": "10G",
    "prices": [
      {
        "state": "VIC",
        "price": "600",
        "price_per_unit": "35",
        "price_unit": "G"
      },
      {
        "state": "QLD",
        "price": "600",
        "price_per_unit": "35",
        "price_unit": "G"
      },
      {
        "state": "WA",
        "price": "600",
        "price_per_unit": "35",
        "price_unit": "G"
      },
      {
        "state": "SA",
        "price": "650",
        "price_per_unit": "38",
        "price_unit": "G"
      },
      {
        "state": "TAS",
        "price": "650",
        "price_per_unit": "38",
        "price_unit": "G"
      },
      {
        "state": "ACT",
        "price": "600",
        "price_per_unit": "35",
        "price_unit": "G"
      },
      {
        "state": "NT",
        "price": "630",
        "price_per_unit": "37",
        "price_unit": "G"
      }
    ]
  },
  {
    "source_url": "https://www.woolworths.com.au/shop/productdetails/249549/masterfoods-large-tuscan-seasoning-seasoning",
    "name": "MasterFoods Large Tuscan Seasoning 155g",
    "image_url": "https://cdn1.woolworths.media/content/wowproductimages/large/249549.jpg",
    "source_id": "Woolworths - 249549",
    "barcode": "9310012032625",
    "category_id": "1_39FD49C",
    "shop": "Woolworths",
    "weight": "10G",
    "prices": [
      {
        "state": "VIC",
        "price": "750",
        "price_per_unit": "48",
        "price_unit": "G"
      },
      {
        "state": "QLD",
        "price": "750",
        "price_per_unit": "48",
        "price_unit": "G"
      },
      {
        "state": "WA",
        "price": "750",
        "price_per_unit": "48",
        "price_unit": "G"
      },
      {
        "state": "SA",
        "price": "730",
        "price_per_unit": "47",
        "price_unit": "G"
      },
      {
        "state": "TAS",
        "price": "730",
        "price_per_unit": "47",
        "price_unit": "G"
      },
      {
        "state": "ACT",
        "price": "750",
        "price_per_unit": "48",
        "price_unit": "G"
      },
      {
        "state": "NT",
        "price": "790",
        "price_per_unit": "51",
        "price_unit": "G"
      }
    ]
  },
  {
    "source_url": "https://www.woolworths.com.au/shop/productdetails/36345/masterfoods-mexican-chilli-powder",
    "name": "MasterFoods Mexican Chilli Powder 30g",
    "image_url": "https://cdn1.woolworths.media/content/wowproductimages/large/036345.jpg",
    "source_id": "Woolworths - 36345",
    "barcode": "93716512",
    "category_id": "1_39FD49C",
    "shop": "Woolworths",
    "weight": "10G",
    "prices": [
      {
        "state": "VIC",
        "price": "430",
        "price_per_unit": "143",
        "price_unit": "G"
      },
      {
        "state": "QLD",
        "price": "430",
        "price_per_unit": "143",
        "price_unit": "G"
      },
      {
        "state": "WA",
        "price": "430",
        "price_per_unit": "143",
        "price_unit": "G"
      },
      {
        "state": "SA",
        "price": "450",
        "price_per_unit": "150",
        "price_unit": "G"
      },
      {
        "state": "TAS",
        "price": "450",
        "price_per_unit": "150",
        "price_unit": "G"
      },
      {
        "state": "ACT",
        "price": "430",
        "price_per_unit": "143",
        "price_unit": "G"
      },
      {
        "state": "NT",
        "price": "450",
        "price_per_unit": "150",
        "price_unit": "G"
      }
    ]
  },
  {
    "source_url": "https://www.woolworths.com.au/shop/productdetails/36349/masterfoods-mixed-herb-blend",
    "name": "MasterFoods Mixed Herb Blend 10g",
    "image_url": "https://cdn1.woolworths.media/content/wowproductimages/large/036349.jpg",
    "source_id": "Woolworths - 36349",
    "barcode": "93716192",
    "category_id": "1_39FD49C",
    "shop": "Woolworths",
    "weight": "10G",
    "prices": [
      {
        "state": "VIC",
        "price": "290",
        "price_per_unit": "290",
        "price_unit": "G"
      },
      {
        "state": "QLD",
        "price": "290",
        "price_per_unit": "290",
        "price_unit": "G"
      },
      {
        "state": "WA",
        "price": "290",
        "price_per_unit": "290",
        "price_unit": "G"
      },
      {
        "state": "SA",
        "price": "330",
        "price_per_unit": "330",
        "price_unit": "G"
      },
      {
        "state": "TAS",
        "price": "330",
        "price_per_unit": "330",
        "price_unit": "G"
      },
      {
        "state": "ACT",
        "price": "290",
        "price_per_unit": "290",
        "price_unit": "G"
      },
      {
        "state": "NT",
        "price": "305",
        "price_per_unit": "305",
        "price_unit": "G"
      }
    ]
  },
  {
    "source_url": "https://www.woolworths.com.au/shop/productdetails/35053/masterfoods-mixed-spice",
    "name": "MasterFoods Mixed Spice 30g",
    "image_url": "https://cdn1.woolworths.media/content/wowproductimages/large/035053.jpg",
    "source_id": "Woolworths - 35053",
    "barcode": "93716659",
    "category_id": "1_39FD49C",
    "shop": "Woolworths",
    "weight": "10G",
    "prices": [
      {
        "state": "VIC",
        "price": "340",
        "price_per_unit": "113",
        "price_unit": "G"
      },
      {
        "state": "WA",
        "price": "340",
        "price_per_unit": "113",
        "price_unit": "G"
      },
      {
        "state": "TAS",
        "price": "330",
        "price_per_unit": "110",
        "price_unit": "G"
      },
      {
        "state": "ACT",
        "price": "340",
        "price_per_unit": "113",
        "price_unit": "G"
      }
    ]
  },
  {
    "source_url": "https://www.woolworths.com.au/shop/productdetails/249551/masterfoods-moroccan-seasoning",
    "name": "MasterFoods Moroccan Seasoning 160g",
    "image_url": "https://cdn1.woolworths.media/content/wowproductimages/large/249551.jpg",
    "source_id": "Woolworths - 249551",
    "barcode": "9310012032632",
    "category_id": "1_39FD49C",
    "shop": "Woolworths",
    "weight": "10G",
    "prices": [
      {
        "state": "VIC",
        "price": "730",
        "price_per_unit": "46",
        "price_unit": "G"
      },
      {
        "state": "QLD",
        "price": "730",
        "price_per_unit": "46",
        "price_unit": "G"
      },
      {
        "state": "WA",
        "price": "730",
        "price_per_unit": "46",
        "price_unit": "G"
      },
      {
        "state": "SA",
        "price": "730",
        "price_per_unit": "46",
        "price_unit": "G"
      },
      {
        "state": "TAS",
        "price": "730",
        "price_per_unit": "46",
        "price_unit": "G"
      },
      {
        "state": "ACT",
        "price": "730",
        "price_per_unit": "46",
        "price_unit": "G"
      },
      {
        "state": "NT",
        "price": "770",
        "price_per_unit": "48",
        "price_unit": "G"
      }
    ]
  },
  {
    "source_url": "https://www.woolworths.com.au/shop/productdetails/93114/masterfoods-moroccan-seasoning",
    "name": "MasterFoods Moroccan Seasoning 47g",
    "image_url": "https://cdn1.woolworths.media/content/wowproductimages/large/093114.jpg",
    "source_id": "Woolworths - 93114",
    "barcode": "93782050",
    "category_id": "1_39FD49C",
    "shop": "Woolworths",
    "weight": "10G",
    "prices": [
      {
        "state": "VIC",
        "price": "400",
        "price_per_unit": "85",
        "price_unit": "G"
      },
      {
        "state": "QLD",
        "price": "400",
        "price_per_unit": "85",
        "price_unit": "G"
      },
      {
        "state": "WA",
        "price": "400",
        "price_per_unit": "85",
        "price_unit": "G"
      },
      {
        "state": "SA",
        "price": "450",
        "price_per_unit": "96",
        "price_unit": "G"
      },
      {
        "state": "TAS",
        "price": "450",
        "price_per_unit": "96",
        "price_unit": "G"
      },
      {
        "state": "ACT",
        "price": "400",
        "price_per_unit": "85",
        "price_unit": "G"
      },
      {
        "state": "NT",
        "price": "420",
        "price_per_unit": "89",
        "price_unit": "G"
      }
    ]
  },
  {
    "source_url": "https://www.woolworths.com.au/shop/productdetails/498718/masterfoods-moroccan-spice-blend-no-added-salt",
    "name": "MasterFoods Moroccan Spice Blend No Added Salt 38g",
    "image_url": "https://cdn1.woolworths.media/content/wowproductimages/large/498718.jpg",
    "source_id": "Woolworths - 498718",
    "barcode": "9310012062431",
    "category_id": "1_39FD49C",
    "shop": "Woolworths",
    "weight": "10G",
    "prices": [
      {
        "state": "VIC",
        "price": "425",
        "price_per_unit": "112",
        "price_unit": "G"
      },
      {
        "state": "QLD",
        "price": "425",
        "price_per_unit": "112",
        "price_unit": "G"
      },
      {
        "state": "WA",
        "price": "425",
        "price_per_unit": "112",
        "price_unit": "G"
      },
      {
        "state": "SA",
        "price": "450",
        "price_per_unit": "118",
        "price_unit": "G"
      },
      {
        "state": "TAS",
        "price": "450",
        "price_per_unit": "118",
        "price_unit": "G"
      },
      {
        "state": "ACT",
        "price": "425",
        "price_per_unit": "112",
        "price_unit": "G"
      },
      {
        "state": "NT",
        "price": "425",
        "price_per_unit": "112",
        "price_unit": "G"
      }
    ]
  },
  {
    "source_url": "https://www.woolworths.com.au/shop/productdetails/494777/masterfoods-my-muscle-chef-chimichurri-herb-blend",
    "name": "Masterfoods My Muscle Chef Chimichurri Herb Blend 25g",
    "image_url": "https://cdn1.woolworths.media/content/wowproductimages/large/494777.jpg",
    "source_id": "Woolworths - 494777",
    "barcode": "9310012062929",
    "category_id": "1_39FD49C",
    "shop": "Woolworths",
    "weight": "10G",
    "prices": [
      {
        "state": "VIC",
        "price": "480",
        "price_per_unit": "192",
        "price_unit": "G"
      },
      {
        "state": "QLD",
        "price": "480",
        "price_per_unit": "192",
        "price_unit": "G"
      },
      {
        "state": "WA",
        "price": "480",
        "price_per_unit": "192",
        "price_unit": "G"
      },
      {
        "state": "SA",
        "price": "450",
        "price_per_unit": "180",
        "price_unit": "G"
      },
      {
        "state": "TAS",
        "price": "450",
        "price_per_unit": "180",
        "price_unit": "G"
      },
      {
        "state": "ACT",
        "price": "480",
        "price_per_unit": "192",
        "price_unit": "G"
      },
      {
        "state": "NT",
        "price": "480",
        "price_per_unit": "192",
        "price_unit": "G"
      }
    ]
  },
  {
    "source_url": "https://www.woolworths.com.au/shop/productdetails/494790/masterfoods-my-muscle-chef-chipotle-spice-blend",
    "name": "Masterfoods My Muscle Chef Chipotle Spice Blend 40g",
    "image_url": "https://cdn1.woolworths.media/content/wowproductimages/large/494790.jpg",
    "source_id": "Woolworths - 494790",
    "barcode": "9310012062882",
    "category_id": "1_39FD49C",
    "shop": "Woolworths",
    "weight": "10G",
    "prices": [
      {
        "state": "VIC",
        "price": "480",
        "price_per_unit": "120",
        "price_unit": "G"
      },
      {
        "state": "QLD",
        "price": "480",
        "price_per_unit": "120",
        "price_unit": "G"
      },
      {
        "state": "WA",
        "price": "480",
        "price_per_unit": "120",
        "price_unit": "G"
      },
      {
        "state": "SA",
        "price": "450",
        "price_per_unit": "113",
        "price_unit": "G"
      },
      {
        "state": "TAS",
        "price": "450",
        "price_per_unit": "113",
        "price_unit": "G"
      },
      {
        "state": "ACT",
        "price": "480",
        "price_per_unit": "120",
        "price_unit": "G"
      },
      {
        "state": "NT",
        "price": "480",
        "price_per_unit": "120",
        "price_unit": "G"
      }
    ]
  },
  {
    "source_url": "https://www.woolworths.com.au/shop/productdetails/504142/masterfoods-my-muscle-chef-peri-peri-spice-blend",
    "name": "MasterFoods My Muscle Chef Peri Peri Spice Blend 38g",
    "image_url": "https://cdn1.woolworths.media/content/wowproductimages/large/504142.jpg",
    "source_id": "Woolworths - 504142",
    "barcode": "9310012062899",
    "category_id": "1_39FD49C",
    "shop": "Woolworths",
    "weight": "10G",
    "prices": [
      {
        "state": "VIC",
        "price": "480",
        "price_per_unit": "192",
        "price_unit": "G"
      },
      {
        "state": "QLD",
        "price": "480",
        "price_per_unit": "192",
        "price_unit": "G"
      },
      {
        "state": "WA",
        "price": "480",
        "price_per_unit": "192",
        "price_unit": "G"
      },
      {
        "state": "SA",
        "price": "450",
        "price_per_unit": "180",
        "price_unit": "G"
      },
      {
        "state": "TAS",
        "price": "450",
        "price_per_unit": "180",
        "price_unit": "G"
      },
      {
        "state": "ACT",
        "price": "480",
        "price_per_unit": "192",
        "price_unit": "G"
      },
      {
        "state": "NT",
        "price": "480",
        "price_per_unit": "192",
        "price_unit": "G"
      }
    ]
  },
  {
    "source_url": "https://www.woolworths.com.au/shop/productdetails/32506/masterfoods-nutmeg-ground",
    "name": "MasterFoods Nutmeg Ground 30g",
    "image_url": "https://cdn1.woolworths.media/content/wowproductimages/large/032506.jpg",
    "source_id": "Woolworths - 32506",
    "barcode": "93716529",
    "category_id": "1_39FD49C",
    "shop": "Woolworths",
    "weight": "10G",
    "prices": [
      {
        "state": "VIC",
        "price": "370",
        "price_per_unit": "123",
        "price_unit": "G"
      },
      {
        "state": "QLD",
        "price": "370",
        "price_per_unit": "123",
        "price_unit": "G"
      },
      {
        "state": "WA",
        "price": "370",
        "price_per_unit": "123",
        "price_unit": "G"
      },
      {
        "state": "SA",
        "price": "330",
        "price_per_unit": "110",
        "price_unit": "G"
      },
      {
        "state": "TAS",
        "price": "330",
        "price_per_unit": "110",
        "price_unit": "G"
      },
      {
        "state": "ACT",
        "price": "370",
        "price_per_unit": "123",
        "price_unit": "G"
      }
    ]
  },
  {
    "source_url": "https://www.woolworths.com.au/shop/productdetails/38077/masterfoods-onion-flakes",
    "name": "MasterFoods Onion Flakes 100g",
    "image_url": "https://cdn1.woolworths.media/content/wowproductimages/large/038077.jpg",
    "source_id": "Woolworths - 38077",
    "barcode": "93716048",
    "category_id": "1_39FD49C",
    "shop": "Woolworths",
    "weight": "10G",
    "prices": [
      {
        "state": "VIC",
        "price": "500",
        "price_per_unit": "50",
        "price_unit": "G"
      },
      {
        "state": "QLD",
        "price": "500",
        "price_per_unit": "50",
        "price_unit": "G"
      },
      {
        "state": "WA",
        "price": "500",
        "price_per_unit": "50",
        "price_unit": "G"
      },
      {
        "state": "SA",
        "price": "600",
        "price_per_unit": "60",
        "price_unit": "G"
      },
      {
        "state": "TAS",
        "price": "600",
        "price_per_unit": "60",
        "price_unit": "G"
      },
      {
        "state": "ACT",
        "price": "500",
        "price_per_unit": "50",
        "price_unit": "G"
      },
      {
        "state": "NT",
        "price": "525",
        "price_per_unit": "53",
        "price_unit": "G"
      }
    ]
  },
  {
    "source_url": "https://www.woolworths.com.au/shop/productdetails/115148/masterfoods-onion-salt",
    "name": "MasterFoods Onion Salt 178g",
    "image_url": "https://cdn1.woolworths.media/content/wowproductimages/large/115148.jpg",
    "source_id": "Woolworths - 115148",
    "barcode": "93716970",
    "category_id": "1_39FD49C",
    "shop": "Woolworths",
    "weight": "10G",
    "prices": [
      {
        "state": "VIC",
        "price": "450",
        "price_per_unit": "25",
        "price_unit": "G"
      },
      {
        "state": "QLD",
        "price": "450",
        "price_per_unit": "25",
        "price_unit": "G"
      },
      {
        "state": "WA",
        "price": "450",
        "price_per_unit": "25",
        "price_unit": "G"
      },
      {
        "state": "SA",
        "price": "650",
        "price_per_unit": "37",
        "price_unit": "G"
      },
      {
        "state": "TAS",
        "price": "650",
        "price_per_unit": "37",
        "price_unit": "G"
      },
      {
        "state": "ACT",
        "price": "450",
        "price_per_unit": "25",
        "price_unit": "G"
      },
      {
        "state": "NT",
        "price": "475",
        "price_per_unit": "27",
        "price_unit": "G"
      }
    ]
  },
  {
    "source_url": "https://www.woolworths.com.au/shop/productdetails/94484/masterfoods-oregano-leaves",
    "name": "MasterFoods Oregano Leaves 18g",
    "image_url": "https://cdn1.woolworths.media/content/wowproductimages/large/094484.jpg",
    "source_id": "Woolworths - 94484",
    "barcode": "93716871",
    "category_id": "1_39FD49C",
    "shop": "Woolworths",
    "weight": "10G",
    "prices": [
      {
        "state": "VIC",
        "price": "550",
        "price_per_unit": "306",
        "price_unit": "G"
      },
      {
        "state": "QLD",
        "price": "550",
        "price_per_unit": "306",
        "price_unit": "G"
      },
      {
        "state": "WA",
        "price": "550",
        "price_per_unit": "306",
        "price_unit": "G"
      },
      {
        "state": "SA",
        "price": "600",
        "price_per_unit": "333",
        "price_unit": "G"
      },
      {
        "state": "TAS",
        "price": "600",
        "price_per_unit": "333",
        "price_unit": "G"
      },
      {
        "state": "ACT",
        "price": "550",
        "price_per_unit": "306",
        "price_unit": "G"
      }
    ]
  },
  {
    "source_url": "https://www.woolworths.com.au/shop/productdetails/94485/masterfoods-paprika",
    "name": "MasterFoods Paprika 115g",
    "image_url": "https://cdn1.woolworths.media/content/wowproductimages/large/094485.jpg",
    "source_id": "Woolworths - 94485",
    "barcode": "93716833",
    "category_id": "1_39FD49C",
    "shop": "Woolworths",
    "weight": "10G",
    "prices": [
      {
        "state": "VIC",
        "price": "650",
        "price_per_unit": "57",
        "price_unit": "G"
      },
      {
        "state": "QLD",
        "price": "650",
        "price_per_unit": "57",
        "price_unit": "G"
      },
      {
        "state": "WA",
        "price": "650",
        "price_per_unit": "57",
        "price_unit": "G"
      },
      {
        "state": "TAS",
        "price": "650",
        "price_per_unit": "57",
        "price_unit": "G"
      },
      {
        "state": "ACT",
        "price": "650",
        "price_per_unit": "57",
        "price_unit": "G"
      },
      {
        "state": "NT",
        "price": "650",
        "price_per_unit": "57",
        "price_unit": "G"
      }
    ]
  },
  {
    "source_url": "https://www.woolworths.com.au/shop/productdetails/59265/masterfoods-parsley-flakes",
    "name": "MasterFoods Parsley Flakes 4G",
    "image_url": "https://cdn1.woolworths.media/content/wowproductimages/large/059265.jpg",
    "source_id": "Woolworths - 59265",
    "barcode": "93716222",
    "category_id": "1_39FD49C",
    "shop": "Woolworths",
    "weight": "10G",
    "prices": [
      {
        "state": "VIC",
        "price": "190",
        "price_per_unit": "475",
        "price_unit": "G"
      },
      {
        "state": "QLD",
        "price": "190",
        "price_per_unit": "475",
        "price_unit": "G"
      },
      {
        "state": "WA",
        "price": "190",
        "price_per_unit": "475",
        "price_unit": "G"
      },
      {
        "state": "SA",
        "price": "330",
        "price_per_unit": "825",
        "price_unit": "G"
      },
      {
        "state": "TAS",
        "price": "330",
        "price_per_unit": "825",
        "price_unit": "G"
      },
      {
        "state": "ACT",
        "price": "190",
        "price_per_unit": "475",
        "price_unit": "G"
      },
      {
        "state": "NT",
        "price": "200",
        "price_per_unit": "500",
        "price_unit": "G"
      }
    ]
  },
  {
    "source_url": "https://www.woolworths.com.au/shop/productdetails/93055/masterfoods-pepper-steak-seasoning",
    "name": "MasterFoods Pepper Steak Seasoning 35g",
    "image_url": "https://cdn1.woolworths.media/content/wowproductimages/large/093055.jpg",
    "source_id": "Woolworths - 93055",
    "barcode": "93716314",
    "category_id": "1_39FD49C",
    "shop": "Woolworths",
    "weight": "10G",
    "prices": [
      {
        "state": "VIC",
        "price": "400",
        "price_per_unit": "114",
        "price_unit": "G"
      },
      {
        "state": "WA",
        "price": "400",
        "price_per_unit": "114",
        "price_unit": "G"
      },
      {
        "state": "SA",
        "price": "400",
        "price_per_unit": "114",
        "price_unit": "G"
      },
      {
        "state": "TAS",
        "price": "400",
        "price_per_unit": "114",
        "price_unit": "G"
      },
      {
        "state": "ACT",
        "price": "400",
        "price_per_unit": "114",
        "price_unit": "G"
      },
      {
        "state": "NT",
        "price": "400",
        "price_per_unit": "114",
        "price_unit": "G"
      }
    ]
  },
  {
    "source_url": "https://www.woolworths.com.au/shop/productdetails/234786/masterfoods-perfect-for-chicken-spice-blend",
    "name": "MasterFoods Perfect For Chicken Spice Blend 20g",
    "image_url": "https://cdn1.woolworths.media/content/wowproductimages/large/234786.jpg",
    "source_id": "Woolworths - 234786",
    "barcode": "9310012061243",
    "category_id": "1_39FD49C",
    "shop": "Woolworths",
    "weight": "10G",
    "prices": [
      {
        "state": "VIC",
        "price": "250",
        "price_per_unit": "125",
        "price_unit": "G"
      },
      {
        "state": "QLD",
        "price": "250",
        "price_per_unit": "125",
        "price_unit": "G"
      },
      {
        "state": "WA",
        "price": "250",
        "price_per_unit": "125",
        "price_unit": "G"
      },
      {
        "state": "SA",
        "price": "250",
        "price_per_unit": "125",
        "price_unit": "G"
      },
      {
        "state": "TAS",
        "price": "250",
        "price_per_unit": "125",
        "price_unit": "G"
      },
      {
        "state": "ACT",
        "price": "250",
        "price_per_unit": "125",
        "price_unit": "G"
      },
      {
        "state": "NT",
        "price": "265",
        "price_per_unit": "133",
        "price_unit": "G"
      }
    ]
  },
  {
    "source_url": "https://www.woolworths.com.au/shop/productdetails/235503/masterfoods-perfect-for-fish-spice-blend",
    "name": "MasterFoods Perfect For Fish Spice Blend 20g",
    "image_url": "https://cdn1.woolworths.media/content/wowproductimages/large/235503.jpg",
    "source_id": "Woolworths - 235503",
    "barcode": "9310012061267",
    "category_id": "1_39FD49C",
    "shop": "Woolworths",
    "weight": "10G",
    "prices": [
      {
        "state": "VIC",
        "price": "250",
        "price_per_unit": "125",
        "price_unit": "G"
      },
      {
        "state": "QLD",
        "price": "250",
        "price_per_unit": "125",
        "price_unit": "G"
      },
      {
        "state": "SA",
        "price": "250",
        "price_per_unit": "125",
        "price_unit": "G"
      },
      {
        "state": "TAS",
        "price": "250",
        "price_per_unit": "125",
        "price_unit": "G"
      },
      {
        "state": "ACT",
        "price": "250",
        "price_per_unit": "125",
        "price_unit": "G"
      },
      {
        "state": "NT",
        "price": "265",
        "price_per_unit": "133",
        "price_unit": "G"
      }
    ]
  },
  {
    "source_url": "https://www.woolworths.com.au/shop/productdetails/235446/masterfoods-perfect-for-lamb-spice-blend",
    "name": "MasterFoods Perfect For Lamb Spice Blend 20g",
    "image_url": "https://cdn1.woolworths.media/content/wowproductimages/large/235446.jpg",
    "source_id": "Woolworths - 235446",
    "barcode": "9310012061281",
    "category_id": "1_39FD49C",
    "shop": "Woolworths",
    "weight": "10G",
    "prices": [
      {
        "state": "VIC",
        "price": "250",
        "price_per_unit": "125",
        "price_unit": "G"
      },
      {
        "state": "QLD",
        "price": "250",
        "price_per_unit": "125",
        "price_unit": "G"
      },
      {
        "state": "SA",
        "price": "250",
        "price_per_unit": "125",
        "price_unit": "G"
      },
      {
        "state": "TAS",
        "price": "250",
        "price_per_unit": "125",
        "price_unit": "G"
      },
      {
        "state": "ACT",
        "price": "250",
        "price_per_unit": "125",
        "price_unit": "G"
      },
      {
        "state": "NT",
        "price": "265",
        "price_per_unit": "133",
        "price_unit": "G"
      }
    ]
  },
  {
    "source_url": "https://www.woolworths.com.au/shop/productdetails/74502/masterfoods-pizza-seasoning-sprinkle",
    "name": "MasterFoods Pizza Seasoning Sprinkle 18g",
    "image_url": "https://cdn1.woolworths.media/content/wowproductimages/large/074502.jpg",
    "source_id": "Woolworths - 74502",
    "barcode": "93782265",
    "category_id": "1_39FD49C",
    "shop": "Woolworths",
    "weight": "10G",
    "prices": [
      {
        "state": "VIC",
        "price": "350",
        "price_per_unit": "194",
        "price_unit": "G"
      },
      {
        "state": "QLD",
        "price": "350",
        "price_per_unit": "194",
        "price_unit": "G"
      },
      {
        "state": "WA",
        "price": "350",
        "price_per_unit": "194",
        "price_unit": "G"
      },
      {
        "state": "SA",
        "price": "450",
        "price_per_unit": "250",
        "price_unit": "G"
      },
      {
        "state": "TAS",
        "price": "450",
        "price_per_unit": "250",
        "price_unit": "G"
      },
      {
        "state": "ACT",
        "price": "350",
        "price_per_unit": "194",
        "price_unit": "G"
      },
      {
        "state": "NT",
        "price": "370",
        "price_per_unit": "206",
        "price_unit": "G"
      }
    ]
  },
  {
    "source_url": "https://www.woolworths.com.au/shop/productdetails/44751/masterfoods-roast-chicken-seasoning",
    "name": "MasterFoods Roast Chicken Seasoning 41g",
    "image_url": "https://cdn1.woolworths.media/content/wowproductimages/large/044751.jpg",
    "source_id": "Woolworths - 44751",
    "barcode": "93782548",
    "category_id": "1_39FD49C",
    "shop": "Woolworths",
    "weight": "10G",
    "prices": [
      {
        "state": "VIC",
        "price": "420",
        "price_per_unit": "102",
        "price_unit": "G"
      },
      {
        "state": "QLD",
        "price": "420",
        "price_per_unit": "102",
        "price_unit": "G"
      },
      {
        "state": "WA",
        "price": "420",
        "price_per_unit": "102",
        "price_unit": "G"
      },
      {
        "state": "SA",
        "price": "370",
        "price_per_unit": "90",
        "price_unit": "G"
      },
      {
        "state": "TAS",
        "price": "370",
        "price_per_unit": "90",
        "price_unit": "G"
      },
      {
        "state": "ACT",
        "price": "420",
        "price_per_unit": "102",
        "price_unit": "G"
      },
      {
        "state": "NT",
        "price": "440",
        "price_per_unit": "107",
        "price_unit": "G"
      }
    ]
  },
  {
    "source_url": "https://www.woolworths.com.au/shop/productdetails/35959/masterfoods-rosemary-leaves",
    "name": "MasterFoods Rosemary Leaves 16g",
    "image_url": "https://cdn1.woolworths.media/content/wowproductimages/large/035959.jpg",
    "source_id": "Woolworths - 35959",
    "barcode": "93716284",
    "category_id": "1_39FD49C",
    "shop": "Woolworths",
    "weight": "10G",
    "prices": [
      {
        "state": "VIC",
        "price": "220",
        "price_per_unit": "138",
        "price_unit": "G"
      },
      {
        "state": "QLD",
        "price": "220",
        "price_per_unit": "138",
        "price_unit": "G"
      },
      {
        "state": "WA",
        "price": "220",
        "price_per_unit": "138",
        "price_unit": "G"
      },
      {
        "state": "SA",
        "price": "330",
        "price_per_unit": "206",
        "price_unit": "G"
      },
      {
        "state": "TAS",
        "price": "330",
        "price_per_unit": "206",
        "price_unit": "G"
      },
      {
        "state": "ACT",
        "price": "220",
        "price_per_unit": "138",
        "price_unit": "G"
      },
      {
        "state": "NT",
        "price": "230",
        "price_per_unit": "144",
        "price_unit": "G"
      }
    ]
  },
  {
    "source_url": "https://www.woolworths.com.au/shop/productdetails/502075/masterfoods-salad-crunch-topper-herb-blend-with-basil-garlic",
    "name": "Masterfoods Salad Crunch Topper Herb Blend With Basil & Garlic 30g",
    "image_url": "https://cdn1.woolworths.media/content/wowproductimages/large/502075.jpg",
    "source_id": "Woolworths - 502075",
    "barcode": "9310012062356",
    "category_id": "1_39FD49C",
    "shop": "Woolworths",
    "weight": "10G",
    "prices": [
      {
        "state": "VIC",
        "price": "450",
        "price_per_unit": "150",
        "price_unit": "G"
      },
      {
        "state": "QLD",
        "price": "450",
        "price_per_unit": "150",
        "price_unit": "G"
      },
      {
        "state": "WA",
        "price": "450",
        "price_per_unit": "150",
        "price_unit": "G"
      },
      {
        "state": "SA",
        "price": "450",
        "price_per_unit": "150",
        "price_unit": "G"
      },
      {
        "state": "TAS",
        "price": "450",
        "price_per_unit": "150",
        "price_unit": "G"
      },
      {
        "state": "ACT",
        "price": "450",
        "price_per_unit": "150",
        "price_unit": "G"
      },
      {
        "state": "NT",
        "price": "475",
        "price_per_unit": "158",
        "price_unit": "G"
      }
    ]
  },
  {
    "source_url": "https://www.woolworths.com.au/shop/productdetails/32759/masterfoods-salt-onion",
    "name": "MasterFoods Salt Onion 68g",
    "image_url": "https://cdn1.woolworths.media/content/wowproductimages/large/032759.jpg",
    "source_id": "Woolworths - 32759",
    "barcode": "93716758",
    "category_id": "1_39FD49C",
    "shop": "Woolworths",
    "weight": "10G",
    "prices": [
      {
        "state": "VIC",
        "price": "250",
        "price_per_unit": "37",
        "price_unit": "G"
      },
      {
        "state": "QLD",
        "price": "250",
        "price_per_unit": "37",
        "price_unit": "G"
      },
      {
        "state": "WA",
        "price": "250",
        "price_per_unit": "37",
        "price_unit": "G"
      },
      {
        "state": "SA",
        "price": "370",
        "price_per_unit": "54",
        "price_unit": "G"
      },
      {
        "state": "TAS",
        "price": "370",
        "price_per_unit": "54",
        "price_unit": "G"
      },
      {
        "state": "ACT",
        "price": "250",
        "price_per_unit": "37",
        "price_unit": "G"
      },
      {
        "state": "NT",
        "price": "265",
        "price_per_unit": "39",
        "price_unit": "G"
      }
    ]
  },
  {
    "source_url": "https://www.woolworths.com.au/shop/productdetails/92971/masterfoods-seasoning-garlic-steak",
    "name": "MasterFoods Seasoning Garlic Steak 50g",
    "image_url": "https://cdn1.woolworths.media/content/wowproductimages/large/092971.jpg",
    "source_id": "Woolworths - 92971",
    "barcode": "93716840",
    "category_id": "1_39FD49C",
    "shop": "Woolworths",
    "weight": "10G",
    "prices": [
      {
        "state": "VIC",
        "price": "400",
        "price_per_unit": "80",
        "price_unit": "G"
      },
      {
        "state": "WA",
        "price": "400",
        "price_per_unit": "80",
        "price_unit": "G"
      },
      {
        "state": "SA",
        "price": "370",
        "price_per_unit": "74",
        "price_unit": "G"
      },
      {
        "state": "TAS",
        "price": "370",
        "price_per_unit": "74",
        "price_unit": "G"
      },
      {
        "state": "ACT",
        "price": "400",
        "price_per_unit": "80",
        "price_unit": "G"
      },
      {
        "state": "NT",
        "price": "420",
        "price_per_unit": "84",
        "price_unit": "G"
      }
    ]
  },
  {
    "source_url": "https://www.woolworths.com.au/shop/productdetails/23030/masterfoods-seasoning-spaghetti-bolognese",
    "name": "MasterFoods Seasoning Spaghetti Bolognese 40g",
    "image_url": "https://cdn1.woolworths.media/content/wowproductimages/large/023030.jpg",
    "source_id": "Woolworths - 23030",
    "barcode": "93782111",
    "category_id": "1_39FD49C",
    "shop": "Woolworths",
    "weight": "10G",
    "prices": [
      {
        "state": "VIC",
        "price": "700",
        "price_per_unit": "175",
        "price_unit": "G"
      },
      {
        "state": "QLD",
        "price": "700",
        "price_per_unit": "175",
        "price_unit": "G"
      },
      {
        "state": "WA",
        "price": "700",
        "price_per_unit": "175",
        "price_unit": "G"
      },
      {
        "state": "SA",
        "price": "730",
        "price_per_unit": "183",
        "price_unit": "G"
      },
      {
        "state": "TAS",
        "price": "730",
        "price_per_unit": "183",
        "price_unit": "G"
      },
      {
        "state": "ACT",
        "price": "700",
        "price_per_unit": "175",
        "price_unit": "G"
      },
      {
        "state": "NT",
        "price": "735",
        "price_per_unit": "184",
        "price_unit": "G"
      }
    ]
  },
  {
    "source_url": "https://www.woolworths.com.au/shop/productdetails/114235/masterfoods-smoked-charred-alabama-style-rub",
    "name": "MasterFoods Smoked & Charred Alabama Style Rub 52G",
    "image_url": "https://cdn1.woolworths.media/content/wowproductimages/large/114235.jpg",
    "source_id": "Woolworths - 114235",
    "barcode": "9310012058441",
    "category_id": "1_39FD49C",
    "shop": "Woolworths",
    "weight": "10G",
    "prices": [
      {
        "state": "VIC",
        "price": "430",
        "price_per_unit": "83",
        "price_unit": "G"
      },
      {
        "state": "QLD",
        "price": "430",
        "price_per_unit": "83",
        "price_unit": "G"
      },
      {
        "state": "WA",
        "price": "430",
        "price_per_unit": "83",
        "price_unit": "G"
      },
      {
        "state": "SA",
        "price": "370",
        "price_per_unit": "71",
        "price_unit": "G"
      },
      {
        "state": "TAS",
        "price": "370",
        "price_per_unit": "71",
        "price_unit": "G"
      },
      {
        "state": "ACT",
        "price": "430",
        "price_per_unit": "83",
        "price_unit": "G"
      },
      {
        "state": "NT",
        "price": "450",
        "price_per_unit": "87",
        "price_unit": "G"
      }
    ]
  },
  {
    "source_url": "https://www.woolworths.com.au/shop/productdetails/113949/masterfoods-smoked-charred-texan-style-rub",
    "name": "MasterFoods Smoked & Charred Texan Style Rub 50g",
    "image_url": "https://cdn1.woolworths.media/content/wowproductimages/large/113949.jpg",
    "source_id": "Woolworths - 113949",
    "barcode": "9310012058410",
    "category_id": "1_39FD49C",
    "shop": "Woolworths",
    "weight": "10G",
    "prices": [
      {
        "state": "VIC",
        "price": "430",
        "price_per_unit": "86",
        "price_unit": "G"
      },
      {
        "state": "QLD",
        "price": "430",
        "price_per_unit": "86",
        "price_unit": "G"
      },
      {
        "state": "WA",
        "price": "430",
        "price_per_unit": "86",
        "price_unit": "G"
      },
      {
        "state": "SA",
        "price": "370",
        "price_per_unit": "74",
        "price_unit": "G"
      },
      {
        "state": "TAS",
        "price": "370",
        "price_per_unit": "74",
        "price_unit": "G"
      },
      {
        "state": "ACT",
        "price": "430",
        "price_per_unit": "86",
        "price_unit": "G"
      },
      {
        "state": "NT",
        "price": "450",
        "price_per_unit": "90",
        "price_unit": "G"
      }
    ]
  },
  {
    "source_url": "https://www.woolworths.com.au/shop/productdetails/905774/masterfoods-spicy-buffalo-spice-blend",
    "name": "Masterfoods Spicy Buffalo Spice Blend 20g",
    "image_url": "https://cdn1.woolworths.media/content/wowproductimages/large/905774.jpg",
    "source_id": "Woolworths - 905774",
    "barcode": "9310012063162",
    "category_id": "1_39FD49C",
    "shop": "Woolworths",
    "weight": "10G",
    "prices": [
      {
        "state": "VIC",
        "price": "250",
        "price_per_unit": "125",
        "price_unit": "G"
      },
      {
        "state": "QLD",
        "price": "250",
        "price_per_unit": "125",
        "price_unit": "G"
      },
      {
        "state": "SA",
        "price": "250",
        "price_per_unit": "125",
        "price_unit": "G"
      },
      {
        "state": "TAS",
        "price": "250",
        "price_per_unit": "125",
        "price_unit": "G"
      },
      {
        "state": "ACT",
        "price": "250",
        "price_per_unit": "125",
        "price_unit": "G"
      },
      {
        "state": "NT",
        "price": "250",
        "price_per_unit": "125",
        "price_unit": "G"
      }
    ]
  },
  {
    "source_url": "https://www.woolworths.com.au/shop/productdetails/35962/masterfoods-tarragon-leaves",
    "name": "MasterFoods Tarragon Leaves 7g",
    "image_url": "https://cdn1.woolworths.media/content/wowproductimages/large/035962.jpg",
    "source_id": "Woolworths - 35962",
    "barcode": "93716307",
    "category_id": "1_39FD49C",
    "shop": "Woolworths",
    "weight": "10G",
    "prices": [
      {
        "state": "VIC",
        "price": "365",
        "price_per_unit": "521",
        "price_unit": "G"
      },
      {
        "state": "QLD",
        "price": "365",
        "price_per_unit": "521",
        "price_unit": "G"
      },
      {
        "state": "WA",
        "price": "365",
        "price_per_unit": "521",
        "price_unit": "G"
      },
      {
        "state": "SA",
        "price": "330",
        "price_per_unit": "471",
        "price_unit": "G"
      },
      {
        "state": "TAS",
        "price": "330",
        "price_per_unit": "471",
        "price_unit": "G"
      },
      {
        "state": "ACT",
        "price": "365",
        "price_per_unit": "521",
        "price_unit": "G"
      },
      {
        "state": "NT",
        "price": "385",
        "price_per_unit": "550",
        "price_unit": "G"
      }
    ]
  },
  {
    "source_url": "https://www.woolworths.com.au/shop/productdetails/50431/masterfoods-tuscan-seasoning",
    "name": "MasterFoods Tuscan Seasoning 40g",
    "image_url": "https://cdn1.woolworths.media/content/wowproductimages/large/050431.jpg",
    "source_id": "Woolworths - 50431",
    "barcode": "93782043",
    "category_id": "1_39FD49C",
    "shop": "Woolworths",
    "weight": "10G",
    "prices": [
      {
        "state": "VIC",
        "price": "430",
        "price_per_unit": "108",
        "price_unit": "G"
      },
      {
        "state": "QLD",
        "price": "430",
        "price_per_unit": "108",
        "price_unit": "G"
      },
      {
        "state": "WA",
        "price": "430",
        "price_per_unit": "108",
        "price_unit": "G"
      },
      {
        "state": "SA",
        "price": "450",
        "price_per_unit": "113",
        "price_unit": "G"
      },
      {
        "state": "TAS",
        "price": "450",
        "price_per_unit": "113",
        "price_unit": "G"
      },
      {
        "state": "ACT",
        "price": "430",
        "price_per_unit": "108",
        "price_unit": "G"
      },
      {
        "state": "NT",
        "price": "450",
        "price_per_unit": "113",
        "price_unit": "G"
      }
    ]
  },
  {
    "source_url": "https://www.woolworths.com.au/shop/productdetails/32782/masterfoods-vanillin-sugar",
    "name": "MasterFoods Vanillin Sugar 65g",
    "image_url": "https://cdn1.woolworths.media/content/wowproductimages/large/032782.jpg",
    "source_id": "Woolworths - 32782",
    "barcode": "93716710",
    "category_id": "1_39FD49C",
    "shop": "Woolworths",
    "weight": "10G",
    "prices": [
      {
        "state": "VIC",
        "price": "280",
        "price_per_unit": "43",
        "price_unit": "G"
      },
      {
        "state": "QLD",
        "price": "280",
        "price_per_unit": "43",
        "price_unit": "G"
      },
      {
        "state": "WA",
        "price": "280",
        "price_per_unit": "43",
        "price_unit": "G"
      },
      {
        "state": "SA",
        "price": "330",
        "price_per_unit": "51",
        "price_unit": "G"
      },
      {
        "state": "TAS",
        "price": "330",
        "price_per_unit": "51",
        "price_unit": "G"
      },
      {
        "state": "ACT",
        "price": "280",
        "price_per_unit": "43",
        "price_unit": "G"
      },
      {
        "state": "NT",
        "price": "295",
        "price_per_unit": "45",
        "price_unit": "G"
      }
    ]
  },
  {
    "source_url": "https://www.woolworths.com.au/shop/productdetails/216503/masterfoods-whole-cumin-seed",
    "name": "MasterFoods Whole Cumin Seed 28g",
    "image_url": "https://cdn1.woolworths.media/content/wowproductimages/large/216503.jpg",
    "source_id": "Woolworths - 216503",
    "barcode": "9310012031000",
    "category_id": "1_39FD49C",
    "shop": "Woolworths",
    "weight": "10G",
    "prices": [
      {
        "state": "VIC",
        "price": "400",
        "price_per_unit": "143",
        "price_unit": "G"
      },
      {
        "state": "QLD",
        "price": "400",
        "price_per_unit": "143",
        "price_unit": "G"
      },
      {
        "state": "WA",
        "price": "400",
        "price_per_unit": "143",
        "price_unit": "G"
      },
      {
        "state": "SA",
        "price": "330",
        "price_per_unit": "118",
        "price_unit": "G"
      },
      {
        "state": "TAS",
        "price": "330",
        "price_per_unit": "118",
        "price_unit": "G"
      },
      {
        "state": "ACT",
        "price": "400",
        "price_per_unit": "143",
        "price_unit": "G"
      },
      {
        "state": "NT",
        "price": "420",
        "price_per_unit": "150",
        "price_unit": "G"
      }
    ]
  },
  {
    "source_url": "https://www.woolworths.com.au/shop/productdetails/59123/mccormick-caribbean-style-street-food-seasoning",
    "name": "McCormick Caribbean Style Street Food Seasoning 25g",
    "image_url": "https://cdn1.woolworths.media/content/wowproductimages/large/059123.jpg",
    "source_id": "Woolworths - 59123",
    "barcode": "9300683505672",
    "category_id": "1_39FD49C",
    "shop": "Woolworths",
    "weight": "10G",
    "prices": [
      {
        "state": "VIC",
        "price": "250",
        "price_per_unit": "100",
        "price_unit": "G"
      },
      {
        "state": "QLD",
        "price": "250",
        "price_per_unit": "100",
        "price_unit": "G"
      },
      {
        "state": "SA",
        "price": "250",
        "price_per_unit": "100",
        "price_unit": "G"
      },
      {
        "state": "TAS",
        "price": "250",
        "price_per_unit": "100",
        "price_unit": "G"
      },
      {
        "state": "ACT",
        "price": "250",
        "price_per_unit": "100",
        "price_unit": "G"
      },
      {
        "state": "NT",
        "price": "265",
        "price_per_unit": "106",
        "price_unit": "G"
      }
    ]
  },
  {
    "source_url": "https://www.woolworths.com.au/shop/productdetails/170757/mccormick-greek-style-street-food-seasoning",
    "name": "McCormick Greek Style Street Food Seasoning 25g",
    "image_url": "https://cdn1.woolworths.media/content/wowproductimages/large/170757.jpg",
    "source_id": "Woolworths - 170757",
    "barcode": "9300683506464",
    "category_id": "1_39FD49C",
    "shop": "Woolworths",
    "weight": "10G",
    "prices": [
      {
        "state": "VIC",
        "price": "250",
        "price_per_unit": "100",
        "price_unit": "G"
      },
      {
        "state": "QLD",
        "price": "250",
        "price_per_unit": "100",
        "price_unit": "G"
      },
      {
        "state": "WA",
        "price": "250",
        "price_per_unit": "100",
        "price_unit": "G"
      },
      {
        "state": "SA",
        "price": "250",
        "price_per_unit": "100",
        "price_unit": "G"
      },
      {
        "state": "TAS",
        "price": "250",
        "price_per_unit": "100",
        "price_unit": "G"
      },
      {
        "state": "ACT",
        "price": "250",
        "price_per_unit": "100",
        "price_unit": "G"
      },
      {
        "state": "NT",
        "price": "265",
        "price_per_unit": "106",
        "price_unit": "G"
      }
    ]
  },
  {
    "source_url": "https://www.woolworths.com.au/shop/productdetails/505742/mccormick-grill-mates-cracked-pepper-garlic-with-sea-salt",
    "name": "McCormick Grill Mates Cracked Pepper & Garlic With Sea Salt 170g",
    "image_url": "https://cdn1.woolworths.media/content/wowproductimages/large/505742.jpg",
    "source_id": "Woolworths - 505742",
    "barcode": "52100051079",
    "category_id": "1_39FD49C",
    "shop": "Woolworths",
    "weight": "10G",
    "prices": [
      {
        "state": "VIC",
        "price": "700",
        "price_per_unit": "41",
        "price_unit": "G"
      },
      {
        "state": "QLD",
        "price": "700",
        "price_per_unit": "41",
        "price_unit": "G"
      },
      {
        "state": "WA",
        "price": "700",
        "price_per_unit": "41",
        "price_unit": "G"
      },
      {
        "state": "SA",
        "price": "700",
        "price_per_unit": "41",
        "price_unit": "G"
      },
      {
        "state": "TAS",
        "price": "700",
        "price_per_unit": "41",
        "price_unit": "G"
      },
      {
        "state": "ACT",
        "price": "700",
        "price_per_unit": "41",
        "price_unit": "G"
      },
      {
        "state": "NT",
        "price": "700",
        "price_per_unit": "41",
        "price_unit": "G"
      }
    ]
  },
  {
    "source_url": "https://www.woolworths.com.au/shop/productdetails/512268/mccormick-grill-mates-smoked-paprika-onion-with-garlic-pepper",
    "name": "McCormick Grill Mates Smoked Paprika & Onion With Garlic & Pepper 170g",
    "image_url": "https://cdn1.woolworths.media/content/wowproductimages/large/512268.jpg",
    "source_id": "Woolworths - 512268",
    "barcode": "52100051093",
    "category_id": "1_39FD49C",
    "shop": "Woolworths",
    "weight": "10G",
    "prices": [
      {
        "state": "VIC",
        "price": "700",
        "price_per_unit": "41",
        "price_unit": "G"
      },
      {
        "state": "QLD",
        "price": "700",
        "price_per_unit": "41",
        "price_unit": "G"
      },
      {
        "state": "WA",
        "price": "700",
        "price_per_unit": "41",
        "price_unit": "G"
      },
      {
        "state": "SA",
        "price": "700",
        "price_per_unit": "41",
        "price_unit": "G"
      },
      {
        "state": "TAS",
        "price": "700",
        "price_per_unit": "41",
        "price_unit": "G"
      },
      {
        "state": "NT",
        "price": "700",
        "price_per_unit": "41",
        "price_unit": "G"
      }
    ]
  },
  {
    "source_url": "https://www.woolworths.com.au/shop/productdetails/445863/mccormick-grill-mates-smokin-texas-american-bbq-rub",
    "name": "McCormick Grill Mates Smokin Texas American Bbq Rub 40g",
    "image_url": "https://cdn1.woolworths.media/content/wowproductimages/large/445863.jpg",
    "source_id": "Woolworths - 445863",
    "barcode": "9300683503708",
    "category_id": "1_39FD49C",
    "shop": "Woolworths",
    "weight": "10G",
    "prices": [
      {
        "state": "VIC",
        "price": "250",
        "price_per_unit": "63",
        "price_unit": "G"
      },
      {
        "state": "QLD",
        "price": "250",
        "price_per_unit": "63",
        "price_unit": "G"
      },
      {
        "state": "SA",
        "price": "250",
        "price_per_unit": "63",
        "price_unit": "G"
      },
      {
        "state": "TAS",
        "price": "250",
        "price_per_unit": "63",
        "price_unit": "G"
      },
      {
        "state": "ACT",
        "price": "250",
        "price_per_unit": "63",
        "price_unit": "G"
      },
      {
        "state": "NT",
        "price": "265",
        "price_per_unit": "66",
        "price_unit": "G"
      }
    ]
  },
  {
    "source_url": "https://www.woolworths.com.au/shop/productdetails/445854/mccormick-grill-mates-tennessee-smokehouse-american-bbq-rub",
    "name": "McCormick Grill Mates Tennessee Smokehouse American Bbq Rub 40g",
    "image_url": "https://cdn1.woolworths.media/content/wowproductimages/large/445854.jpg",
    "source_id": "Woolworths - 445854",
    "barcode": "9300683503678",
    "category_id": "1_39FD49C",
    "shop": "Woolworths",
    "weight": "10G",
    "prices": [
      {
        "state": "VIC",
        "price": "250",
        "price_per_unit": "63",
        "price_unit": "G"
      },
      {
        "state": "QLD",
        "price": "250",
        "price_per_unit": "63",
        "price_unit": "G"
      },
      {
        "state": "WA",
        "price": "250",
        "price_per_unit": "63",
        "price_unit": "G"
      },
      {
        "state": "SA",
        "price": "250",
        "price_per_unit": "63",
        "price_unit": "G"
      },
      {
        "state": "TAS",
        "price": "250",
        "price_per_unit": "63",
        "price_unit": "G"
      },
      {
        "state": "ACT",
        "price": "250",
        "price_per_unit": "63",
        "price_unit": "G"
      },
      {
        "state": "NT",
        "price": "265",
        "price_per_unit": "66",
        "price_unit": "G"
      }
    ]
  },
  {
    "source_url": "https://www.woolworths.com.au/shop/productdetails/58521/mccormick-mexican-style-street-food-seasoning",
    "name": "McCormick Mexican Style Street Food Seasoning 25g",
    "image_url": "https://cdn1.woolworths.media/content/wowproductimages/large/058521.jpg",
    "source_id": "Woolworths - 58521",
    "barcode": "9300683505689",
    "category_id": "1_39FD49C",
    "shop": "Woolworths",
    "weight": "10G",
    "prices": [
      {
        "state": "VIC",
        "price": "250",
        "price_per_unit": "100",
        "price_unit": "G"
      },
      {
        "state": "QLD",
        "price": "250",
        "price_per_unit": "100",
        "price_unit": "G"
      },
      {
        "state": "SA",
        "price": "250",
        "price_per_unit": "100",
        "price_unit": "G"
      },
      {
        "state": "TAS",
        "price": "250",
        "price_per_unit": "100",
        "price_unit": "G"
      },
      {
        "state": "ACT",
        "price": "250",
        "price_per_unit": "100",
        "price_unit": "G"
      },
      {
        "state": "NT",
        "price": "265",
        "price_per_unit": "106",
        "price_unit": "G"
      }
    ]
  },
  {
    "source_url": "https://www.woolworths.com.au/shop/productdetails/700528/mccormick-organic-chilli-flakes",
    "name": "McCormick Organic Chilli Flakes 12g",
    "image_url": "https://cdn1.woolworths.media/content/wowproductimages/large/700528.jpg",
    "source_id": "Woolworths - 700528",
    "barcode": "9300683505238",
    "category_id": "1_39FD49C",
    "shop": "Woolworths",
    "weight": "10G",
    "prices": [
      {
        "state": "VIC",
        "price": "275",
        "price_per_unit": "229",
        "price_unit": "G"
      },
      {
        "state": "QLD",
        "price": "275",
        "price_per_unit": "229",
        "price_unit": "G"
      },
      {
        "state": "SA",
        "price": "275",
        "price_per_unit": "229",
        "price_unit": "G"
      },
      {
        "state": "TAS",
        "price": "275",
        "price_per_unit": "229",
        "price_unit": "G"
      },
      {
        "state": "ACT",
        "price": "275",
        "price_per_unit": "229",
        "price_unit": "G"
      },
      {
        "state": "NT",
        "price": "290",
        "price_per_unit": "242",
        "price_unit": "G"
      }
    ]
  },
  {
    "source_url": "https://www.woolworths.com.au/shop/productdetails/700379/mccormick-organic-cinnamon-ground",
    "name": "McCormick Organic Cinnamon Ground 13g",
    "image_url": "https://cdn1.woolworths.media/content/wowproductimages/large/700379.jpg",
    "source_id": "Woolworths - 700379",
    "barcode": "9300683505160",
    "category_id": "1_39FD49C",
    "shop": "Woolworths",
    "weight": "10G",
    "prices": [
      {
        "state": "VIC",
        "price": "275",
        "price_per_unit": "212",
        "price_unit": "G"
      },
      {
        "state": "QLD",
        "price": "275",
        "price_per_unit": "212",
        "price_unit": "G"
      },
      {
        "state": "WA",
        "price": "275",
        "price_per_unit": "212",
        "price_unit": "G"
      },
      {
        "state": "SA",
        "price": "275",
        "price_per_unit": "212",
        "price_unit": "G"
      },
      {
        "state": "TAS",
        "price": "275",
        "price_per_unit": "212",
        "price_unit": "G"
      },
      {
        "state": "ACT",
        "price": "275",
        "price_per_unit": "212",
        "price_unit": "G"
      },
      {
        "state": "NT",
        "price": "290",
        "price_per_unit": "223",
        "price_unit": "G"
      }
    ]
  },
  {
    "source_url": "https://www.woolworths.com.au/shop/productdetails/58553/mccormick-organic-garlic-powder",
    "name": "McCormick Organic Garlic Powder 17g",
    "image_url": "https://cdn1.woolworths.media/content/wowproductimages/large/058553.jpg",
    "source_id": "Woolworths - 58553",
    "barcode": "9300683505887",
    "category_id": "1_39FD49C",
    "shop": "Woolworths",
    "weight": "10G",
    "prices": [
      {
        "state": "VIC",
        "price": "275",
        "price_per_unit": "162",
        "price_unit": "G"
      },
      {
        "state": "QLD",
        "price": "275",
        "price_per_unit": "162",
        "price_unit": "G"
      },
      {
        "state": "WA",
        "price": "275",
        "price_per_unit": "162",
        "price_unit": "G"
      },
      {
        "state": "SA",
        "price": "275",
        "price_per_unit": "162",
        "price_unit": "G"
      },
      {
        "state": "TAS",
        "price": "275",
        "price_per_unit": "162",
        "price_unit": "G"
      },
      {
        "state": "ACT",
        "price": "275",
        "price_per_unit": "162",
        "price_unit": "G"
      },
      {
        "state": "NT",
        "price": "290",
        "price_per_unit": "171",
        "price_unit": "G"
      }
    ]
  },
  {
    "source_url": "https://www.woolworths.com.au/shop/productdetails/59119/mccormick-organic-ginger-powder",
    "name": "McCormick Organic Ginger Powder 10g",
    "image_url": "https://cdn1.woolworths.media/content/wowproductimages/large/059119.jpg",
    "source_id": "Woolworths - 59119",
    "barcode": "9300683505221",
    "category_id": "1_39FD49C",
    "shop": "Woolworths",
    "weight": "10G",
    "prices": [
      {
        "state": "VIC",
        "price": "275",
        "price_per_unit": "275",
        "price_unit": "G"
      },
      {
        "state": "QLD",
        "price": "275",
        "price_per_unit": "275",
        "price_unit": "G"
      },
      {
        "state": "SA",
        "price": "275",
        "price_per_unit": "275",
        "price_unit": "G"
      },
      {
        "state": "TAS",
        "price": "275",
        "price_per_unit": "275",
        "price_unit": "G"
      },
      {
        "state": "ACT",
        "price": "275",
        "price_per_unit": "275",
        "price_unit": "G"
      },
      {
        "state": "NT",
        "price": "290",
        "price_per_unit": "290",
        "price_unit": "G"
      }
    ]
  },
  {
    "source_url": "https://www.woolworths.com.au/shop/productdetails/700508/mccormick-organic-turmeric-ground",
    "name": "McCormick Organic Turmeric Ground 17g",
    "image_url": "https://cdn1.woolworths.media/content/wowproductimages/large/700508.jpg",
    "source_id": "Woolworths - 700508",
    "barcode": "9300683505184",
    "category_id": "1_39FD49C",
    "shop": "Woolworths",
    "weight": "10G",
    "prices": [
      {
        "state": "VIC",
        "price": "275",
        "price_per_unit": "162",
        "price_unit": "G"
      },
      {
        "state": "QLD",
        "price": "275",
        "price_per_unit": "162",
        "price_unit": "G"
      },
      {
        "state": "SA",
        "price": "275",
        "price_per_unit": "162",
        "price_unit": "G"
      },
      {
        "state": "TAS",
        "price": "275",
        "price_per_unit": "162",
        "price_unit": "G"
      },
      {
        "state": "ACT",
        "price": "275",
        "price_per_unit": "162",
        "price_unit": "G"
      },
      {
        "state": "NT",
        "price": "290",
        "price_per_unit": "171",
        "price_unit": "G"
      }
    ]
  },
  {
    "source_url": "https://www.woolworths.com.au/shop/productdetails/169912/mccormick-southern-style-street-food-seasoning",
    "name": "McCormick Southern Style Street Food Seasoning 25g",
    "image_url": "https://cdn1.woolworths.media/content/wowproductimages/large/169912.jpg",
    "source_id": "Woolworths - 169912",
    "barcode": "9300683506457",
    "category_id": "1_39FD49C",
    "shop": "Woolworths",
    "weight": "10G",
    "prices": [
      {
        "state": "VIC",
        "price": "250",
        "price_per_unit": "100",
        "price_unit": "G"
      },
      {
        "state": "QLD",
        "price": "250",
        "price_per_unit": "100",
        "price_unit": "G"
      },
      {
        "state": "SA",
        "price": "250",
        "price_per_unit": "100",
        "price_unit": "G"
      },
      {
        "state": "TAS",
        "price": "250",
        "price_per_unit": "100",
        "price_unit": "G"
      },
      {
        "state": "ACT",
        "price": "250",
        "price_per_unit": "100",
        "price_unit": "G"
      },
      {
        "state": "NT",
        "price": "265",
        "price_per_unit": "106",
        "price_unit": "G"
      }
    ]
  },
  {
    "source_url": "https://www.woolworths.com.au/shop/productdetails/320995/mckenzie-s-pepper-black-corns-blended",
    "name": "McKenzie's Pepper Black Corns Blended 200g",
    "image_url": "https://cdn1.woolworths.media/content/wowproductimages/large/320995.jpg",
    "source_id": "Woolworths - 320995",
    "barcode": "9310061967251",
    "category_id": "1_39FD49C",
    "shop": "Woolworths",
    "weight": "10G",
    "prices": [
      {
        "state": "VIC",
        "price": "595",
        "price_per_unit": "30",
        "price_unit": "G"
      },
      {
        "state": "QLD",
        "price": "595",
        "price_per_unit": "30",
        "price_unit": "G"
      },
      {
        "state": "WA",
        "price": "595",
        "price_per_unit": "30",
        "price_unit": "G"
      },
      {
        "state": "SA",
        "price": "595",
        "price_per_unit": "30",
        "price_unit": "G"
      },
      {
        "state": "TAS",
        "price": "595",
        "price_per_unit": "30",
        "price_unit": "G"
      },
      {
        "state": "ACT",
        "price": "595",
        "price_per_unit": "30",
        "price_unit": "G"
      },
      {
        "state": "NT",
        "price": "620",
        "price_per_unit": "31",
        "price_unit": "G"
      }
    ]
  },
  {
    "source_url": "https://www.woolworths.com.au/shop/productdetails/827830/mckenzie-s-saffron",
    "name": "McKenzie's Saffron 100mg",
    "image_url": "https://cdn1.woolworths.media/content/wowproductimages/large/827830.jpg",
    "source_id": "Woolworths - 827830",
    "barcode": "9310061122872",
    "category_id": "1_39FD49C",
    "shop": "Woolworths",
    "weight": "10G",
    "prices": [
      {
        "state": "VIC",
        "price": "1440",
        "price_per_unit": "144000",
        "price_unit": "G"
      },
      {
        "state": "QLD",
        "price": "1440",
        "price_per_unit": "144000",
        "price_unit": "G"
      },
      {
        "state": "WA",
        "price": "1440",
        "price_per_unit": "144000",
        "price_unit": "G"
      },
      {
        "state": "SA",
        "price": "1440",
        "price_per_unit": "144000",
        "price_unit": "G"
      },
      {
        "state": "TAS",
        "price": "1440",
        "price_per_unit": "144000",
        "price_unit": "G"
      },
      {
        "state": "ACT",
        "price": "1440",
        "price_per_unit": "144000",
        "price_unit": "G"
      },
      {
        "state": "NT",
        "price": "1440",
        "price_per_unit": "144000",
        "price_unit": "G"
      }
    ]
  },
  {
    "source_url": "https://www.woolworths.com.au/shop/productdetails/255379/mingle-everything-bagel-all-natural-seasoning",
    "name": "Mingle Everything Bagel All-Natural Seasoning 50g",
    "image_url": "https://cdn1.woolworths.media/content/wowproductimages/large/255379.jpg",
    "source_id": "Woolworths - 255379",
    "barcode": "9350465000697",
    "category_id": "1_39FD49C",
    "shop": "Woolworths",
    "weight": "10G",
    "prices": [
      {
        "state": "VIC",
        "price": "395",
        "price_per_unit": "79",
        "price_unit": "G"
      },
      {
        "state": "QLD",
        "price": "395",
        "price_per_unit": "79",
        "price_unit": "G"
      },
      {
        "state": "WA",
        "price": "395",
        "price_per_unit": "79",
        "price_unit": "G"
      },
      {
        "state": "SA",
        "price": "395",
        "price_per_unit": "79",
        "price_unit": "G"
      },
      {
        "state": "TAS",
        "price": "395",
        "price_per_unit": "79",
        "price_unit": "G"
      },
      {
        "state": "ACT",
        "price": "395",
        "price_per_unit": "79",
        "price_unit": "G"
      },
      {
        "state": "NT",
        "price": "415",
        "price_per_unit": "83",
        "price_unit": "G"
      }
    ]
  },
  {
    "source_url": "https://www.woolworths.com.au/shop/productdetails/170002/mingle-garlic-herb-all-natural-seasoning",
    "name": "Mingle Garlic & Herb All Natural Seasoning 50g",
    "image_url": "https://cdn1.woolworths.media/content/wowproductimages/large/170002.jpg",
    "source_id": "Woolworths - 170002",
    "barcode": "9350465009904",
    "category_id": "1_39FD49C",
    "shop": "Woolworths",
    "weight": "10G",
    "prices": [
      {
        "state": "VIC",
        "price": "395",
        "price_per_unit": "79",
        "price_unit": "G"
      },
      {
        "state": "QLD",
        "price": "395",
        "price_per_unit": "79",
        "price_unit": "G"
      },
      {
        "state": "SA",
        "price": "395",
        "price_per_unit": "79",
        "price_unit": "G"
      },
      {
        "state": "TAS",
        "price": "395",
        "price_per_unit": "79",
        "price_unit": "G"
      },
      {
        "state": "ACT",
        "price": "395",
        "price_per_unit": "79",
        "price_unit": "G"
      },
      {
        "state": "NT",
        "price": "415",
        "price_per_unit": "83",
        "price_unit": "G"
      }
    ]
  },
  {
    "source_url": "https://www.woolworths.com.au/shop/productdetails/488287/mingle-greek-garlic-seasoning",
    "name": "Mingle Greek Garlic Seasoning 45g",
    "image_url": "https://cdn1.woolworths.media/content/wowproductimages/large/488287.jpg",
    "source_id": "Woolworths - 488287",
    "barcode": "9350465010139",
    "category_id": "1_39FD49C",
    "shop": "Woolworths",
    "weight": "10G",
    "prices": [
      {
        "state": "VIC",
        "price": "395",
        "price_per_unit": "88",
        "price_unit": "G"
      },
      {
        "state": "QLD",
        "price": "395",
        "price_per_unit": "88",
        "price_unit": "G"
      },
      {
        "state": "WA",
        "price": "395",
        "price_per_unit": "88",
        "price_unit": "G"
      },
      {
        "state": "SA",
        "price": "395",
        "price_per_unit": "88",
        "price_unit": "G"
      },
      {
        "state": "TAS",
        "price": "395",
        "price_per_unit": "88",
        "price_unit": "G"
      },
      {
        "state": "ACT",
        "price": "395",
        "price_per_unit": "88",
        "price_unit": "G"
      },
      {
        "state": "NT",
        "price": "415",
        "price_per_unit": "92",
        "price_unit": "G"
      }
    ]
  },
  {
    "source_url": "https://www.woolworths.com.au/shop/productdetails/259501/mingle-mexican-fiesta-taco-all-natural-seasoning",
    "name": "Mingle Mexican Fiesta Taco All-Natural Seasoning 50g",
    "image_url": "https://cdn1.woolworths.media/content/wowproductimages/large/259501.jpg",
    "source_id": "Woolworths - 259501",
    "barcode": "9350465000994",
    "category_id": "1_39FD49C",
    "shop": "Woolworths",
    "weight": "10G",
    "prices": [
      {
        "state": "VIC",
        "price": "395",
        "price_per_unit": "79",
        "price_unit": "G"
      },
      {
        "state": "QLD",
        "price": "395",
        "price_per_unit": "79",
        "price_unit": "G"
      },
      {
        "state": "WA",
        "price": "395",
        "price_per_unit": "79",
        "price_unit": "G"
      },
      {
        "state": "SA",
        "price": "395",
        "price_per_unit": "79",
        "price_unit": "G"
      },
      {
        "state": "TAS",
        "price": "395",
        "price_per_unit": "79",
        "price_unit": "G"
      },
      {
        "state": "ACT",
        "price": "395",
        "price_per_unit": "79",
        "price_unit": "G"
      },
      {
        "state": "NT",
        "price": "415",
        "price_per_unit": "83",
        "price_unit": "G"
      }
    ]
  },
  {
    "source_url": "https://www.woolworths.com.au/shop/productdetails/581135/nando-s-lemon-herb-rub-spice-seasoning",
    "name": "Nando's Lemon & Herb Rub Spice Seasoning 25g",
    "image_url": "https://cdn1.woolworths.media/content/wowproductimages/large/581135.jpg",
    "source_id": "Woolworths - 581135",
    "barcode": "5039303000832",
    "category_id": "1_39FD49C",
    "shop": "Woolworths",
    "weight": "10G",
    "prices": [
      {
        "state": "VIC",
        "price": "340",
        "price_per_unit": "136",
        "price_unit": "G"
      },
      {
        "state": "QLD",
        "price": "340",
        "price_per_unit": "136",
        "price_unit": "G"
      },
      {
        "state": "WA",
        "price": "340",
        "price_per_unit": "136",
        "price_unit": "G"
      },
      {
        "state": "SA",
        "price": "340",
        "price_per_unit": "136",
        "price_unit": "G"
      },
      {
        "state": "TAS",
        "price": "340",
        "price_per_unit": "136",
        "price_unit": "G"
      },
      {
        "state": "ACT",
        "price": "340",
        "price_per_unit": "136",
        "price_unit": "G"
      },
      {
        "state": "NT",
        "price": "360",
        "price_per_unit": "144",
        "price_unit": "G"
      }
    ]
  },
  {
    "source_url": "https://www.woolworths.com.au/shop/productdetails/581165/nando-s-medium-rub-spice-seasoning",
    "name": "Nando's Medium Rub Spice Seasoning 25g",
    "image_url": "https://cdn1.woolworths.media/content/wowproductimages/large/581165.jpg",
    "source_id": "Woolworths - 581165",
    "barcode": "5039303000825",
    "category_id": "1_39FD49C",
    "shop": "Woolworths",
    "weight": "10G",
    "prices": [
      {
        "state": "VIC",
        "price": "340",
        "price_per_unit": "136",
        "price_unit": "G"
      },
      {
        "state": "QLD",
        "price": "340",
        "price_per_unit": "136",
        "price_unit": "G"
      },
      {
        "state": "WA",
        "price": "340",
        "price_per_unit": "136",
        "price_unit": "G"
      },
      {
        "state": "SA",
        "price": "340",
        "price_per_unit": "136",
        "price_unit": "G"
      },
      {
        "state": "TAS",
        "price": "340",
        "price_per_unit": "136",
        "price_unit": "G"
      },
      {
        "state": "ACT",
        "price": "340",
        "price_per_unit": "136",
        "price_unit": "G"
      },
      {
        "state": "NT",
        "price": "360",
        "price_per_unit": "144",
        "price_unit": "G"
      }
    ]
  },
  {
    "source_url": "https://www.woolworths.com.au/shop/productdetails/232228/nando-s-peri-peri-rub-garlic-medium",
    "name": "Nando's Peri Peri Rub Garlic Medium 25g",
    "image_url": "https://cdn1.woolworths.media/content/wowproductimages/large/232228.jpg",
    "source_id": "Woolworths - 232228",
    "barcode": "5039303000856",
    "category_id": "1_39FD49C",
    "shop": "Woolworths",
    "weight": "10G",
    "prices": [
      {
        "state": "VIC",
        "price": "340",
        "price_per_unit": "136",
        "price_unit": "G"
      },
      {
        "state": "QLD",
        "price": "340",
        "price_per_unit": "136",
        "price_unit": "G"
      },
      {
        "state": "SA",
        "price": "340",
        "price_per_unit": "136",
        "price_unit": "G"
      },
      {
        "state": "TAS",
        "price": "340",
        "price_per_unit": "136",
        "price_unit": "G"
      },
      {
        "state": "ACT",
        "price": "340",
        "price_per_unit": "136",
        "price_unit": "G"
      },
      {
        "state": "NT",
        "price": "360",
        "price_per_unit": "144",
        "price_unit": "G"
      }
    ]
  },
  {
    "source_url": "https://www.woolworths.com.au/shop/productdetails/118156/saxa-whole-blended-peppercorns-pepper",
    "name": "Saxa Whole Blended Peppercorns Pepper 190g",
    "image_url": "https://cdn1.woolworths.media/content/wowproductimages/large/118156.jpg",
    "source_id": "Woolworths - 118156",
    "barcode": "9310412003331",
    "category_id": "1_39FD49C",
    "shop": "Woolworths",
    "weight": "10G",
    "prices": [
      {
        "state": "VIC",
        "price": "700",
        "price_per_unit": "37",
        "price_unit": "G"
      },
      {
        "state": "QLD",
        "price": "700",
        "price_per_unit": "37",
        "price_unit": "G"
      },
      {
        "state": "SA",
        "price": "700",
        "price_per_unit": "37",
        "price_unit": "G"
      },
      {
        "state": "TAS",
        "price": "700",
        "price_per_unit": "37",
        "price_unit": "G"
      },
      {
        "state": "ACT",
        "price": "700",
        "price_per_unit": "37",
        "price_unit": "G"
      },
      {
        "state": "NT",
        "price": "735",
        "price_per_unit": "39",
        "price_unit": "G"
      }
    ]
  },
  {
    "source_url": "https://www.woolworths.com.au/shop/productdetails/250979/woolworths-all-spice-ground",
    "name": "Woolworths All Spice Ground 30g",
    "image_url": "https://cdn1.woolworths.media/content/wowproductimages/large/250979.jpg",
    "source_id": "Woolworths - 250979",
    "barcode": "9300633927080",
    "category_id": "1_39FD49C",
    "shop": "Woolworths",
    "weight": "10G",
    "prices": [
      {
        "state": "VIC",
        "price": "240",
        "price_per_unit": "80",
        "price_unit": "G"
      },
      {
        "state": "QLD",
        "price": "240",
        "price_per_unit": "80",
        "price_unit": "G"
      },
      {
        "state": "WA",
        "price": "240",
        "price_per_unit": "80",
        "price_unit": "G"
      },
      {
        "state": "SA",
        "price": "240",
        "price_per_unit": "80",
        "price_unit": "G"
      },
      {
        "state": "TAS",
        "price": "240",
        "price_per_unit": "80",
        "price_unit": "G"
      },
      {
        "state": "ACT",
        "price": "240",
        "price_per_unit": "80",
        "price_unit": "G"
      },
      {
        "state": "NT",
        "price": "240",
        "price_per_unit": "80",
        "price_unit": "G"
      }
    ]
  },
  {
    "source_url": "https://www.woolworths.com.au/shop/productdetails/250981/woolworths-basil-leaves",
    "name": "Woolworths Basil Leaves 10g",
    "image_url": "https://cdn1.woolworths.media/content/wowproductimages/large/250981.jpg",
    "source_id": "Woolworths - 250981",
    "barcode": "9300633927097",
    "category_id": "1_39FD49C",
    "shop": "Woolworths",
    "weight": "10G",
    "prices": [
      {
        "state": "VIC",
        "price": "150",
        "price_per_unit": "150",
        "price_unit": "G"
      },
      {
        "state": "QLD",
        "price": "150",
        "price_per_unit": "150",
        "price_unit": "G"
      },
      {
        "state": "WA",
        "price": "150",
        "price_per_unit": "150",
        "price_unit": "G"
      },
      {
        "state": "SA",
        "price": "150",
        "price_per_unit": "150",
        "price_unit": "G"
      },
      {
        "state": "ACT",
        "price": "150",
        "price_per_unit": "150",
        "price_unit": "G"
      },
      {
        "state": "NT",
        "price": "150",
        "price_per_unit": "150",
        "price_unit": "G"
      }
    ]
  },
  {
    "source_url": "https://www.woolworths.com.au/shop/productdetails/386602/woolworths-black-peppercorn-refill",
    "name": "Woolworths Black Peppercorn Refill 200g",
    "image_url": "https://cdn1.woolworths.media/content/wowproductimages/large/386602.jpg",
    "source_id": "Woolworths - 386602",
    "barcode": "9339687354504",
    "category_id": "1_39FD49C",
    "shop": "Woolworths",
    "weight": "10G",
    "prices": [
      {
        "state": "VIC",
        "price": "550",
        "price_per_unit": "28",
        "price_unit": "G"
      },
      {
        "state": "QLD",
        "price": "550",
        "price_per_unit": "28",
        "price_unit": "G"
      },
      {
        "state": "WA",
        "price": "550",
        "price_per_unit": "28",
        "price_unit": "G"
      },
      {
        "state": "SA",
        "price": "550",
        "price_per_unit": "28",
        "price_unit": "G"
      },
      {
        "state": "TAS",
        "price": "550",
        "price_per_unit": "28",
        "price_unit": "G"
      },
      {
        "state": "ACT",
        "price": "550",
        "price_per_unit": "28",
        "price_unit": "G"
      },
      {
        "state": "NT",
        "price": "550",
        "price_per_unit": "28",
        "price_unit": "G"
      }
    ]
  },
  {
    "source_url": "https://www.woolworths.com.au/shop/productdetails/250988/woolworths-cajun-seasoning",
    "name": "Woolworths Cajun Seasoning 35g",
    "image_url": "https://cdn1.woolworths.media/content/wowproductimages/large/250988.jpg",
    "source_id": "Woolworths - 250988",
    "barcode": "9300633927134",
    "category_id": "1_39FD49C",
    "shop": "Woolworths",
    "weight": "10G",
    "prices": [
      {
        "state": "VIC",
        "price": "200",
        "price_per_unit": "57",
        "price_unit": "G"
      },
      {
        "state": "QLD",
        "price": "200",
        "price_per_unit": "57",
        "price_unit": "G"
      },
      {
        "state": "WA",
        "price": "200",
        "price_per_unit": "57",
        "price_unit": "G"
      },
      {
        "state": "SA",
        "price": "200",
        "price_per_unit": "57",
        "price_unit": "G"
      },
      {
        "state": "TAS",
        "price": "200",
        "price_per_unit": "57",
        "price_unit": "G"
      },
      {
        "state": "ACT",
        "price": "200",
        "price_per_unit": "57",
        "price_unit": "G"
      },
      {
        "state": "NT",
        "price": "210",
        "price_per_unit": "60",
        "price_unit": "G"
      }
    ]
  },
  {
    "source_url": "https://www.woolworths.com.au/shop/productdetails/250995/woolworths-chilli-ground",
    "name": "Woolworths Chilli Ground 30g",
    "image_url": "https://cdn1.woolworths.media/content/wowproductimages/large/250995.jpg",
    "source_id": "Woolworths - 250995",
    "barcode": "9300633927271",
    "category_id": "1_39FD49C",
    "shop": "Woolworths",
    "weight": "10G",
    "prices": [
      {
        "state": "VIC",
        "price": "175",
        "price_per_unit": "58",
        "price_unit": "G"
      },
      {
        "state": "QLD",
        "price": "175",
        "price_per_unit": "58",
        "price_unit": "G"
      },
      {
        "state": "WA",
        "price": "175",
        "price_per_unit": "58",
        "price_unit": "G"
      },
      {
        "state": "SA",
        "price": "175",
        "price_per_unit": "58",
        "price_unit": "G"
      },
      {
        "state": "TAS",
        "price": "175",
        "price_per_unit": "58",
        "price_unit": "G"
      },
      {
        "state": "ACT",
        "price": "175",
        "price_per_unit": "58",
        "price_unit": "G"
      },
      {
        "state": "NT",
        "price": "175",
        "price_per_unit": "58",
        "price_unit": "G"
      }
    ]
  },
  {
    "source_url": "https://www.woolworths.com.au/shop/productdetails/647765/woolworths-chipotle-seasoning",
    "name": "Woolworths Chipotle Seasoning 53g",
    "image_url": "https://cdn1.woolworths.media/content/wowproductimages/large/647765.jpg",
    "source_id": "Woolworths - 647765",
    "barcode": "9300633687069",
    "category_id": "1_39FD49C",
    "shop": "Woolworths",
    "weight": "10G",
    "prices": [
      {
        "state": "VIC",
        "price": "300",
        "price_per_unit": "57",
        "price_unit": "G"
      },
      {
        "state": "QLD",
        "price": "300",
        "price_per_unit": "57",
        "price_unit": "G"
      },
      {
        "state": "WA",
        "price": "300",
        "price_per_unit": "57",
        "price_unit": "G"
      },
      {
        "state": "SA",
        "price": "300",
        "price_per_unit": "57",
        "price_unit": "G"
      },
      {
        "state": "TAS",
        "price": "300",
        "price_per_unit": "57",
        "price_unit": "G"
      },
      {
        "state": "ACT",
        "price": "300",
        "price_per_unit": "57",
        "price_unit": "G"
      },
      {
        "state": "NT",
        "price": "300",
        "price_per_unit": "57",
        "price_unit": "G"
      }
    ]
  },
  {
    "source_url": "https://www.woolworths.com.au/shop/productdetails/250997/woolworths-chives-chopped",
    "name": "Woolworths Chives Chopped 2g",
    "image_url": "https://cdn1.woolworths.media/content/wowproductimages/large/250997.jpg",
    "source_id": "Woolworths - 250997",
    "barcode": "9300633927318",
    "category_id": "1_39FD49C",
    "shop": "Woolworths",
    "weight": "10G",
    "prices": [
      {
        "state": "VIC",
        "price": "220",
        "price_per_unit": "1100",
        "price_unit": "G"
      },
      {
        "state": "QLD",
        "price": "220",
        "price_per_unit": "1100",
        "price_unit": "G"
      },
      {
        "state": "WA",
        "price": "220",
        "price_per_unit": "1100",
        "price_unit": "G"
      },
      {
        "state": "SA",
        "price": "220",
        "price_per_unit": "1100",
        "price_unit": "G"
      },
      {
        "state": "TAS",
        "price": "220",
        "price_per_unit": "1100",
        "price_unit": "G"
      },
      {
        "state": "ACT",
        "price": "220",
        "price_per_unit": "1100",
        "price_unit": "G"
      },
      {
        "state": "NT",
        "price": "230",
        "price_per_unit": "1150",
        "price_unit": "G"
      }
    ]
  },
  {
    "source_url": "https://www.woolworths.com.au/shop/productdetails/251001/woolworths-cinnamon-sugar",
    "name": "Woolworths Cinnamon Sugar 60g",
    "image_url": "https://cdn1.woolworths.media/content/wowproductimages/large/251001.jpg",
    "source_id": "Woolworths - 251001",
    "barcode": "9300633927363",
    "category_id": "1_39FD49C",
    "shop": "Woolworths",
    "weight": "10G",
    "prices": [
      {
        "state": "VIC",
        "price": "190",
        "price_per_unit": "32",
        "price_unit": "G"
      },
      {
        "state": "QLD",
        "price": "190",
        "price_per_unit": "32",
        "price_unit": "G"
      },
      {
        "state": "WA",
        "price": "190",
        "price_per_unit": "32",
        "price_unit": "G"
      },
      {
        "state": "SA",
        "price": "190",
        "price_per_unit": "32",
        "price_unit": "G"
      },
      {
        "state": "TAS",
        "price": "190",
        "price_per_unit": "32",
        "price_unit": "G"
      },
      {
        "state": "ACT",
        "price": "190",
        "price_per_unit": "32",
        "price_unit": "G"
      },
      {
        "state": "NT",
        "price": "190",
        "price_per_unit": "32",
        "price_unit": "G"
      }
    ]
  },
  {
    "source_url": "https://www.woolworths.com.au/shop/productdetails/251002/woolworths-cloves-ground",
    "name": "Woolworths Cloves Ground 30g",
    "image_url": "https://cdn1.woolworths.media/content/wowproductimages/large/251002.jpg",
    "source_id": "Woolworths - 251002",
    "barcode": "9300633927394",
    "category_id": "1_39FD49C",
    "shop": "Woolworths",
    "weight": "10G",
    "prices": [
      {
        "state": "VIC",
        "price": "380",
        "price_per_unit": "127",
        "price_unit": "G"
      },
      {
        "state": "QLD",
        "price": "380",
        "price_per_unit": "127",
        "price_unit": "G"
      },
      {
        "state": "WA",
        "price": "380",
        "price_per_unit": "127",
        "price_unit": "G"
      },
      {
        "state": "SA",
        "price": "380",
        "price_per_unit": "127",
        "price_unit": "G"
      },
      {
        "state": "TAS",
        "price": "380",
        "price_per_unit": "127",
        "price_unit": "G"
      },
      {
        "state": "ACT",
        "price": "380",
        "price_per_unit": "127",
        "price_unit": "G"
      },
      {
        "state": "NT",
        "price": "380",
        "price_per_unit": "127",
        "price_unit": "G"
      }
    ]
  },
  {
    "source_url": "https://www.woolworths.com.au/shop/productdetails/251004/woolworths-coriander-leaves-leaves",
    "name": "Woolworths Coriander Leaves Leaves 5g",
    "image_url": "https://cdn1.woolworths.media/content/wowproductimages/large/251004.jpg",
    "source_id": "Woolworths - 251004",
    "barcode": "9300633927431",
    "category_id": "1_39FD49C",
    "shop": "Woolworths",
    "weight": "10G",
    "prices": [
      {
        "state": "VIC",
        "price": "300",
        "price_per_unit": "600",
        "price_unit": "G"
      },
      {
        "state": "QLD",
        "price": "300",
        "price_per_unit": "600",
        "price_unit": "G"
      },
      {
        "state": "WA",
        "price": "300",
        "price_per_unit": "600",
        "price_unit": "G"
      },
      {
        "state": "SA",
        "price": "300",
        "price_per_unit": "600",
        "price_unit": "G"
      },
      {
        "state": "TAS",
        "price": "300",
        "price_per_unit": "600",
        "price_unit": "G"
      },
      {
        "state": "ACT",
        "price": "300",
        "price_per_unit": "600",
        "price_unit": "G"
      },
      {
        "state": "NT",
        "price": "300",
        "price_per_unit": "600",
        "price_unit": "G"
      }
    ]
  },
  {
    "source_url": "https://www.woolworths.com.au/shop/productdetails/647764/woolworths-cracked-black-pepper",
    "name": "Woolworths Cracked Black Pepper 39g",
    "image_url": "https://cdn1.woolworths.media/content/wowproductimages/large/647764.jpg",
    "source_id": "Woolworths - 647764",
    "barcode": "9300633687052",
    "category_id": "1_39FD49C",
    "shop": "Woolworths",
    "weight": "10G",
    "prices": [
      {
        "state": "VIC",
        "price": "240",
        "price_per_unit": "62",
        "price_unit": "G"
      },
      {
        "state": "QLD",
        "price": "240",
        "price_per_unit": "62",
        "price_unit": "G"
      },
      {
        "state": "WA",
        "price": "240",
        "price_per_unit": "62",
        "price_unit": "G"
      },
      {
        "state": "SA",
        "price": "240",
        "price_per_unit": "62",
        "price_unit": "G"
      },
      {
        "state": "TAS",
        "price": "240",
        "price_per_unit": "62",
        "price_unit": "G"
      },
      {
        "state": "ACT",
        "price": "240",
        "price_per_unit": "62",
        "price_unit": "G"
      },
      {
        "state": "NT",
        "price": "240",
        "price_per_unit": "62",
        "price_unit": "G"
      }
    ]
  },
  {
    "source_url": "https://www.woolworths.com.au/shop/productdetails/251009/woolworths-dill",
    "name": "Woolworths Dill 10g",
    "image_url": "https://cdn1.woolworths.media/content/wowproductimages/large/251009.jpg",
    "source_id": "Woolworths - 251009",
    "barcode": "9300633927615",
    "category_id": "1_39FD49C",
    "shop": "Woolworths",
    "weight": "10G",
    "prices": [
      {
        "state": "VIC",
        "price": "210",
        "price_per_unit": "210",
        "price_unit": "G"
      },
      {
        "state": "QLD",
        "price": "200",
        "price_per_unit": "200",
        "price_unit": "G"
      },
      {
        "state": "WA",
        "price": "200",
        "price_per_unit": "200",
        "price_unit": "G"
      },
      {
        "state": "SA",
        "price": "200",
        "price_per_unit": "200",
        "price_unit": "G"
      },
      {
        "state": "TAS",
        "price": "200",
        "price_per_unit": "200",
        "price_unit": "G"
      },
      {
        "state": "ACT",
        "price": "200",
        "price_per_unit": "200",
        "price_unit": "G"
      },
      {
        "state": "NT",
        "price": "210",
        "price_per_unit": "210",
        "price_unit": "G"
      }
    ]
  },
  {
    "source_url": "https://www.woolworths.com.au/shop/productdetails/251013/woolworths-garam-masala",
    "name": "Woolworths Garam Masala 29g",
    "image_url": "https://cdn1.woolworths.media/content/wowproductimages/large/251013.jpg",
    "source_id": "Woolworths - 251013",
    "barcode": "9300633927677",
    "category_id": "1_39FD49C",
    "shop": "Woolworths",
    "weight": "10G",
    "prices": [
      {
        "state": "VIC",
        "price": "230",
        "price_per_unit": "79",
        "price_unit": "G"
      },
      {
        "state": "QLD",
        "price": "230",
        "price_per_unit": "79",
        "price_unit": "G"
      },
      {
        "state": "WA",
        "price": "230",
        "price_per_unit": "79",
        "price_unit": "G"
      },
      {
        "state": "SA",
        "price": "230",
        "price_per_unit": "79",
        "price_unit": "G"
      },
      {
        "state": "TAS",
        "price": "230",
        "price_per_unit": "79",
        "price_unit": "G"
      },
      {
        "state": "ACT",
        "price": "230",
        "price_per_unit": "79",
        "price_unit": "G"
      }
    ]
  },
  {
    "source_url": "https://www.woolworths.com.au/shop/productdetails/647761/woolworths-garlic-salt",
    "name": "Woolworths Garlic Salt 72g",
    "image_url": "https://cdn1.woolworths.media/content/wowproductimages/large/647761.jpg",
    "source_id": "Woolworths - 647761",
    "barcode": "9300633687021",
    "category_id": "1_39FD49C",
    "shop": "Woolworths",
    "weight": "10G",
    "prices": [
      {
        "state": "VIC",
        "price": "190",
        "price_per_unit": "26",
        "price_unit": "G"
      },
      {
        "state": "QLD",
        "price": "190",
        "price_per_unit": "26",
        "price_unit": "G"
      },
      {
        "state": "WA",
        "price": "190",
        "price_per_unit": "26",
        "price_unit": "G"
      },
      {
        "state": "SA",
        "price": "190",
        "price_per_unit": "26",
        "price_unit": "G"
      },
      {
        "state": "TAS",
        "price": "190",
        "price_per_unit": "26",
        "price_unit": "G"
      },
      {
        "state": "ACT",
        "price": "190",
        "price_per_unit": "26",
        "price_unit": "G"
      },
      {
        "state": "NT",
        "price": "190",
        "price_per_unit": "26",
        "price_unit": "G"
      }
    ]
  },
  {
    "source_url": "https://www.woolworths.com.au/shop/productdetails/251024/woolworths-ginger-ground",
    "name": "Woolworths Ginger Ground 25g",
    "image_url": "https://cdn1.woolworths.media/content/wowproductimages/large/251024.jpg",
    "source_id": "Woolworths - 251024",
    "barcode": "9300633927769",
    "category_id": "1_39FD49C",
    "shop": "Woolworths",
    "weight": "10G",
    "prices": [
      {
        "state": "VIC",
        "price": "155",
        "price_per_unit": "62",
        "price_unit": "G"
      },
      {
        "state": "QLD",
        "price": "155",
        "price_per_unit": "62",
        "price_unit": "G"
      },
      {
        "state": "WA",
        "price": "155",
        "price_per_unit": "62",
        "price_unit": "G"
      },
      {
        "state": "SA",
        "price": "155",
        "price_per_unit": "62",
        "price_unit": "G"
      },
      {
        "state": "TAS",
        "price": "155",
        "price_per_unit": "62",
        "price_unit": "G"
      },
      {
        "state": "ACT",
        "price": "155",
        "price_per_unit": "62",
        "price_unit": "G"
      },
      {
        "state": "NT",
        "price": "155",
        "price_per_unit": "62",
        "price_unit": "G"
      }
    ]
  },
  {
    "source_url": "https://www.woolworths.com.au/shop/productdetails/250990/woolworths-ground-cardamom",
    "name": "Woolworths Ground Cardamom 24g",
    "image_url": "https://cdn1.woolworths.media/content/wowproductimages/large/250990.jpg",
    "source_id": "Woolworths - 250990",
    "barcode": "9300633927158",
    "category_id": "1_39FD49C",
    "shop": "Woolworths",
    "weight": "10G",
    "prices": [
      {
        "state": "VIC",
        "price": "225",
        "price_per_unit": "94",
        "price_unit": "G"
      },
      {
        "state": "QLD",
        "price": "225",
        "price_per_unit": "94",
        "price_unit": "G"
      },
      {
        "state": "WA",
        "price": "225",
        "price_per_unit": "94",
        "price_unit": "G"
      },
      {
        "state": "SA",
        "price": "225",
        "price_per_unit": "94",
        "price_unit": "G"
      },
      {
        "state": "TAS",
        "price": "225",
        "price_per_unit": "94",
        "price_unit": "G"
      },
      {
        "state": "ACT",
        "price": "225",
        "price_per_unit": "94",
        "price_unit": "G"
      },
      {
        "state": "NT",
        "price": "225",
        "price_per_unit": "94",
        "price_unit": "G"
      }
    ]
  },
  {
    "source_url": "https://www.woolworths.com.au/shop/productdetails/251082/woolworths-mint-flakes",
    "name": "Woolworths Mint Flakes 7g",
    "image_url": "https://cdn1.woolworths.media/content/wowproductimages/large/251082.jpg",
    "source_id": "Woolworths - 251082",
    "barcode": "9300633928360",
    "category_id": "1_39FD49C",
    "shop": "Woolworths",
    "weight": "10G",
    "prices": [
      {
        "state": "VIC",
        "price": "155",
        "price_per_unit": "221",
        "price_unit": "G"
      },
      {
        "state": "QLD",
        "price": "155",
        "price_per_unit": "221",
        "price_unit": "G"
      },
      {
        "state": "WA",
        "price": "155",
        "price_per_unit": "221",
        "price_unit": "G"
      },
      {
        "state": "SA",
        "price": "155",
        "price_per_unit": "221",
        "price_unit": "G"
      },
      {
        "state": "TAS",
        "price": "155",
        "price_per_unit": "221",
        "price_unit": "G"
      },
      {
        "state": "ACT",
        "price": "155",
        "price_per_unit": "221",
        "price_unit": "G"
      },
      {
        "state": "NT",
        "price": "155",
        "price_per_unit": "221",
        "price_unit": "G"
      }
    ]
  },
  {
    "source_url": "https://www.woolworths.com.au/shop/productdetails/251120/woolworths-mixed-herbs-dried",
    "name": "Woolworths Mixed Herbs Dried 12g",
    "image_url": "https://cdn1.woolworths.media/content/wowproductimages/large/251120.jpg",
    "source_id": "Woolworths - 251120",
    "barcode": "9300633928377",
    "category_id": "1_39FD49C",
    "shop": "Woolworths",
    "weight": "10G",
    "prices": [
      {
        "state": "VIC",
        "price": "275",
        "price_per_unit": "229",
        "price_unit": "G"
      },
      {
        "state": "QLD",
        "price": "275",
        "price_per_unit": "229",
        "price_unit": "G"
      },
      {
        "state": "WA",
        "price": "275",
        "price_per_unit": "229",
        "price_unit": "G"
      },
      {
        "state": "SA",
        "price": "275",
        "price_per_unit": "229",
        "price_unit": "G"
      },
      {
        "state": "ACT",
        "price": "275",
        "price_per_unit": "229",
        "price_unit": "G"
      },
      {
        "state": "NT",
        "price": "275",
        "price_per_unit": "229",
        "price_unit": "G"
      }
    ]
  },
  {
    "source_url": "https://www.woolworths.com.au/shop/productdetails/251132/woolworths-parsley-flakes",
    "name": "Woolworths Parsley Flakes 5G",
    "image_url": "https://cdn1.woolworths.media/content/wowproductimages/large/251132.jpg",
    "source_id": "Woolworths - 251132",
    "barcode": "9300633928483",
    "category_id": "1_39FD49C",
    "shop": "Woolworths",
    "weight": "10G",
    "prices": [
      {
        "state": "VIC",
        "price": "125",
        "price_per_unit": "250",
        "price_unit": "G"
      },
      {
        "state": "QLD",
        "price": "125",
        "price_per_unit": "250",
        "price_unit": "G"
      },
      {
        "state": "WA",
        "price": "125",
        "price_per_unit": "250",
        "price_unit": "G"
      },
      {
        "state": "SA",
        "price": "125",
        "price_per_unit": "250",
        "price_unit": "G"
      },
      {
        "state": "TAS",
        "price": "125",
        "price_per_unit": "250",
        "price_unit": "G"
      },
      {
        "state": "ACT",
        "price": "125",
        "price_per_unit": "250",
        "price_unit": "G"
      },
      {
        "state": "NT",
        "price": "130",
        "price_per_unit": "260",
        "price_unit": "G"
      }
    ]
  },
  {
    "source_url": "https://www.woolworths.com.au/shop/productdetails/251141/woolworths-rosemary-leaves",
    "name": "Woolworths Rosemary Leaves 18g",
    "image_url": "https://cdn1.woolworths.media/content/wowproductimages/large/251141.jpg",
    "source_id": "Woolworths - 251141",
    "barcode": "9300633928582",
    "category_id": "1_39FD49C",
    "shop": "Woolworths",
    "weight": "10G",
    "prices": [
      {
        "state": "VIC",
        "price": "190",
        "price_per_unit": "106",
        "price_unit": "G"
      },
      {
        "state": "QLD",
        "price": "190",
        "price_per_unit": "106",
        "price_unit": "G"
      },
      {
        "state": "WA",
        "price": "190",
        "price_per_unit": "106",
        "price_unit": "G"
      },
      {
        "state": "SA",
        "price": "190",
        "price_per_unit": "106",
        "price_unit": "G"
      },
      {
        "state": "TAS",
        "price": "190",
        "price_per_unit": "106",
        "price_unit": "G"
      },
      {
        "state": "ACT",
        "price": "190",
        "price_per_unit": "106",
        "price_unit": "G"
      },
      {
        "state": "NT",
        "price": "190",
        "price_per_unit": "106",
        "price_unit": "G"
      }
    ]
  },
  {
    "source_url": "https://www.woolworths.com.au/shop/productdetails/251122/woolworths-seasoning-moroccan",
    "name": "Woolworths Seasoning Moroccan 52g",
    "image_url": "https://cdn1.woolworths.media/content/wowproductimages/large/251122.jpg",
    "source_id": "Woolworths - 251122",
    "barcode": "9300633928391",
    "category_id": "1_39FD49C",
    "shop": "Woolworths",
    "weight": "10G",
    "prices": [
      {
        "state": "VIC",
        "price": "310",
        "price_per_unit": "60",
        "price_unit": "G"
      },
      {
        "state": "QLD",
        "price": "310",
        "price_per_unit": "60",
        "price_unit": "G"
      },
      {
        "state": "WA",
        "price": "310",
        "price_per_unit": "60",
        "price_unit": "G"
      },
      {
        "state": "SA",
        "price": "310",
        "price_per_unit": "60",
        "price_unit": "G"
      },
      {
        "state": "TAS",
        "price": "310",
        "price_per_unit": "60",
        "price_unit": "G"
      },
      {
        "state": "ACT",
        "price": "310",
        "price_per_unit": "60",
        "price_unit": "G"
      },
      {
        "state": "NT",
        "price": "310",
        "price_per_unit": "60",
        "price_unit": "G"
      }
    ]
  },
  {
    "source_url": "https://www.woolworths.com.au/shop/productdetails/647762/woolworths-steak-spice",
    "name": "Woolworths Steak Spice 60g",
    "image_url": "https://cdn1.woolworths.media/content/wowproductimages/large/647762.jpg",
    "source_id": "Woolworths - 647762",
    "barcode": "9300633687038",
    "category_id": "1_39FD49C",
    "shop": "Woolworths",
    "weight": "10G",
    "prices": [
      {
        "state": "VIC",
        "price": "300",
        "price_per_unit": "50",
        "price_unit": "G"
      },
      {
        "state": "QLD",
        "price": "300",
        "price_per_unit": "50",
        "price_unit": "G"
      },
      {
        "state": "WA",
        "price": "300",
        "price_per_unit": "50",
        "price_unit": "G"
      },
      {
        "state": "SA",
        "price": "300",
        "price_per_unit": "50",
        "price_unit": "G"
      },
      {
        "state": "TAS",
        "price": "300",
        "price_per_unit": "50",
        "price_unit": "G"
      },
      {
        "state": "ACT",
        "price": "300",
        "price_per_unit": "50",
        "price_unit": "G"
      },
      {
        "state": "NT",
        "price": "300",
        "price_per_unit": "50",
        "price_unit": "G"
      }
    ]
  },
  {
    "source_url": "https://www.woolworths.com.au/shop/productdetails/251222/woolworths-sumac-ground",
    "name": "Woolworths Sumac Ground 40g",
    "image_url": "https://cdn1.woolworths.media/content/wowproductimages/large/251222.jpg",
    "source_id": "Woolworths - 251222",
    "barcode": "9300633928964",
    "category_id": "1_39FD49C",
    "shop": "Woolworths",
    "weight": "10G",
    "prices": [
      {
        "state": "VIC",
        "price": "280",
        "price_per_unit": "70",
        "price_unit": "G"
      },
      {
        "state": "QLD",
        "price": "280",
        "price_per_unit": "70",
        "price_unit": "G"
      },
      {
        "state": "WA",
        "price": "280",
        "price_per_unit": "70",
        "price_unit": "G"
      },
      {
        "state": "SA",
        "price": "280",
        "price_per_unit": "70",
        "price_unit": "G"
      },
      {
        "state": "TAS",
        "price": "280",
        "price_per_unit": "70",
        "price_unit": "G"
      },
      {
        "state": "ACT",
        "price": "280",
        "price_per_unit": "70",
        "price_unit": "G"
      },
      {
        "state": "NT",
        "price": "280",
        "price_per_unit": "70",
        "price_unit": "G"
      }
    ]
  },
  {
    "source_url": "https://www.woolworths.com.au/shop/productdetails/645899/woolworths-whole-cumin-seeds",
    "name": "Woolworths Whole Cumin Seeds 36g",
    "image_url": "https://cdn1.woolworths.media/content/wowproductimages/large/645899.jpg",
    "source_id": "Woolworths - 645899",
    "barcode": "9300633686994",
    "category_id": "1_39FD49C",
    "shop": "Woolworths",
    "weight": "10G",
    "prices": [
      {
        "state": "VIC",
        "price": "290",
        "price_per_unit": "81",
        "price_unit": "G"
      },
      {
        "state": "QLD",
        "price": "290",
        "price_per_unit": "81",
        "price_unit": "G"
      },
      {
        "state": "WA",
        "price": "290",
        "price_per_unit": "81",
        "price_unit": "G"
      },
      {
        "state": "SA",
        "price": "290",
        "price_per_unit": "81",
        "price_unit": "G"
      },
      {
        "state": "TAS",
        "price": "290",
        "price_per_unit": "81",
        "price_unit": "G"
      },
      {
        "state": "ACT",
        "price": "290",
        "price_per_unit": "81",
        "price_unit": "G"
      },
      {
        "state": "NT",
        "price": "290",
        "price_per_unit": "81",
        "price_unit": "G"
      }
    ]
  },
  {
    "source_url": "https://www.woolworths.com.au/shop/productdetails/113336/gourmet-organic-allspice",
    "name": "Gourmet Organic Allspice 25g",
    "image_url": "https://cdn1.woolworths.media/content/wowproductimages/large/113336.jpg",
    "source_id": "Woolworths - 113336",
    "barcode": "9332974000153",
    "category_id": "1_39FD49C",
    "shop": "Woolworths",
    "weight": "10G",
    "prices": [
      {
        "state": "QLD",
        "price": "450",
        "price_per_unit": "180",
        "price_unit": "G"
      },
      {
        "state": "WA",
        "price": "450",
        "price_per_unit": "180",
        "price_unit": "G"
      },
      {
        "state": "SA",
        "price": "450",
        "price_per_unit": "180",
        "price_unit": "G"
      },
      {
        "state": "TAS",
        "price": "450",
        "price_per_unit": "180",
        "price_unit": "G"
      },
      {
        "state": "ACT",
        "price": "450",
        "price_per_unit": "180",
        "price_unit": "G"
      }
    ]
  },
  {
    "source_url": "https://www.woolworths.com.au/shop/productdetails/113338/gourmet-organic-bay-leaves",
    "name": "Gourmet Organic Bay Leaves 5g",
    "image_url": "https://cdn1.woolworths.media/content/wowproductimages/large/113338.jpg",
    "source_id": "Woolworths - 113338",
    "barcode": "9332974000016",
    "category_id": "1_39FD49C",
    "shop": "Woolworths",
    "weight": "100G",
    "prices": [
      {
        "state": "QLD",
        "price": "450",
        "price_per_unit": "9000",
        "price_unit": "G"
      },
      {
        "state": "WA",
        "price": "450",
        "price_per_unit": "9000",
        "price_unit": "G"
      },
      {
        "state": "SA",
        "price": "450",
        "price_per_unit": "9000",
        "price_unit": "G"
      },
      {
        "state": "TAS",
        "price": "450",
        "price_per_unit": "9000",
        "price_unit": "G"
      },
      {
        "state": "ACT",
        "price": "450",
        "price_per_unit": "9000",
        "price_unit": "G"
      }
    ]
  },
  {
    "source_url": "https://www.woolworths.com.au/shop/productdetails/113374/gourmet-organic-black-sesame-seeds",
    "name": "Gourmet Organic Black Sesame Seeds 50g",
    "image_url": "https://cdn1.woolworths.media/content/wowproductimages/large/113374.jpg",
    "source_id": "Woolworths - 113374",
    "barcode": "9332974000214",
    "category_id": "1_39FD49C",
    "shop": "Woolworths",
    "weight": "10G",
    "prices": [
      {
        "state": "QLD",
        "price": "450",
        "price_per_unit": "90",
        "price_unit": "G"
      },
      {
        "state": "WA",
        "price": "450",
        "price_per_unit": "90",
        "price_unit": "G"
      },
      {
        "state": "SA",
        "price": "450",
        "price_per_unit": "90",
        "price_unit": "G"
      },
      {
        "state": "TAS",
        "price": "450",
        "price_per_unit": "90",
        "price_unit": "G"
      },
      {
        "state": "ACT",
        "price": "450",
        "price_per_unit": "90",
        "price_unit": "G"
      }
    ]
  },
  {
    "source_url": "https://www.woolworths.com.au/shop/productdetails/113354/gourmet-organic-brown-mustard-seed",
    "name": "Gourmet Organic Brown Mustard Seed 40g",
    "image_url": "https://cdn1.woolworths.media/content/wowproductimages/large/113354.jpg",
    "source_id": "Woolworths - 113354",
    "barcode": "9332974000801",
    "category_id": "1_39FD49C",
    "shop": "Woolworths",
    "weight": "100G",
    "prices": [
      {
        "state": "QLD",
        "price": "450",
        "price_per_unit": "1125",
        "price_unit": "G"
      },
      {
        "state": "WA",
        "price": "450",
        "price_per_unit": "1125",
        "price_unit": "G"
      },
      {
        "state": "SA",
        "price": "450",
        "price_per_unit": "1125",
        "price_unit": "G"
      },
      {
        "state": "TAS",
        "price": "450",
        "price_per_unit": "1125",
        "price_unit": "G"
      },
      {
        "state": "ACT",
        "price": "450",
        "price_per_unit": "1125",
        "price_unit": "G"
      }
    ]
  },
  {
    "source_url": "https://www.woolworths.com.au/shop/productdetails/113332/gourmet-organic-cayenne-pepper",
    "name": "Gourmet Organic Cayenne Pepper 30g",
    "image_url": "https://cdn1.woolworths.media/content/wowproductimages/large/113332.jpg",
    "source_id": "Woolworths - 113332",
    "barcode": "9332974000405",
    "category_id": "1_39FD49C",
    "shop": "Woolworths",
    "weight": "10G",
    "prices": [
      {
        "state": "QLD",
        "price": "450",
        "price_per_unit": "150",
        "price_unit": "G"
      },
      {
        "state": "WA",
        "price": "450",
        "price_per_unit": "150",
        "price_unit": "G"
      },
      {
        "state": "SA",
        "price": "450",
        "price_per_unit": "150",
        "price_unit": "G"
      },
      {
        "state": "TAS",
        "price": "450",
        "price_per_unit": "150",
        "price_unit": "G"
      },
      {
        "state": "ACT",
        "price": "450",
        "price_per_unit": "150",
        "price_unit": "G"
      }
    ]
  },
  {
    "source_url": "https://www.woolworths.com.au/shop/productdetails/113313/gourmet-organic-chilli-flakes",
    "name": "Gourmet Organic Chilli Flakes 20g",
    "image_url": "https://cdn1.woolworths.media/content/wowproductimages/large/113313.jpg",
    "source_id": "Woolworths - 113313",
    "barcode": "9332974001082",
    "category_id": "1_39FD49C",
    "shop": "Woolworths",
    "weight": "10G",
    "prices": [
      {
        "state": "QLD",
        "price": "450",
        "price_per_unit": "225",
        "price_unit": "G"
      },
      {
        "state": "WA",
        "price": "450",
        "price_per_unit": "225",
        "price_unit": "G"
      },
      {
        "state": "SA",
        "price": "450",
        "price_per_unit": "225",
        "price_unit": "G"
      },
      {
        "state": "TAS",
        "price": "450",
        "price_per_unit": "225",
        "price_unit": "G"
      },
      {
        "state": "ACT",
        "price": "450",
        "price_per_unit": "225",
        "price_unit": "G"
      }
    ]
  },
  {
    "source_url": "https://www.woolworths.com.au/shop/productdetails/113359/gourmet-organic-chinese-5-spice-powder",
    "name": "Gourmet Organic Chinese 5 Spice Powder 30g",
    "image_url": "https://cdn1.woolworths.media/content/wowproductimages/large/113359.jpg",
    "source_id": "Woolworths - 113359",
    "barcode": "9332974000177",
    "category_id": "1_39FD49C",
    "shop": "Woolworths",
    "weight": "10G",
    "prices": [
      {
        "state": "QLD",
        "price": "450",
        "price_per_unit": "150",
        "price_unit": "G"
      },
      {
        "state": "WA",
        "price": "450",
        "price_per_unit": "150",
        "price_unit": "G"
      },
      {
        "state": "SA",
        "price": "450",
        "price_per_unit": "150",
        "price_unit": "G"
      },
      {
        "state": "TAS",
        "price": "450",
        "price_per_unit": "150",
        "price_unit": "G"
      },
      {
        "state": "ACT",
        "price": "450",
        "price_per_unit": "150",
        "price_unit": "G"
      }
    ]
  },
  {
    "source_url": "https://www.woolworths.com.au/shop/productdetails/368979/gourmet-organic-cinnamon-quills",
    "name": "Gourmet Organic Cinnamon Quills 20g",
    "image_url": "https://cdn1.woolworths.media/content/wowproductimages/large/368979.jpg",
    "source_id": "Woolworths - 368979",
    "barcode": "9332974000290",
    "category_id": "1_39FD49C",
    "shop": "Woolworths",
    "weight": "10G",
    "prices": [
      {
        "state": "QLD",
        "price": "450",
        "price_per_unit": "225",
        "price_unit": "G"
      },
      {
        "state": "WA",
        "price": "450",
        "price_per_unit": "225",
        "price_unit": "G"
      },
      {
        "state": "SA",
        "price": "450",
        "price_per_unit": "225",
        "price_unit": "G"
      },
      {
        "state": "TAS",
        "price": "450",
        "price_per_unit": "225",
        "price_unit": "G"
      },
      {
        "state": "ACT",
        "price": "450",
        "price_per_unit": "225",
        "price_unit": "G"
      }
    ]
  },
  {
    "source_url": "https://www.woolworths.com.au/shop/productdetails/113356/gourmet-organic-curry-leaves",
    "name": "Gourmet Organic Curry Leaves 5g",
    "image_url": "https://cdn1.woolworths.media/content/wowproductimages/large/113356.jpg",
    "source_id": "Woolworths - 113356",
    "barcode": "9332974000146",
    "category_id": "1_39FD49C",
    "shop": "Woolworths",
    "weight": "10G",
    "prices": [
      {
        "state": "QLD",
        "price": "450",
        "price_per_unit": "900",
        "price_unit": "G"
      },
      {
        "state": "WA",
        "price": "450",
        "price_per_unit": "900",
        "price_unit": "G"
      },
      {
        "state": "SA",
        "price": "450",
        "price_per_unit": "900",
        "price_unit": "G"
      },
      {
        "state": "TAS",
        "price": "450",
        "price_per_unit": "900",
        "price_unit": "G"
      },
      {
        "state": "ACT",
        "price": "450",
        "price_per_unit": "900",
        "price_unit": "G"
      }
    ]
  },
  {
    "source_url": "https://www.woolworths.com.au/shop/productdetails/113321/gourmet-organic-fennel-seed",
    "name": "Gourmet Organic Fennel Seed 30g",
    "image_url": "https://cdn1.woolworths.media/content/wowproductimages/large/113321.jpg",
    "source_id": "Woolworths - 113321",
    "barcode": "9332974000054",
    "category_id": "1_39FD49C",
    "shop": "Woolworths",
    "weight": "10G",
    "prices": [
      {
        "state": "QLD",
        "price": "450",
        "price_per_unit": "150",
        "price_unit": "G"
      },
      {
        "state": "WA",
        "price": "450",
        "price_per_unit": "150",
        "price_unit": "G"
      },
      {
        "state": "SA",
        "price": "450",
        "price_per_unit": "150",
        "price_unit": "G"
      },
      {
        "state": "TAS",
        "price": "450",
        "price_per_unit": "150",
        "price_unit": "G"
      },
      {
        "state": "ACT",
        "price": "450",
        "price_per_unit": "150",
        "price_unit": "G"
      }
    ]
  },
  {
    "source_url": "https://www.woolworths.com.au/shop/productdetails/113341/gourmet-organic-garam-masala",
    "name": "Gourmet Organic Garam Masala 30g",
    "image_url": "https://cdn1.woolworths.media/content/wowproductimages/large/113341.jpg",
    "source_id": "Woolworths - 113341",
    "barcode": "9332974000863",
    "category_id": "1_39FD49C",
    "shop": "Woolworths",
    "weight": "10G",
    "prices": [
      {
        "state": "QLD",
        "price": "450",
        "price_per_unit": "150",
        "price_unit": "G"
      },
      {
        "state": "WA",
        "price": "450",
        "price_per_unit": "150",
        "price_unit": "G"
      },
      {
        "state": "SA",
        "price": "450",
        "price_per_unit": "150",
        "price_unit": "G"
      },
      {
        "state": "TAS",
        "price": "450",
        "price_per_unit": "150",
        "price_unit": "G"
      },
      {
        "state": "ACT",
        "price": "450",
        "price_per_unit": "150",
        "price_unit": "G"
      }
    ]
  },
  {
    "source_url": "https://www.woolworths.com.au/shop/productdetails/113318/gourmet-organic-garlic-granules",
    "name": "Gourmet Organic Garlic Granules 40g",
    "image_url": "https://cdn1.woolworths.media/content/wowproductimages/large/113318.jpg",
    "source_id": "Woolworths - 113318",
    "barcode": "9332974001006",
    "category_id": "1_39FD49C",
    "shop": "Woolworths",
    "weight": "10G",
    "prices": [
      {
        "state": "QLD",
        "price": "450",
        "price_per_unit": "113",
        "price_unit": "G"
      },
      {
        "state": "WA",
        "price": "450",
        "price_per_unit": "113",
        "price_unit": "G"
      },
      {
        "state": "SA",
        "price": "450",
        "price_per_unit": "113",
        "price_unit": "G"
      },
      {
        "state": "TAS",
        "price": "450",
        "price_per_unit": "113",
        "price_unit": "G"
      },
      {
        "state": "ACT",
        "price": "450",
        "price_per_unit": "113",
        "price_unit": "G"
      }
    ]
  },
  {
    "source_url": "https://www.woolworths.com.au/shop/productdetails/113319/gourmet-organic-ginger",
    "name": "Gourmet Organic Ginger 30g",
    "image_url": "https://cdn1.woolworths.media/content/wowproductimages/large/113319.jpg",
    "source_id": "Woolworths - 113319",
    "barcode": "9332974000061",
    "category_id": "1_39FD49C",
    "shop": "Woolworths",
    "weight": "10G",
    "prices": [
      {
        "state": "QLD",
        "price": "450",
        "price_per_unit": "150",
        "price_unit": "G"
      },
      {
        "state": "WA",
        "price": "450",
        "price_per_unit": "150",
        "price_unit": "G"
      },
      {
        "state": "SA",
        "price": "450",
        "price_per_unit": "150",
        "price_unit": "G"
      },
      {
        "state": "TAS",
        "price": "450",
        "price_per_unit": "150",
        "price_unit": "G"
      },
      {
        "state": "ACT",
        "price": "450",
        "price_per_unit": "150",
        "price_unit": "G"
      }
    ]
  },
  {
    "source_url": "https://www.woolworths.com.au/shop/productdetails/368978/gourmet-organic-ground-cinnamon",
    "name": "Gourmet Organic Ground Cinnamon 30g",
    "image_url": "https://cdn1.woolworths.media/content/wowproductimages/large/368978.jpg",
    "source_id": "Woolworths - 368978",
    "barcode": "9332974000283",
    "category_id": "1_39FD49C",
    "shop": "Woolworths",
    "weight": "10G",
    "prices": [
      {
        "state": "QLD",
        "price": "450",
        "price_per_unit": "150",
        "price_unit": "G"
      },
      {
        "state": "WA",
        "price": "450",
        "price_per_unit": "150",
        "price_unit": "G"
      },
      {
        "state": "SA",
        "price": "450",
        "price_per_unit": "150",
        "price_unit": "G"
      },
      {
        "state": "TAS",
        "price": "450",
        "price_per_unit": "150",
        "price_unit": "G"
      },
      {
        "state": "ACT",
        "price": "450",
        "price_per_unit": "150",
        "price_unit": "G"
      }
    ]
  },
  {
    "source_url": "https://www.woolworths.com.au/shop/productdetails/113315/gourmet-organic-ground-coriander",
    "name": "Gourmet Organic Ground Coriander 30g",
    "image_url": "https://cdn1.woolworths.media/content/wowproductimages/large/113315.jpg",
    "source_id": "Woolworths - 113315",
    "barcode": "9332974000436",
    "category_id": "1_39FD49C",
    "shop": "Woolworths",
    "weight": "10G",
    "prices": [
      {
        "state": "QLD",
        "price": "450",
        "price_per_unit": "150",
        "price_unit": "G"
      },
      {
        "state": "WA",
        "price": "450",
        "price_per_unit": "150",
        "price_unit": "G"
      },
      {
        "state": "SA",
        "price": "450",
        "price_per_unit": "150",
        "price_unit": "G"
      },
      {
        "state": "TAS",
        "price": "450",
        "price_per_unit": "150",
        "price_unit": "G"
      },
      {
        "state": "ACT",
        "price": "450",
        "price_per_unit": "150",
        "price_unit": "G"
      }
    ]
  },
  {
    "source_url": "https://www.woolworths.com.au/shop/productdetails/368983/gourmet-organic-ground-cumin",
    "name": "Gourmet Organic Ground Cumin 30g",
    "image_url": "https://cdn1.woolworths.media/content/wowproductimages/large/368983.jpg",
    "source_id": "Woolworths - 368983",
    "barcode": "9332974000429",
    "category_id": "1_39FD49C",
    "shop": "Woolworths",
    "weight": "10G",
    "prices": [
      {
        "state": "QLD",
        "price": "450",
        "price_per_unit": "150",
        "price_unit": "G"
      },
      {
        "state": "WA",
        "price": "450",
        "price_per_unit": "150",
        "price_unit": "G"
      },
      {
        "state": "SA",
        "price": "450",
        "price_per_unit": "150",
        "price_unit": "G"
      },
      {
        "state": "TAS",
        "price": "450",
        "price_per_unit": "150",
        "price_unit": "G"
      },
      {
        "state": "ACT",
        "price": "450",
        "price_per_unit": "150",
        "price_unit": "G"
      }
    ]
  },
  {
    "source_url": "https://www.woolworths.com.au/shop/productdetails/113378/gourmet-organic-ground-fennel-seed",
    "name": "Gourmet Organic Ground Fennel Seed 20g",
    "image_url": "https://cdn1.woolworths.media/content/wowproductimages/large/113378.jpg",
    "source_id": "Woolworths - 113378",
    "barcode": "9332974000795",
    "category_id": "1_39FD49C",
    "shop": "Woolworths",
    "weight": "10G",
    "prices": [
      {
        "state": "QLD",
        "price": "450",
        "price_per_unit": "225",
        "price_unit": "G"
      },
      {
        "state": "WA",
        "price": "450",
        "price_per_unit": "225",
        "price_unit": "G"
      },
      {
        "state": "SA",
        "price": "450",
        "price_per_unit": "225",
        "price_unit": "G"
      },
      {
        "state": "TAS",
        "price": "450",
        "price_per_unit": "225",
        "price_unit": "G"
      },
      {
        "state": "ACT",
        "price": "450",
        "price_per_unit": "225",
        "price_unit": "G"
      }
    ]
  },
  {
    "source_url": "https://www.woolworths.com.au/shop/productdetails/113357/gourmet-organic-herbs-de-provence",
    "name": "Gourmet Organic Herbs De Provence 15g",
    "image_url": "https://cdn1.woolworths.media/content/wowproductimages/large/113357.jpg",
    "source_id": "Woolworths - 113357",
    "barcode": "9332974001051",
    "category_id": "1_39FD49C",
    "shop": "Woolworths",
    "weight": "100G",
    "prices": [
      {
        "state": "QLD",
        "price": "450",
        "price_per_unit": "3000",
        "price_unit": "G"
      },
      {
        "state": "WA",
        "price": "450",
        "price_per_unit": "3000",
        "price_unit": "G"
      },
      {
        "state": "SA",
        "price": "450",
        "price_per_unit": "3000",
        "price_unit": "G"
      },
      {
        "state": "TAS",
        "price": "450",
        "price_per_unit": "3000",
        "price_unit": "G"
      },
      {
        "state": "ACT",
        "price": "450",
        "price_per_unit": "3000",
        "price_unit": "G"
      }
    ]
  },
  {
    "source_url": "https://www.woolworths.com.au/shop/productdetails/113337/gourmet-organic-indian-curry-powder",
    "name": "Gourmet Organic Indian Curry Powder 30g",
    "image_url": "https://cdn1.woolworths.media/content/wowproductimages/large/113337.jpg",
    "source_id": "Woolworths - 113337",
    "barcode": "9332974001037",
    "category_id": "1_39FD49C",
    "shop": "Woolworths",
    "weight": "100G",
    "prices": [
      {
        "state": "QLD",
        "price": "450",
        "price_per_unit": "1500",
        "price_unit": "G"
      },
      {
        "state": "WA",
        "price": "450",
        "price_per_unit": "1500",
        "price_unit": "G"
      },
      {
        "state": "SA",
        "price": "450",
        "price_per_unit": "1500",
        "price_unit": "G"
      },
      {
        "state": "TAS",
        "price": "450",
        "price_per_unit": "1500",
        "price_unit": "G"
      },
      {
        "state": "ACT",
        "price": "450",
        "price_per_unit": "1500",
        "price_unit": "G"
      }
    ]
  },
  {
    "source_url": "https://www.woolworths.com.au/shop/productdetails/113333/gourmet-organic-italian-herb-mix",
    "name": "Gourmet Organic Italian Herb Mix 15g",
    "image_url": "https://cdn1.woolworths.media/content/wowproductimages/large/113333.jpg",
    "source_id": "Woolworths - 113333",
    "barcode": "9332974001044",
    "category_id": "1_39FD49C",
    "shop": "Woolworths",
    "weight": "100G",
    "prices": [
      {
        "state": "QLD",
        "price": "450",
        "price_per_unit": "3000",
        "price_unit": "G"
      },
      {
        "state": "WA",
        "price": "450",
        "price_per_unit": "3000",
        "price_unit": "G"
      },
      {
        "state": "SA",
        "price": "450",
        "price_per_unit": "3000",
        "price_unit": "G"
      },
      {
        "state": "TAS",
        "price": "450",
        "price_per_unit": "3000",
        "price_unit": "G"
      },
      {
        "state": "ACT",
        "price": "450",
        "price_per_unit": "3000",
        "price_unit": "G"
      }
    ]
  },
  {
    "source_url": "https://www.woolworths.com.au/shop/productdetails/113352/gourmet-organic-juniper-berry",
    "name": "Gourmet Organic Juniper Berry 25g",
    "image_url": "https://cdn1.woolworths.media/content/wowproductimages/large/113352.jpg",
    "source_id": "Woolworths - 113352",
    "barcode": "9332974001068",
    "category_id": "1_39FD49C",
    "shop": "Woolworths",
    "weight": "10G",
    "prices": [
      {
        "state": "QLD",
        "price": "450",
        "price_per_unit": "180",
        "price_unit": "G"
      },
      {
        "state": "WA",
        "price": "450",
        "price_per_unit": "180",
        "price_unit": "G"
      },
      {
        "state": "SA",
        "price": "450",
        "price_per_unit": "180",
        "price_unit": "G"
      },
      {
        "state": "TAS",
        "price": "450",
        "price_per_unit": "180",
        "price_unit": "G"
      },
      {
        "state": "ACT",
        "price": "450",
        "price_per_unit": "180",
        "price_unit": "G"
      }
    ]
  },
  {
    "source_url": "https://www.woolworths.com.au/shop/productdetails/113398/gourmet-organic-marjoram",
    "name": "Gourmet Organic Marjoram 10g",
    "image_url": "https://cdn1.woolworths.media/content/wowproductimages/large/113398.jpg",
    "source_id": "Woolworths - 113398",
    "barcode": "9332974000139",
    "category_id": "1_39FD49C",
    "shop": "Woolworths",
    "weight": "10G",
    "prices": [
      {
        "state": "QLD",
        "price": "450",
        "price_per_unit": "450",
        "price_unit": "G"
      },
      {
        "state": "WA",
        "price": "450",
        "price_per_unit": "450",
        "price_unit": "G"
      },
      {
        "state": "SA",
        "price": "450",
        "price_per_unit": "450",
        "price_unit": "G"
      },
      {
        "state": "TAS",
        "price": "450",
        "price_per_unit": "450",
        "price_unit": "G"
      },
      {
        "state": "ACT",
        "price": "450",
        "price_per_unit": "450",
        "price_unit": "G"
      }
    ]
  },
  {
    "source_url": "https://www.woolworths.com.au/shop/productdetails/113409/gourmet-organic-mexican-seasoning",
    "name": "Gourmet Organic Mexican Seasoning 25g",
    "image_url": "https://cdn1.woolworths.media/content/wowproductimages/large/113409.jpg",
    "source_id": "Woolworths - 113409",
    "barcode": "9332974000740",
    "category_id": "1_39FD49C",
    "shop": "Woolworths",
    "weight": "10G",
    "prices": [
      {
        "state": "QLD",
        "price": "450",
        "price_per_unit": "180",
        "price_unit": "G"
      },
      {
        "state": "WA",
        "price": "450",
        "price_per_unit": "180",
        "price_unit": "G"
      },
      {
        "state": "SA",
        "price": "450",
        "price_per_unit": "180",
        "price_unit": "G"
      },
      {
        "state": "TAS",
        "price": "450",
        "price_per_unit": "180",
        "price_unit": "G"
      },
      {
        "state": "ACT",
        "price": "450",
        "price_per_unit": "180",
        "price_unit": "G"
      }
    ]
  },
  {
    "source_url": "https://www.woolworths.com.au/shop/productdetails/113410/gourmet-organic-oregano",
    "name": "Gourmet Organic Oregano 10g",
    "image_url": "https://cdn1.woolworths.media/content/wowproductimages/large/113410.jpg",
    "source_id": "Woolworths - 113410",
    "barcode": "9332974000078",
    "category_id": "1_39FD49C",
    "shop": "Woolworths",
    "weight": "10G",
    "prices": [
      {
        "state": "QLD",
        "price": "450",
        "price_per_unit": "450",
        "price_unit": "G"
      },
      {
        "state": "WA",
        "price": "450",
        "price_per_unit": "450",
        "price_unit": "G"
      },
      {
        "state": "SA",
        "price": "450",
        "price_per_unit": "450",
        "price_unit": "G"
      },
      {
        "state": "TAS",
        "price": "450",
        "price_per_unit": "450",
        "price_unit": "G"
      },
      {
        "state": "ACT",
        "price": "450",
        "price_per_unit": "450",
        "price_unit": "G"
      }
    ]
  },
  {
    "source_url": "https://www.woolworths.com.au/shop/productdetails/113411/gourmet-organic-smoked-paprika",
    "name": "Gourmet Organic Smoked Paprika 30g",
    "image_url": "https://cdn1.woolworths.media/content/wowproductimages/large/113411.jpg",
    "source_id": "Woolworths - 113411",
    "barcode": "9332974000252",
    "category_id": "1_39FD49C",
    "shop": "Woolworths",
    "weight": "10G",
    "prices": [
      {
        "state": "QLD",
        "price": "450",
        "price_per_unit": "150",
        "price_unit": "G"
      },
      {
        "state": "WA",
        "price": "450",
        "price_per_unit": "150",
        "price_unit": "G"
      },
      {
        "state": "SA",
        "price": "450",
        "price_per_unit": "150",
        "price_unit": "G"
      },
      {
        "state": "TAS",
        "price": "450",
        "price_per_unit": "150",
        "price_unit": "G"
      },
      {
        "state": "ACT",
        "price": "450",
        "price_per_unit": "150",
        "price_unit": "G"
      }
    ]
  },
  {
    "source_url": "https://www.woolworths.com.au/shop/productdetails/113414/gourmet-organic-star-anise",
    "name": "Gourmet Organic Star Anise 10g",
    "image_url": "https://cdn1.woolworths.media/content/wowproductimages/large/113414.jpg",
    "source_id": "Woolworths - 113414",
    "barcode": "9332974001020",
    "category_id": "1_39FD49C",
    "shop": "Woolworths",
    "weight": "10G",
    "prices": [
      {
        "state": "QLD",
        "price": "450",
        "price_per_unit": "450",
        "price_unit": "G"
      },
      {
        "state": "WA",
        "price": "450",
        "price_per_unit": "450",
        "price_unit": "G"
      },
      {
        "state": "SA",
        "price": "450",
        "price_per_unit": "450",
        "price_unit": "G"
      },
      {
        "state": "TAS",
        "price": "450",
        "price_per_unit": "450",
        "price_unit": "G"
      },
      {
        "state": "ACT",
        "price": "450",
        "price_per_unit": "450",
        "price_unit": "G"
      }
    ]
  },
  {
    "source_url": "https://www.woolworths.com.au/shop/productdetails/113301/gourmet-organic-sweet-paprika",
    "name": "Gourmet Organic Sweet Paprika 30g",
    "image_url": "https://cdn1.woolworths.media/content/wowproductimages/large/113301.jpg",
    "source_id": "Woolworths - 113301",
    "barcode": "9332974001013",
    "category_id": "1_39FD49C",
    "shop": "Woolworths",
    "weight": "10G",
    "prices": [
      {
        "state": "QLD",
        "price": "450",
        "price_per_unit": "150",
        "price_unit": "G"
      },
      {
        "state": "WA",
        "price": "450",
        "price_per_unit": "150",
        "price_unit": "G"
      },
      {
        "state": "SA",
        "price": "450",
        "price_per_unit": "150",
        "price_unit": "G"
      },
      {
        "state": "TAS",
        "price": "450",
        "price_per_unit": "150",
        "price_unit": "G"
      },
      {
        "state": "ACT",
        "price": "450",
        "price_per_unit": "150",
        "price_unit": "G"
      }
    ]
  },
  {
    "source_url": "https://www.woolworths.com.au/shop/productdetails/113317/gourmet-organic-thyme",
    "name": "Gourmet Organic Thyme 10g",
    "image_url": "https://cdn1.woolworths.media/content/wowproductimages/large/113317.jpg",
    "source_id": "Woolworths - 113317",
    "barcode": "9332974000115",
    "category_id": "1_39FD49C",
    "shop": "Woolworths",
    "weight": "10G",
    "prices": [
      {
        "state": "QLD",
        "price": "450",
        "price_per_unit": "450",
        "price_unit": "G"
      },
      {
        "state": "WA",
        "price": "450",
        "price_per_unit": "450",
        "price_unit": "G"
      },
      {
        "state": "SA",
        "price": "450",
        "price_per_unit": "450",
        "price_unit": "G"
      },
      {
        "state": "TAS",
        "price": "450",
        "price_per_unit": "450",
        "price_unit": "G"
      },
      {
        "state": "ACT",
        "price": "450",
        "price_per_unit": "450",
        "price_unit": "G"
      }
    ]
  },
  {
    "source_url": "https://www.woolworths.com.au/shop/productdetails/368981/gourmet-organic-turmeric",
    "name": "Gourmet Organic Turmeric 40g",
    "image_url": "https://cdn1.woolworths.media/content/wowproductimages/large/368981.jpg",
    "source_id": "Woolworths - 368981",
    "barcode": "9332974000375",
    "category_id": "1_39FD49C",
    "shop": "Woolworths",
    "weight": "10G",
    "prices": [
      {
        "state": "QLD",
        "price": "450",
        "price_per_unit": "113",
        "price_unit": "G"
      },
      {
        "state": "WA",
        "price": "450",
        "price_per_unit": "113",
        "price_unit": "G"
      },
      {
        "state": "SA",
        "price": "450",
        "price_per_unit": "113",
        "price_unit": "G"
      },
      {
        "state": "TAS",
        "price": "450",
        "price_per_unit": "113",
        "price_unit": "G"
      },
      {
        "state": "ACT",
        "price": "450",
        "price_per_unit": "113",
        "price_unit": "G"
      }
    ]
  },
  {
    "source_url": "https://www.woolworths.com.au/shop/productdetails/500779/mccormick-asian-chilli-crisp-street-food-seasoning",
    "name": "McCormick Asian Chilli Crisp Street Food Seasoning 25g",
    "image_url": "https://cdn1.woolworths.media/content/wowproductimages/large/500779.jpg",
    "source_id": "Woolworths - 500779",
    "barcode": "9300683509427",
    "category_id": "1_39FD49C",
    "shop": "Woolworths",
    "weight": "10G",
    "prices": [
      {
        "state": "QLD",
        "price": "250",
        "price_per_unit": "100",
        "price_unit": "G"
      },
      {
        "state": "WA",
        "price": "250",
        "price_per_unit": "100",
        "price_unit": "G"
      },
      {
        "state": "SA",
        "price": "250",
        "price_per_unit": "100",
        "price_unit": "G"
      },
      {
        "state": "TAS",
        "price": "250",
        "price_per_unit": "100",
        "price_unit": "G"
      },
      {
        "state": "ACT",
        "price": "250",
        "price_per_unit": "100",
        "price_unit": "G"
      }
    ]
  },
  {
    "source_url": "https://www.woolworths.com.au/shop/productdetails/503983/mccormick-australian-native-lemon-myrtle-spice-rub",
    "name": "McCormick Australian Native Lemon Myrtle Spice Rub 20g",
    "image_url": "https://cdn1.woolworths.media/content/wowproductimages/large/503983.jpg",
    "source_id": "Woolworths - 503983",
    "barcode": "9300683509366",
    "category_id": "1_39FD49C",
    "shop": "Woolworths",
    "weight": "10G",
    "prices": [
      {
        "state": "QLD",
        "price": "300",
        "price_per_unit": "150",
        "price_unit": "G"
      },
      {
        "state": "WA",
        "price": "300",
        "price_per_unit": "150",
        "price_unit": "G"
      },
      {
        "state": "SA",
        "price": "300",
        "price_per_unit": "150",
        "price_unit": "G"
      },
      {
        "state": "TAS",
        "price": "300",
        "price_per_unit": "150",
        "price_unit": "G"
      },
      {
        "state": "ACT",
        "price": "300",
        "price_per_unit": "150",
        "price_unit": "G"
      }
    ]
  },
  {
    "source_url": "https://www.woolworths.com.au/shop/productdetails/483559/mccormick-australian-native-mountain-pepper-spice-rub",
    "name": "McCormick Australian Native Mountain Pepper Spice Rub 20g",
    "image_url": "https://cdn1.woolworths.media/content/wowproductimages/large/483559.jpg",
    "source_id": "Woolworths - 483559",
    "barcode": "9300683509373",
    "category_id": "1_39FD49C",
    "shop": "Woolworths",
    "weight": "10G",
    "prices": [
      {
        "state": "QLD",
        "price": "300",
        "price_per_unit": "150",
        "price_unit": "G"
      },
      {
        "state": "WA",
        "price": "300",
        "price_per_unit": "150",
        "price_unit": "G"
      },
      {
        "state": "SA",
        "price": "300",
        "price_per_unit": "150",
        "price_unit": "G"
      },
      {
        "state": "TAS",
        "price": "300",
        "price_per_unit": "150",
        "price_unit": "G"
      },
      {
        "state": "ACT",
        "price": "300",
        "price_per_unit": "150",
        "price_unit": "G"
      }
    ]
  },
  {
    "source_url": "https://www.woolworths.com.au/shop/productdetails/502345/mccormick-australian-natives-wild-rosella-curry-spice-mix",
    "name": "McCormick Australian Natives Wild Rosella Curry Spice Mix 20g",
    "image_url": "https://cdn1.woolworths.media/content/wowproductimages/large/502345.jpg",
    "source_id": "Woolworths - 502345",
    "barcode": "9300683509397",
    "category_id": "1_39FD49C",
    "shop": "Woolworths",
    "weight": "10G",
    "prices": [
      {
        "state": "QLD",
        "price": "300",
        "price_per_unit": "150",
        "price_unit": "G"
      },
      {
        "state": "WA",
        "price": "300",
        "price_per_unit": "150",
        "price_unit": "G"
      },
      {
        "state": "SA",
        "price": "300",
        "price_per_unit": "150",
        "price_unit": "G"
      },
      {
        "state": "TAS",
        "price": "300",
        "price_per_unit": "150",
        "price_unit": "G"
      },
      {
        "state": "ACT",
        "price": "300",
        "price_per_unit": "150",
        "price_unit": "G"
      }
    ]
  },
  {
    "source_url": "https://www.woolworths.com.au/shop/productdetails/504968/mccormick-brazilian-bbq-street-food-seasoning",
    "name": "McCormick Brazilian BBQ Street Food Seasoning 25g",
    "image_url": "https://cdn1.woolworths.media/content/wowproductimages/large/504968.jpg",
    "source_id": "Woolworths - 504968",
    "barcode": "9300683509403",
    "category_id": "1_39FD49C",
    "shop": "Woolworths",
    "weight": "10G",
    "prices": [
      {
        "state": "QLD",
        "price": "250",
        "price_per_unit": "100",
        "price_unit": "G"
      },
      {
        "state": "WA",
        "price": "250",
        "price_per_unit": "100",
        "price_unit": "G"
      },
      {
        "state": "SA",
        "price": "250",
        "price_per_unit": "100",
        "price_unit": "G"
      },
      {
        "state": "TAS",
        "price": "250",
        "price_per_unit": "100",
        "price_unit": "G"
      },
      {
        "state": "ACT",
        "price": "250",
        "price_per_unit": "100",
        "price_unit": "G"
      }
    ]
  },
  {
    "source_url": "https://www.woolworths.com.au/shop/productdetails/500617/mccormick-bush-mint-barbecue-spice-rub",
    "name": "McCormick Bush Mint Barbecue Spice Rub 20g",
    "image_url": "https://cdn1.woolworths.media/content/wowproductimages/large/500617.jpg",
    "source_id": "Woolworths - 500617",
    "barcode": "9300683509380",
    "category_id": "1_39FD49C",
    "shop": "Woolworths",
    "weight": "10G",
    "prices": [
      {
        "state": "QLD",
        "price": "300",
        "price_per_unit": "150",
        "price_unit": "G"
      },
      {
        "state": "WA",
        "price": "300",
        "price_per_unit": "150",
        "price_unit": "G"
      },
      {
        "state": "SA",
        "price": "300",
        "price_per_unit": "150",
        "price_unit": "G"
      },
      {
        "state": "TAS",
        "price": "300",
        "price_per_unit": "150",
        "price_unit": "G"
      },
      {
        "state": "ACT",
        "price": "300",
        "price_per_unit": "150",
        "price_unit": "G"
      }
    ]
  },
  {
    "source_url": "https://www.woolworths.com.au/shop/productdetails/700580/mccormick-organic-cumin-ground",
    "name": "McCormick Organic Cumin Ground 14g",
    "image_url": "https://cdn1.woolworths.media/content/wowproductimages/large/700580.jpg",
    "source_id": "Woolworths - 700580",
    "barcode": "9300683505245",
    "category_id": "1_39FD49C",
    "shop": "Woolworths",
    "weight": "10G",
    "prices": [
      {
        "state": "QLD",
        "price": "275",
        "price_per_unit": "196",
        "price_unit": "G"
      },
      {
        "state": "SA",
        "price": "275",
        "price_per_unit": "196",
        "price_unit": "G"
      },
      {
        "state": "TAS",
        "price": "275",
        "price_per_unit": "196",
        "price_unit": "G"
      },
      {
        "state": "ACT",
        "price": "275",
        "price_per_unit": "196",
        "price_unit": "G"
      }
    ]
  },
  {
    "source_url": "https://www.woolworths.com.au/shop/productdetails/700456/mccormick-organic-paprika-ground",
    "name": "McCormick Organic Paprika Ground 16g",
    "image_url": "https://cdn1.woolworths.media/content/wowproductimages/large/700456.jpg",
    "source_id": "Woolworths - 700456",
    "barcode": "9300683505191",
    "category_id": "1_39FD49C",
    "shop": "Woolworths",
    "weight": "10G",
    "prices": [
      {
        "state": "QLD",
        "price": "275",
        "price_per_unit": "172",
        "price_unit": "G"
      },
      {
        "state": "SA",
        "price": "275",
        "price_per_unit": "172",
        "price_unit": "G"
      },
      {
        "state": "TAS",
        "price": "275",
        "price_per_unit": "172",
        "price_unit": "G"
      },
      {
        "state": "ACT",
        "price": "275",
        "price_per_unit": "172",
        "price_unit": "G"
      }
    ]
  },
  {
    "source_url": "https://www.woolworths.com.au/shop/productdetails/503974/mccormick-spicy-korean-bbq-street-food-seasoning",
    "name": "McCormick Spicy Korean BBQ Street Food Seasoning 25g",
    "image_url": "https://cdn1.woolworths.media/content/wowproductimages/large/503974.jpg",
    "source_id": "Woolworths - 503974",
    "barcode": "9300683509410",
    "category_id": "1_39FD49C",
    "shop": "Woolworths",
    "weight": "10G",
    "prices": [
      {
        "state": "QLD",
        "price": "250",
        "price_per_unit": "100",
        "price_unit": "G"
      },
      {
        "state": "WA",
        "price": "250",
        "price_per_unit": "100",
        "price_unit": "G"
      },
      {
        "state": "SA",
        "price": "250",
        "price_per_unit": "100",
        "price_unit": "G"
      },
      {
        "state": "TAS",
        "price": "250",
        "price_per_unit": "100",
        "price_unit": "G"
      },
      {
        "state": "ACT",
        "price": "250",
        "price_per_unit": "100",
        "price_unit": "G"
      }
    ]
  },
  {
    "source_url": "https://www.woolworths.com.au/shop/productdetails/68721/mingle-taco-mexican-fiesta-recipe-base",
    "name": "Mingle Taco Mexican Fiesta Recipe Base 30g",
    "image_url": "https://cdn1.woolworths.media/content/wowproductimages/large/068721.jpg",
    "source_id": "Woolworths - 68721",
    "barcode": "9350465006019",
    "category_id": "1_39FD49C",
    "shop": "Woolworths",
    "weight": "10G",
    "prices": [
      {
        "state": "QLD",
        "price": "260",
        "price_per_unit": "87",
        "price_unit": "G"
      },
      {
        "state": "TAS",
        "price": "260",
        "price_per_unit": "87",
        "price_unit": "G"
      },
      {
        "state": "ACT",
        "price": "260",
        "price_per_unit": "87",
        "price_unit": "G"
      },
      {
        "state": "NT",
        "price": "275",
        "price_per_unit": "92",
        "price_unit": "G"
      }
    ]
  },
  {
    "source_url": "https://www.woolworths.com.au/shop/productdetails/171175/sandhurst-dried-porcini-mushrooms",
    "name": "Sandhurst Dried Porcini Mushrooms 50g",
    "image_url": "https://cdn1.woolworths.media/content/wowproductimages/large/171175.jpg",
    "source_id": "Woolworths - 171175",
    "barcode": "9313839003786",
    "category_id": "1_39FD49C",
    "shop": "Woolworths",
    "weight": "10G",
    "prices": [
      {
        "state": "QLD",
        "price": "1100",
        "price_per_unit": "220",
        "price_unit": "G"
      },
      {
        "state": "SA",
        "price": "1100",
        "price_per_unit": "220",
        "price_unit": "G"
      },
      {
        "state": "TAS",
        "price": "1100",
        "price_per_unit": "220",
        "price_unit": "G"
      },
      {
        "state": "ACT",
        "price": "1100",
        "price_per_unit": "220",
        "price_unit": "G"
      }
    ]
  },
  {
    "source_url": "https://www.woolworths.com.au/shop/productdetails/167292/table-of-plenty-classic-dukkah-with-almond-cashew",
    "name": "Table Of Plenty Classic Dukkah With Almond & Cashew 45g",
    "image_url": "https://cdn1.woolworths.media/content/wowproductimages/large/167292.jpg",
    "source_id": "Woolworths - 167292",
    "barcode": "9335777003994",
    "category_id": "1_39FD49C",
    "shop": "Woolworths",
    "weight": "10G",
    "prices": [
      {
        "state": "QLD",
        "price": "450",
        "price_per_unit": "100",
        "price_unit": "G"
      },
      {
        "state": "SA",
        "price": "450",
        "price_per_unit": "100",
        "price_unit": "G"
      },
      {
        "state": "TAS",
        "price": "450",
        "price_per_unit": "100",
        "price_unit": "G"
      },
      {
        "state": "ACT",
        "price": "450",
        "price_per_unit": "100",
        "price_unit": "G"
      }
    ]
  },
  {
    "source_url": "https://www.woolworths.com.au/shop/productdetails/251014/woolworths-garlic-granules",
    "name": "Woolworths Garlic Granules 45g",
    "image_url": "https://cdn1.woolworths.media/content/wowproductimages/large/251014.jpg",
    "source_id": "Woolworths - 251014",
    "barcode": "9300633927684",
    "category_id": "1_39FD49C",
    "shop": "Woolworths",
    "weight": "10G",
    "prices": [
      {
        "state": "QLD",
        "price": "200",
        "price_per_unit": "44",
        "price_unit": "G"
      },
      {
        "state": "WA",
        "price": "200",
        "price_per_unit": "44",
        "price_unit": "G"
      },
      {
        "state": "SA",
        "price": "210",
        "price_per_unit": "47",
        "price_unit": "G"
      },
      {
        "state": "TAS",
        "price": "200",
        "price_per_unit": "44",
        "price_unit": "G"
      },
      {
        "state": "ACT",
        "price": "200",
        "price_per_unit": "44",
        "price_unit": "G"
      },
      {
        "state": "NT",
        "price": "220",
        "price_per_unit": "49",
        "price_unit": "G"
      }
    ]
  },
  {
    "source_url": "https://www.woolworths.com.au/shop/productdetails/113335/gourmet-organic-whole-cloves",
    "name": "Gourmet Organic Whole Cloves 30g",
    "image_url": "https://cdn1.woolworths.media/content/wowproductimages/large/113335.jpg",
    "source_id": "Woolworths - 113335",
    "barcode": "9332974000313",
    "category_id": "1_39FD49C",
    "shop": "Woolworths",
    "weight": "10G",
    "prices": [
      {
        "state": "WA",
        "price": "450",
        "price_per_unit": "150",
        "price_unit": "G"
      },
      {
        "state": "TAS",
        "price": "450",
        "price_per_unit": "150",
        "price_unit": "G"
      },
      {
        "state": "ACT",
        "price": "450",
        "price_per_unit": "150",
        "price_unit": "G"
      }
    ]
  },
  {
    "source_url": "https://www.woolworths.com.au/shop/productdetails/126174/spencers-basil-sachet",
    "name": "Spencers Basil Sachet 20g",
    "image_url": "https://cdn1.woolworths.media/content/wowproductimages/large/126174.jpg",
    "source_id": "Woolworths - 126174",
    "barcode": "9311133500017",
    "category_id": "1_39FD49C",
    "shop": "Woolworths",
    "weight": "10G",
    "prices": [
      {
        "state": "WA",
        "price": "210",
        "price_per_unit": "105",
        "price_unit": "G"
      }
    ]
  },
  {
    "source_url": "https://www.woolworths.com.au/shop/productdetails/239048/spencers-bay-leaves",
    "name": "Spencers Bay Leaves 4g",
    "image_url": "https://cdn1.woolworths.media/content/wowproductimages/large/239048.jpg",
    "source_id": "Woolworths - 239048",
    "barcode": "9311133224555",
    "category_id": "1_39FD49C",
    "shop": "Woolworths",
    "weight": "10G",
    "prices": [
      {
        "state": "WA",
        "price": "375",
        "price_per_unit": "938",
        "price_unit": "G"
      }
    ]
  },
  {
    "source_url": "https://www.woolworths.com.au/shop/productdetails/200023/spencers-chilli-crushed-sachet",
    "name": "Spencers Chilli Crushed Sachet 30g",
    "image_url": "https://cdn1.woolworths.media/content/wowproductimages/large/200023.jpg",
    "source_id": "Woolworths - 200023",
    "barcode": "9311133500475",
    "category_id": "1_39FD49C",
    "shop": "Woolworths",
    "weight": "10G",
    "prices": [
      {
        "state": "WA",
        "price": "260",
        "price_per_unit": "87",
        "price_unit": "G"
      }
    ]
  },
  {
    "source_url": "https://www.woolworths.com.au/shop/productdetails/126187/spencers-chinese-5-spice-sachet",
    "name": "Spencers Chinese 5 Spice Sachet 50g",
    "image_url": "https://cdn1.woolworths.media/content/wowproductimages/large/126187.jpg",
    "source_id": "Woolworths - 126187",
    "barcode": "9311133500291",
    "category_id": "1_39FD49C",
    "shop": "Woolworths",
    "weight": "10G",
    "prices": [
      {
        "state": "WA",
        "price": "310",
        "price_per_unit": "62",
        "price_unit": "G"
      }
    ]
  },
  {
    "source_url": "https://www.woolworths.com.au/shop/productdetails/245165/spencers-chives-sachet",
    "name": "Spencers Chives Sachet 4g",
    "image_url": "https://cdn1.woolworths.media/content/wowproductimages/large/245165.jpg",
    "source_id": "Woolworths - 245165",
    "barcode": "9311133215331",
    "category_id": "1_39FD49C",
    "shop": "Woolworths",
    "weight": "10G",
    "prices": [
      {
        "state": "WA",
        "price": "190",
        "price_per_unit": "475",
        "price_unit": "G"
      }
    ]
  },
  {
    "source_url": "https://www.woolworths.com.au/shop/productdetails/126191/spencers-cinnamon-ground-sachet",
    "name": "Spencers Cinnamon Ground Sachet 30g",
    "image_url": "https://cdn1.woolworths.media/content/wowproductimages/large/126191.jpg",
    "source_id": "Woolworths - 126191",
    "barcode": "9311133500086",
    "category_id": "1_39FD49C",
    "shop": "Woolworths",
    "weight": "10G",
    "prices": [
      {
        "state": "WA",
        "price": "230",
        "price_per_unit": "77",
        "price_unit": "G"
      }
    ]
  },
  {
    "source_url": "https://www.woolworths.com.au/shop/productdetails/248004/spencers-cinnamon-quills-quills",
    "name": "Spencers Cinnamon Quills Quills 18g",
    "image_url": "https://cdn1.woolworths.media/content/wowproductimages/large/248004.jpg",
    "source_id": "Woolworths - 248004",
    "barcode": "9311133215416",
    "category_id": "1_39FD49C",
    "shop": "Woolworths",
    "weight": "10G",
    "prices": [
      {
        "state": "WA",
        "price": "465",
        "price_per_unit": "258",
        "price_unit": "G"
      }
    ]
  },
  {
    "source_url": "https://www.woolworths.com.au/shop/productdetails/126229/spencers-coriander-ground-sachet",
    "name": "Spencers Coriander Ground Sachet 50g",
    "image_url": "https://cdn1.woolworths.media/content/wowproductimages/large/126229.jpg",
    "source_id": "Woolworths - 126229",
    "barcode": "9311133500109",
    "category_id": "1_39FD49C",
    "shop": "Woolworths",
    "weight": "10G",
    "prices": [
      {
        "state": "WA",
        "price": "210",
        "price_per_unit": "42",
        "price_unit": "G"
      }
    ]
  },
  {
    "source_url": "https://www.woolworths.com.au/shop/productdetails/126190/spencers-cummin-ground-sachet",
    "name": "Spencers Cummin Ground Sachet 50g",
    "image_url": "https://cdn1.woolworths.media/content/wowproductimages/large/126190.jpg",
    "source_id": "Woolworths - 126190",
    "barcode": "9311133500123",
    "category_id": "1_39FD49C",
    "shop": "Woolworths",
    "weight": "10G",
    "prices": [
      {
        "state": "WA",
        "price": "310",
        "price_per_unit": "62",
        "price_unit": "G"
      }
    ]
  },
  {
    "source_url": "https://www.woolworths.com.au/shop/productdetails/126188/spencers-curry-powder-indian-sachet",
    "name": "Spencers Curry Powder Indian Sachet 50g",
    "image_url": "https://cdn1.woolworths.media/content/wowproductimages/large/126188.jpg",
    "source_id": "Woolworths - 126188",
    "barcode": "9311133500130",
    "category_id": "1_39FD49C",
    "shop": "Woolworths",
    "weight": "10G",
    "prices": [
      {
        "state": "WA",
        "price": "210",
        "price_per_unit": "42",
        "price_unit": "G"
      }
    ]
  },
  {
    "source_url": "https://www.woolworths.com.au/shop/productdetails/126184/spencers-garam-masala-sachet",
    "name": "Spencers Garam Masala Sachet 50g",
    "image_url": "https://cdn1.woolworths.media/content/wowproductimages/large/126184.jpg",
    "source_id": "Woolworths - 126184",
    "barcode": "9311133500352",
    "category_id": "1_39FD49C",
    "shop": "Woolworths",
    "weight": "10G",
    "prices": [
      {
        "state": "WA",
        "price": "310",
        "price_per_unit": "62",
        "price_unit": "G"
      }
    ]
  },
  {
    "source_url": "https://www.woolworths.com.au/shop/productdetails/126225/spencers-garlic-ground-coarse-sachet",
    "name": "Spencers Garlic Ground Coarse Sachet 75g",
    "image_url": "https://cdn1.woolworths.media/content/wowproductimages/large/126225.jpg",
    "source_id": "Woolworths - 126225",
    "barcode": "9311133500154",
    "category_id": "1_39FD49C",
    "shop": "Woolworths",
    "weight": "10G",
    "prices": [
      {
        "state": "WA",
        "price": "310",
        "price_per_unit": "41",
        "price_unit": "G"
      }
    ]
  },
  {
    "source_url": "https://www.woolworths.com.au/shop/productdetails/126186/spencers-ginger-ground-sachet",
    "name": "Spencers Ginger Ground Sachet 50g",
    "image_url": "https://cdn1.woolworths.media/content/wowproductimages/large/126186.jpg",
    "source_id": "Woolworths - 126186",
    "barcode": "9311133500147",
    "category_id": "1_39FD49C",
    "shop": "Woolworths",
    "weight": "10G",
    "prices": [
      {
        "state": "WA",
        "price": "260",
        "price_per_unit": "52",
        "price_unit": "G"
      }
    ]
  },
  {
    "source_url": "https://www.woolworths.com.au/shop/productdetails/249482/spencers-gourmet-trading-spencers-cayenne-pepper-medium",
    "name": "Spencers Gourmet Trading Spencers Cayenne Pepper Medium 50g",
    "image_url": "https://cdn1.woolworths.media/content/wowproductimages/large/249482.jpg",
    "source_id": "Woolworths - 249482",
    "barcode": "9311133200177",
    "category_id": "1_39FD49C",
    "shop": "Woolworths",
    "weight": "10G",
    "prices": [
      {
        "state": "WA",
        "price": "260",
        "price_per_unit": "52",
        "price_unit": "G"
      }
    ]
  },
  {
    "source_url": "https://www.woolworths.com.au/shop/productdetails/126183/spencers-italian-herbs-herbs",
    "name": "Spencers Italian Herbs Herbs 20g",
    "image_url": "https://cdn1.woolworths.media/content/wowproductimages/large/126183.jpg",
    "source_id": "Woolworths - 126183",
    "barcode": "9311133500185",
    "category_id": "1_39FD49C",
    "shop": "Woolworths",
    "weight": "10G",
    "prices": [
      {
        "state": "WA",
        "price": "180",
        "price_per_unit": "90",
        "price_unit": "G"
      }
    ]
  },
  {
    "source_url": "https://www.woolworths.com.au/shop/productdetails/126182/spencers-mixed-spice-sachet",
    "name": "Spencers Mixed Spice Sachet 40g",
    "image_url": "https://cdn1.woolworths.media/content/wowproductimages/large/126182.jpg",
    "source_id": "Woolworths - 126182",
    "barcode": "9311133500222",
    "category_id": "1_39FD49C",
    "shop": "Woolworths",
    "weight": "10G",
    "prices": [
      {
        "state": "WA",
        "price": "210",
        "price_per_unit": "53",
        "price_unit": "G"
      }
    ]
  },
  {
    "source_url": "https://www.woolworths.com.au/shop/productdetails/126180/spencers-onion-flakes-flakes-sachet",
    "name": "Spencers Onion Flakes Flakes Sachet 40g",
    "image_url": "https://cdn1.woolworths.media/content/wowproductimages/large/126180.jpg",
    "source_id": "Woolworths - 126180",
    "barcode": "9311133500253",
    "category_id": "1_39FD49C",
    "shop": "Woolworths",
    "weight": "10G",
    "prices": [
      {
        "state": "WA",
        "price": "210",
        "price_per_unit": "53",
        "price_unit": "G"
      }
    ]
  },
  {
    "source_url": "https://www.woolworths.com.au/shop/productdetails/583623/spencers-oregano-medium",
    "name": "Spencers Oregano Medium 15g",
    "image_url": "https://cdn1.woolworths.media/content/wowproductimages/large/583623.jpg",
    "source_id": "Woolworths - 583623",
    "barcode": "9300609106181",
    "category_id": "1_39FD49C",
    "shop": "Woolworths",
    "weight": "10G",
    "prices": [
      {
        "state": "WA",
        "price": "160",
        "price_per_unit": "107",
        "price_unit": "G"
      }
    ]
  },
  {
    "source_url": "https://www.woolworths.com.au/shop/productdetails/248002/spencers-paprika-sachet",
    "name": "Spencers Paprika Sachet 60g",
    "image_url": "https://cdn1.woolworths.media/content/wowproductimages/large/248002.jpg",
    "source_id": "Woolworths - 248002",
    "barcode": "9311133215232",
    "category_id": "1_39FD49C",
    "shop": "Woolworths",
    "weight": "10G",
    "prices": [
      {
        "state": "WA",
        "price": "330",
        "price_per_unit": "55",
        "price_unit": "G"
      }
    ]
  },
  {
    "source_url": "https://www.woolworths.com.au/shop/productdetails/200015/spencers-parsley-sachet",
    "name": "Spencers Parsley Sachet 35g",
    "image_url": "https://cdn1.woolworths.media/content/wowproductimages/large/200015.jpg",
    "source_id": "Woolworths - 200015",
    "barcode": "9311133400485",
    "category_id": "1_39FD49C",
    "shop": "Woolworths",
    "weight": "10G",
    "prices": [
      {
        "state": "WA",
        "price": "350",
        "price_per_unit": "100",
        "price_unit": "G"
      }
    ]
  },
  {
    "source_url": "https://www.woolworths.com.au/shop/productdetails/200012/spencers-peppercorns-black-sachet",
    "name": "Spencers Peppercorns Black Sachet 80g",
    "image_url": "https://cdn1.woolworths.media/content/wowproductimages/large/200012.jpg",
    "source_id": "Woolworths - 200012",
    "barcode": "9311133500581",
    "category_id": "1_39FD49C",
    "shop": "Woolworths",
    "weight": "10G",
    "prices": [
      {
        "state": "WA",
        "price": "575",
        "price_per_unit": "72",
        "price_unit": "G"
      }
    ]
  },
  {
    "source_url": "https://www.woolworths.com.au/shop/productdetails/200008/spencers-poppy-seeds-sachet",
    "name": "Spencers Poppy Seeds Sachet 70g",
    "image_url": "https://cdn1.woolworths.media/content/wowproductimages/large/200008.jpg",
    "source_id": "Woolworths - 200008",
    "barcode": "9311133200948",
    "category_id": "1_39FD49C",
    "shop": "Woolworths",
    "weight": "10G",
    "prices": [
      {
        "state": "WA",
        "price": "240",
        "price_per_unit": "34",
        "price_unit": "G"
      }
    ]
  },
  {
    "source_url": "https://www.woolworths.com.au/shop/productdetails/249520/spencers-pure-saffron-sachet",
    "name": "Spencers Pure Saffron Sachet 0.5g",
    "image_url": "https://cdn1.woolworths.media/content/wowproductimages/large/249520.jpg",
    "source_id": "Woolworths - 249520",
    "barcode": "9311133502127",
    "category_id": "1_39FD49C",
    "shop": "Woolworths",
    "weight": "10G",
    "prices": [
      {
        "state": "WA",
        "price": "980",
        "price_per_unit": "19600",
        "price_unit": "G"
      }
    ]
  },
  {
    "source_url": "https://www.woolworths.com.au/shop/productdetails/126198/spencers-rosemary-sachet",
    "name": "Spencers Rosemary Sachet 30g",
    "image_url": "https://cdn1.woolworths.media/content/wowproductimages/large/126198.jpg",
    "source_id": "Woolworths - 126198",
    "barcode": "9311133500376",
    "category_id": "1_39FD49C",
    "shop": "Woolworths",
    "weight": "10G",
    "prices": [
      {
        "state": "WA",
        "price": "190",
        "price_per_unit": "63",
        "price_unit": "G"
      }
    ]
  },
  {
    "source_url": "https://www.woolworths.com.au/shop/productdetails/245168/spencers-sesame-seeds-sachet",
    "name": "Spencers Sesame Seeds Sachet 70g",
    "image_url": "https://cdn1.woolworths.media/content/wowproductimages/large/245168.jpg",
    "source_id": "Woolworths - 245168",
    "barcode": "9311133215294",
    "category_id": "1_39FD49C",
    "shop": "Woolworths",
    "weight": "10G",
    "prices": [
      {
        "state": "WA",
        "price": "250",
        "price_per_unit": "36",
        "price_unit": "G"
      }
    ]
  },
  {
    "source_url": "https://www.woolworths.com.au/shop/productdetails/249519/spencers-star-anise-sachet",
    "name": "Spencers Star Anise Sachet 20g",
    "image_url": "https://cdn1.woolworths.media/content/wowproductimages/large/249519.jpg",
    "source_id": "Woolworths - 249519",
    "barcode": "9311133215225",
    "category_id": "1_39FD49C",
    "shop": "Woolworths",
    "weight": "10G",
    "prices": [
      {
        "state": "WA",
        "price": "400",
        "price_per_unit": "200",
        "price_unit": "G"
      }
    ]
  },
  {
    "source_url": "https://www.woolworths.com.au/shop/productdetails/249518/spencers-sumac-sachet",
    "name": "Spencers Sumac Sachet 45g",
    "image_url": "https://cdn1.woolworths.media/content/wowproductimages/large/249518.jpg",
    "source_id": "Woolworths - 249518",
    "barcode": "9311133215812",
    "category_id": "1_39FD49C",
    "shop": "Woolworths",
    "weight": "10G",
    "prices": [
      {
        "state": "WA",
        "price": "385",
        "price_per_unit": "86",
        "price_unit": "G"
      }
    ]
  },
  {
    "source_url": "https://www.woolworths.com.au/shop/productdetails/126223/spencers-turmeric-sachet",
    "name": "Spencers Turmeric Sachet 50g",
    "image_url": "https://cdn1.woolworths.media/content/wowproductimages/large/126223.jpg",
    "source_id": "Woolworths - 126223",
    "barcode": "9311133500420",
    "category_id": "1_39FD49C",
    "shop": "Woolworths",
    "weight": "10G",
    "prices": [
      {
        "state": "WA",
        "price": "230",
        "price_per_unit": "46",
        "price_unit": "G"
      }
    ]
  }
]