[
  {
    "source_url": "https://www.woolworths.com.au/shop/productdetails/661997/aeroplane-creamy-mousse-mix-chocolate-flavour",
    "name": "Aeroplane Creamy Mousse Mix Chocolate Flavour 65g",
    "image_url": "https://cdn1.woolworths.media/content/wowproductimages/large/661997.jpg",
    "source_id": "Woolworths - 661997",
    "barcode": "9300619572396",
    "category_id": "1_39FD49C",
    "shop": "Woolworths",
    "weight": "100G",
    "prices": [
      {
        "state": "NSW",
        "price": "250",
        "price_per_unit": "385",
        "price_unit": "G"
      },
      {
        "state": "VIC",
        "price": "250",
        "price_per_unit": "385",
        "price_unit": "G"
      },
      {
        "state": "QLD",
        "price": "250",
        "price_per_unit": "385",
        "price_unit": "G"
      },
      {
        "state": "WA",
        "price": "250",
        "price_per_unit": "385",
        "price_unit": "G"
      },
      {
        "state": "SA",
        "price": "250",
        "price_per_unit": "385",
        "price_unit": "G"
      },
      {
        "state": "TAS",
        "price": "250",
        "price_per_unit": "385",
        "price_unit": "G"
      },
      {
        "state": "ACT",
        "price": "250",
        "price_per_unit": "385",
        "price_unit": "G"
      },
      {
        "state": "NT",
        "price": "265",
        "price_per_unit": "408",
        "price_unit": "G"
      }
    ]
  },
  {
    "source_url": "https://www.woolworths.com.au/shop/productdetails/36721/aeroplane-jelly-lite-raspberry-flavour-low-calorie-jelly-crystals",
    "name": "Aeroplane Jelly Lite Raspberry Flavour Low Calorie Jelly Crystals 2x9g",
    "image_url": "https://cdn1.woolworths.media/content/wowproductimages/large/036721.jpg",
    "source_id": "Woolworths - 36721",
    "barcode": "9300619571214",
    "category_id": "1_39FD49C",
    "shop": "Woolworths",
    "weight": "100G",
    "prices": [
      {
        "state": "NSW",
        "price": "250",
        "price_per_unit": "1389",
        "price_unit": "G"
      },
      {
        "state": "VIC",
        "price": "250",
        "price_per_unit": "1389",
        "price_unit": "G"
      },
      {
        "state": "QLD",
        "price": "250",
        "price_per_unit": "1389",
        "price_unit": "G"
      },
      {
        "state": "WA",
        "price": "250",
        "price_per_unit": "1389",
        "price_unit": "G"
      },
      {
        "state": "SA",
        "price": "250",
        "price_per_unit": "1389",
        "price_unit": "G"
      },
      {
        "state": "TAS",
        "price": "250",
        "price_per_unit": "1389",
        "price_unit": "G"
      },
      {
        "state": "ACT",
        "price": "250",
        "price_per_unit": "1389",
        "price_unit": "G"
      },
      {
        "state": "NT",
        "price": "250",
        "price_per_unit": "1389",
        "price_unit": "G"
      }
    ]
  },
  {
    "source_url": "https://www.woolworths.com.au/shop/productdetails/240466/aeroplane-lite-creamy-mousse-mix-chocolate-flavour",
    "name": "Aeroplane Lite Creamy Mousse Mix Chocolate Flavour 53g",
    "image_url": "https://cdn1.woolworths.media/content/wowproductimages/large/240466.jpg",
    "source_id": "Woolworths - 240466",
    "barcode": "9300619572402",
    "category_id": "1_39FD49C",
    "shop": "Woolworths",
    "weight": "100G",
    "prices": [
      {
        "state": "NSW",
        "price": "250",
        "price_per_unit": "472",
        "price_unit": "G"
      },
      {
        "state": "VIC",
        "price": "250",
        "price_per_unit": "472",
        "price_unit": "G"
      },
      {
        "state": "QLD",
        "price": "250",
        "price_per_unit": "472",
        "price_unit": "G"
      },
      {
        "state": "WA",
        "price": "250",
        "price_per_unit": "472",
        "price_unit": "G"
      },
      {
        "state": "SA",
        "price": "250",
        "price_per_unit": "472",
        "price_unit": "G"
      },
      {
        "state": "TAS",
        "price": "250",
        "price_per_unit": "472",
        "price_unit": "G"
      },
      {
        "state": "ACT",
        "price": "250",
        "price_per_unit": "472",
        "price_unit": "G"
      },
      {
        "state": "NT",
        "price": "265",
        "price_per_unit": "500",
        "price_unit": "G"
      }
    ]
  },
  {
    "source_url": "https://www.woolworths.com.au/shop/productdetails/6092/aeroplane-original-lime-flavoured-jelly",
    "name": "Aeroplane Original Lime Flavoured Jelly 85g",
    "image_url": "https://cdn1.woolworths.media/content/wowproductimages/large/006092.jpg",
    "source_id": "Woolworths - 6092",
    "barcode": "9300619501037",
    "category_id": "1_39FD49C",
    "shop": "Woolworths",
    "weight": "100G",
    "prices": [
      {
        "state": "NSW",
        "price": "150",
        "price_per_unit": "176",
        "price_unit": "G"
      },
      {
        "state": "VIC",
        "price": "150",
        "price_per_unit": "176",
        "price_unit": "G"
      },
      {
        "state": "QLD",
        "price": "150",
        "price_per_unit": "176",
        "price_unit": "G"
      },
      {
        "state": "WA",
        "price": "150",
        "price_per_unit": "176",
        "price_unit": "G"
      },
      {
        "state": "SA",
        "price": "150",
        "price_per_unit": "176",
        "price_unit": "G"
      },
      {
        "state": "TAS",
        "price": "150",
        "price_per_unit": "176",
        "price_unit": "G"
      },
      {
        "state": "ACT",
        "price": "150",
        "price_per_unit": "176",
        "price_unit": "G"
      },
      {
        "state": "NT",
        "price": "150",
        "price_per_unit": "176",
        "price_unit": "G"
      }
    ]
  },
  {
    "source_url": "https://www.woolworths.com.au/shop/productdetails/6082/aeroplane-original-port-wine-flavoured-jelly",
    "name": "Aeroplane Original Port Wine Flavoured Jelly 85g",
    "image_url": "https://cdn1.woolworths.media/content/wowproductimages/large/006082.jpg",
    "source_id": "Woolworths - 6082",
    "barcode": "9300619501099",
    "category_id": "1_39FD49C",
    "shop": "Woolworths",
    "weight": "100G",
    "prices": [
      {
        "state": "NSW",
        "price": "150",
        "price_per_unit": "176",
        "price_unit": "G"
      },
      {
        "state": "VIC",
        "price": "150",
        "price_per_unit": "176",
        "price_unit": "G"
      },
      {
        "state": "QLD",
        "price": "150",
        "price_per_unit": "176",
        "price_unit": "G"
      },
      {
        "state": "WA",
        "price": "150",
        "price_per_unit": "176",
        "price_unit": "G"
      },
      {
        "state": "SA",
        "price": "150",
        "price_per_unit": "176",
        "price_unit": "G"
      },
      {
        "state": "TAS",
        "price": "150",
        "price_per_unit": "176",
        "price_unit": "G"
      },
      {
        "state": "ACT",
        "price": "150",
        "price_per_unit": "176",
        "price_unit": "G"
      },
      {
        "state": "NT",
        "price": "150",
        "price_per_unit": "176",
        "price_unit": "G"
      }
    ]
  },
  {
    "source_url": "https://www.woolworths.com.au/shop/productdetails/6094/aeroplane-original-raspberry-flavoured-jelly",
    "name": "Aeroplane Original Raspberry Flavoured Jelly 85g",
    "image_url": "https://cdn1.woolworths.media/content/wowproductimages/large/006094.jpg",
    "source_id": "Woolworths - 6094",
    "barcode": "9300619501105",
    "category_id": "1_39FD49C",
    "shop": "Woolworths",
    "weight": "100G",
    "prices": [
      {
        "state": "NSW",
        "price": "150",
        "price_per_unit": "176",
        "price_unit": "G"
      },
      {
        "state": "VIC",
        "price": "150",
        "price_per_unit": "176",
        "price_unit": "G"
      },
      {
        "state": "QLD",
        "price": "150",
        "price_per_unit": "176",
        "price_unit": "G"
      },
      {
        "state": "WA",
        "price": "150",
        "price_per_unit": "176",
        "price_unit": "G"
      },
      {
        "state": "SA",
        "price": "150",
        "price_per_unit": "176",
        "price_unit": "G"
      },
      {
        "state": "TAS",
        "price": "150",
        "price_per_unit": "176",
        "price_unit": "G"
      },
      {
        "state": "ACT",
        "price": "150",
        "price_per_unit": "176",
        "price_unit": "G"
      },
      {
        "state": "NT",
        "price": "150",
        "price_per_unit": "176",
        "price_unit": "G"
      }
    ]
  },
  {
    "source_url": "https://www.woolworths.com.au/shop/productdetails/94748/hansells-chef-s-kitchen-chocolate-flavoured-mousse",
    "name": "Hansells Chef's Kitchen Chocolate Flavoured Mousse 70g",
    "image_url": "https://cdn1.woolworths.media/content/wowproductimages/large/094748.jpg",
    "source_id": "Woolworths - 94748",
    "barcode": "9400564005267",
    "category_id": "1_39FD49C",
    "shop": "Woolworths",
    "weight": "100G",
    "prices": [
      {
        "state": "NSW",
        "price": "300",
        "price_per_unit": "429",
        "price_unit": "G"
      },
      {
        "state": "VIC",
        "price": "300",
        "price_per_unit": "429",
        "price_unit": "G"
      },
      {
        "state": "QLD",
        "price": "300",
        "price_per_unit": "429",
        "price_unit": "G"
      },
      {
        "state": "WA",
        "price": "300",
        "price_per_unit": "429",
        "price_unit": "G"
      },
      {
        "state": "SA",
        "price": "300",
        "price_per_unit": "429",
        "price_unit": "G"
      },
      {
        "state": "TAS",
        "price": "300",
        "price_per_unit": "429",
        "price_unit": "G"
      },
      {
        "state": "ACT",
        "price": "300",
        "price_per_unit": "429",
        "price_unit": "G"
      },
      {
        "state": "NT",
        "price": "300",
        "price_per_unit": "429",
        "price_unit": "G"
      }
    ]
  },
  {
    "source_url": "https://www.woolworths.com.au/shop/productdetails/381389/lion-classic-scone-mix",
    "name": "Lion Classic Scone Mix 535g",
    "image_url": "https://cdn1.woolworths.media/content/wowproductimages/large/381389.jpg",
    "source_id": "Woolworths - 381389",
    "barcode": "9300609223246",
    "category_id": "1_39FD49C",
    "shop": "Woolworths",
    "weight": "1KG",
    "prices": [
      {
        "state": "VIC",
        "price": "390",
        "price_per_unit": "729",
        "price_unit": "KG"
      },
      {
        "state": "QLD",
        "price": "390",
        "price_per_unit": "729",
        "price_unit": "KG"
      },
      {
        "state": "WA",
        "price": "390",
        "price_per_unit": "729",
        "price_unit": "KG"
      },
      {
        "state": "SA",
        "price": "390",
        "price_per_unit": "729",
        "price_unit": "KG"
      },
      {
        "state": "TAS",
        "price": "390",
        "price_per_unit": "729",
        "price_unit": "KG"
      },
      {
        "state": "ACT",
        "price": "390",
        "price_per_unit": "729",
        "price_unit": "KG"
      },
      {
        "state": "NT",
        "price": "410",
        "price_per_unit": "766",
        "price_unit": "KG"
      }
    ]
  },
  {
    "source_url": "https://www.woolworths.com.au/shop/productdetails/241109/aeroplane-jelly-lite-blueberry-flavour-low-calorie-jelly-crystals",
    "name": "Aeroplane Jelly Lite Blueberry Flavour Low Calorie Jelly Crystals 2x9g",
    "image_url": "https://cdn1.woolworths.media/content/wowproductimages/large/241109.jpg",
    "source_id": "Woolworths - 241109",
    "barcode": "9300619572464",
    "category_id": "1_39FD49C",
    "shop": "Woolworths",
    "weight": "100G",
    "prices": [
      {
        "state": "VIC",
        "price": "250",
        "price_per_unit": "1389",
        "price_unit": "G"
      },
      {
        "state": "QLD",
        "price": "250",
        "price_per_unit": "1389",
        "price_unit": "G"
      },
      {
        "state": "WA",
        "price": "250",
        "price_per_unit": "1389",
        "price_unit": "G"
      },
      {
        "state": "SA",
        "price": "250",
        "price_per_unit": "1389",
        "price_unit": "G"
      },
      {
        "state": "TAS",
        "price": "250",
        "price_per_unit": "1389",
        "price_unit": "G"
      },
      {
        "state": "ACT",
        "price": "250",
        "price_per_unit": "1389",
        "price_unit": "G"
      },
      {
        "state": "NT",
        "price": "250",
        "price_per_unit": "1389",
        "price_unit": "G"
      }
    ]
  },
  {
    "source_url": "https://www.woolworths.com.au/shop/productdetails/5669/aeroplane-jelly-lite-lime-flavour-low-calorie-jelly-crystals",
    "name": "Aeroplane Jelly Lite Lime Flavour Low Calorie Jelly Crystals 2x9g",
    "image_url": "https://cdn1.woolworths.media/content/wowproductimages/large/005669.jpg",
    "source_id": "Woolworths - 5669",
    "barcode": "9300619571221",
    "category_id": "1_39FD49C",
    "shop": "Woolworths",
    "weight": "100G",
    "prices": [
      {
        "state": "VIC",
        "price": "250",
        "price_per_unit": "1389",
        "price_unit": "G"
      },
      {
        "state": "QLD",
        "price": "250",
        "price_per_unit": "1389",
        "price_unit": "G"
      },
      {
        "state": "WA",
        "price": "250",
        "price_per_unit": "1389",
        "price_unit": "G"
      },
      {
        "state": "SA",
        "price": "250",
        "price_per_unit": "1389",
        "price_unit": "G"
      },
      {
        "state": "TAS",
        "price": "250",
        "price_per_unit": "1389",
        "price_unit": "G"
      },
      {
        "state": "ACT",
        "price": "250",
        "price_per_unit": "1389",
        "price_unit": "G"
      },
      {
        "state": "NT",
        "price": "250",
        "price_per_unit": "1389",
        "price_unit": "G"
      }
    ]
  },
  {
    "source_url": "https://www.woolworths.com.au/shop/productdetails/348802/aeroplane-jelly-lite-mango-passionfruit-low-calorie-jelly-crystals",
    "name": "Aeroplane Jelly Lite Mango Passionfruit Low Calorie Jelly Crystals 2x9g",
    "image_url": "https://cdn1.woolworths.media/content/wowproductimages/large/348802.jpg",
    "source_id": "Woolworths - 348802",
    "barcode": "9300619571689",
    "category_id": "1_39FD49C",
    "shop": "Woolworths",
    "weight": "100G",
    "prices": [
      {
        "state": "VIC",
        "price": "250",
        "price_per_unit": "1389",
        "price_unit": "G"
      },
      {
        "state": "QLD",
        "price": "250",
        "price_per_unit": "1389",
        "price_unit": "G"
      },
      {
        "state": "WA",
        "price": "250",
        "price_per_unit": "1389",
        "price_unit": "G"
      },
      {
        "state": "SA",
        "price": "250",
        "price_per_unit": "1389",
        "price_unit": "G"
      },
      {
        "state": "TAS",
        "price": "250",
        "price_per_unit": "1389",
        "price_unit": "G"
      },
      {
        "state": "ACT",
        "price": "250",
        "price_per_unit": "1389",
        "price_unit": "G"
      },
      {
        "state": "NT",
        "price": "250",
        "price_per_unit": "1389",
        "price_unit": "G"
      }
    ]
  },
  {
    "source_url": "https://www.woolworths.com.au/shop/productdetails/5678/aeroplane-jelly-lite-orange-mango",
    "name": "Aeroplane Jelly Lite Orange Mango 2x9g",
    "image_url": "https://cdn1.woolworths.media/content/wowproductimages/large/005678.jpg",
    "source_id": "Woolworths - 5678",
    "barcode": "9300619571573",
    "category_id": "1_39FD49C",
    "shop": "Woolworths",
    "weight": "100G",
    "prices": [
      {
        "state": "VIC",
        "price": "250",
        "price_per_unit": "1389",
        "price_unit": "G"
      },
      {
        "state": "QLD",
        "price": "250",
        "price_per_unit": "1389",
        "price_unit": "G"
      },
      {
        "state": "WA",
        "price": "250",
        "price_per_unit": "1389",
        "price_unit": "G"
      },
      {
        "state": "SA",
        "price": "250",
        "price_per_unit": "1389",
        "price_unit": "G"
      },
      {
        "state": "TAS",
        "price": "250",
        "price_per_unit": "1389",
        "price_unit": "G"
      },
      {
        "state": "ACT",
        "price": "250",
        "price_per_unit": "1389",
        "price_unit": "G"
      },
      {
        "state": "NT",
        "price": "250",
        "price_per_unit": "1389",
        "price_unit": "G"
      }
    ]
  },
  {
    "source_url": "https://www.woolworths.com.au/shop/productdetails/105926/aeroplane-jelly-lite-port-wine-flavour-low-calorie-jelly-crystals",
    "name": "Aeroplane Jelly Lite Port Wine Flavour Low Calorie Jelly Crystals 2x9g",
    "image_url": "https://cdn1.woolworths.media/content/wowproductimages/large/105926.jpg",
    "source_id": "Woolworths - 105926",
    "barcode": "9300619110055",
    "category_id": "1_39FD49C",
    "shop": "Woolworths",
    "weight": "100G",
    "prices": [
      {
        "state": "VIC",
        "price": "250",
        "price_per_unit": "1389",
        "price_unit": "G"
      },
      {
        "state": "QLD",
        "price": "250",
        "price_per_unit": "1389",
        "price_unit": "G"
      },
      {
        "state": "WA",
        "price": "250",
        "price_per_unit": "1389",
        "price_unit": "G"
      },
      {
        "state": "SA",
        "price": "250",
        "price_per_unit": "1389",
        "price_unit": "G"
      },
      {
        "state": "TAS",
        "price": "250",
        "price_per_unit": "1389",
        "price_unit": "G"
      },
      {
        "state": "ACT",
        "price": "250",
        "price_per_unit": "1389",
        "price_unit": "G"
      },
      {
        "state": "NT",
        "price": "250",
        "price_per_unit": "1389",
        "price_unit": "G"
      }
    ]
  },
  {
    "source_url": "https://www.woolworths.com.au/shop/productdetails/5665/aeroplane-jelly-lite-strawberry-flavour-low-calorie-jelly-crystals",
    "name": "Aeroplane Jelly Lite Strawberry Flavour Low Calorie Jelly Crystals 2x9g",
    "image_url": "https://cdn1.woolworths.media/content/wowproductimages/large/005665.jpg",
    "source_id": "Woolworths - 5665",
    "barcode": "9300619571207",
    "category_id": "1_39FD49C",
    "shop": "Woolworths",
    "weight": "100G",
    "prices": [
      {
        "state": "VIC",
        "price": "250",
        "price_per_unit": "1389",
        "price_unit": "G"
      },
      {
        "state": "QLD",
        "price": "250",
        "price_per_unit": "1389",
        "price_unit": "G"
      },
      {
        "state": "WA",
        "price": "250",
        "price_per_unit": "1389",
        "price_unit": "G"
      },
      {
        "state": "SA",
        "price": "250",
        "price_per_unit": "1389",
        "price_unit": "G"
      },
      {
        "state": "TAS",
        "price": "250",
        "price_per_unit": "1389",
        "price_unit": "G"
      },
      {
        "state": "ACT",
        "price": "250",
        "price_per_unit": "1389",
        "price_unit": "G"
      },
      {
        "state": "NT",
        "price": "250",
        "price_per_unit": "1389",
        "price_unit": "G"
      }
    ]
  },
  {
    "source_url": "https://www.woolworths.com.au/shop/productdetails/6086/aeroplane-original-berry-blue-flavoured-jelly",
    "name": "Aeroplane Original Berry Blue Flavoured Jelly 85g",
    "image_url": "https://cdn1.woolworths.media/content/wowproductimages/large/006086.jpg",
    "source_id": "Woolworths - 6086",
    "barcode": "9300619501013",
    "category_id": "1_39FD49C",
    "shop": "Woolworths",
    "weight": "100G",
    "prices": [
      {
        "state": "VIC",
        "price": "150",
        "price_per_unit": "176",
        "price_unit": "G"
      },
      {
        "state": "QLD",
        "price": "150",
        "price_per_unit": "176",
        "price_unit": "G"
      },
      {
        "state": "WA",
        "price": "150",
        "price_per_unit": "176",
        "price_unit": "G"
      },
      {
        "state": "SA",
        "price": "150",
        "price_per_unit": "176",
        "price_unit": "G"
      },
      {
        "state": "TAS",
        "price": "150",
        "price_per_unit": "176",
        "price_unit": "G"
      },
      {
        "state": "ACT",
        "price": "150",
        "price_per_unit": "176",
        "price_unit": "G"
      },
      {
        "state": "NT",
        "price": "150",
        "price_per_unit": "176",
        "price_unit": "G"
      }
    ]
  },
  {
    "source_url": "https://www.woolworths.com.au/shop/productdetails/310378/aeroplane-original-lemon-flavoured-jelly",
    "name": "Aeroplane Original Lemon Flavoured Jelly 85g",
    "image_url": "https://cdn1.woolworths.media/content/wowproductimages/large/310378.jpg",
    "source_id": "Woolworths - 310378",
    "barcode": "9300619501051",
    "category_id": "1_39FD49C",
    "shop": "Woolworths",
    "weight": "100G",
    "prices": [
      {
        "state": "VIC",
        "price": "150",
        "price_per_unit": "176",
        "price_unit": "G"
      },
      {
        "state": "QLD",
        "price": "150",
        "price_per_unit": "176",
        "price_unit": "G"
      },
      {
        "state": "WA",
        "price": "150",
        "price_per_unit": "176",
        "price_unit": "G"
      },
      {
        "state": "SA",
        "price": "150",
        "price_per_unit": "176",
        "price_unit": "G"
      },
      {
        "state": "TAS",
        "price": "150",
        "price_per_unit": "176",
        "price_unit": "G"
      },
      {
        "state": "ACT",
        "price": "150",
        "price_per_unit": "176",
        "price_unit": "G"
      },
      {
        "state": "NT",
        "price": "150",
        "price_per_unit": "176",
        "price_unit": "G"
      }
    ]
  },
  {
    "source_url": "https://www.woolworths.com.au/shop/productdetails/59407/aeroplane-original-mango-flavoured-jelly",
    "name": "Aeroplane Original Mango Flavoured Jelly 85g",
    "image_url": "https://cdn1.woolworths.media/content/wowproductimages/large/059407.jpg",
    "source_id": "Woolworths - 59407",
    "barcode": "9300619501068",
    "category_id": "1_39FD49C",
    "shop": "Woolworths",
    "weight": "100G",
    "prices": [
      {
        "state": "VIC",
        "price": "150",
        "price_per_unit": "176",
        "price_unit": "G"
      },
      {
        "state": "QLD",
        "price": "150",
        "price_per_unit": "176",
        "price_unit": "G"
      },
      {
        "state": "WA",
        "price": "150",
        "price_per_unit": "176",
        "price_unit": "G"
      },
      {
        "state": "SA",
        "price": "150",
        "price_per_unit": "176",
        "price_unit": "G"
      },
      {
        "state": "TAS",
        "price": "150",
        "price_per_unit": "176",
        "price_unit": "G"
      },
      {
        "state": "ACT",
        "price": "150",
        "price_per_unit": "176",
        "price_unit": "G"
      },
      {
        "state": "NT",
        "price": "150",
        "price_per_unit": "176",
        "price_unit": "G"
      }
    ]
  },
  {
    "source_url": "https://www.woolworths.com.au/shop/productdetails/6081/aeroplane-original-orange-flavoured-jelly",
    "name": "Aeroplane Original Orange Flavoured Jelly 85g",
    "image_url": "https://cdn1.woolworths.media/content/wowproductimages/large/006081.jpg",
    "source_id": "Woolworths - 6081",
    "barcode": "9300619501075",
    "category_id": "1_39FD49C",
    "shop": "Woolworths",
    "weight": "100G",
    "prices": [
      {
        "state": "VIC",
        "price": "150",
        "price_per_unit": "176",
        "price_unit": "G"
      },
      {
        "state": "QLD",
        "price": "150",
        "price_per_unit": "176",
        "price_unit": "G"
      },
      {
        "state": "WA",
        "price": "150",
        "price_per_unit": "176",
        "price_unit": "G"
      },
      {
        "state": "SA",
        "price": "150",
        "price_per_unit": "176",
        "price_unit": "G"
      },
      {
        "state": "TAS",
        "price": "150",
        "price_per_unit": "176",
        "price_unit": "G"
      },
      {
        "state": "ACT",
        "price": "150",
        "price_per_unit": "176",
        "price_unit": "G"
      },
      {
        "state": "NT",
        "price": "150",
        "price_per_unit": "176",
        "price_unit": "G"
      }
    ]
  },
  {
    "source_url": "https://www.woolworths.com.au/shop/productdetails/327942/aeroplane-original-purple-grape-flavoured-jelly",
    "name": "Aeroplane Original Purple Grape Flavoured Jelly 85g",
    "image_url": "https://cdn1.woolworths.media/content/wowproductimages/large/327942.jpg",
    "source_id": "Woolworths - 327942",
    "barcode": "9300619000042",
    "category_id": "1_39FD49C",
    "shop": "Woolworths",
    "weight": "100G",
    "prices": [
      {
        "state": "VIC",
        "price": "150",
        "price_per_unit": "176",
        "price_unit": "G"
      },
      {
        "state": "QLD",
        "price": "150",
        "price_per_unit": "176",
        "price_unit": "G"
      },
      {
        "state": "WA",
        "price": "150",
        "price_per_unit": "176",
        "price_unit": "G"
      },
      {
        "state": "SA",
        "price": "150",
        "price_per_unit": "176",
        "price_unit": "G"
      },
      {
        "state": "TAS",
        "price": "150",
        "price_per_unit": "176",
        "price_unit": "G"
      },
      {
        "state": "ACT",
        "price": "150",
        "price_per_unit": "176",
        "price_unit": "G"
      },
      {
        "state": "NT",
        "price": "150",
        "price_per_unit": "176",
        "price_unit": "G"
      }
    ]
  },
  {
    "source_url": "https://www.woolworths.com.au/shop/productdetails/6089/aeroplane-original-strawberry-flavoured-jelly",
    "name": "Aeroplane Original Strawberry Flavoured Jelly 85g",
    "image_url": "https://cdn1.woolworths.media/content/wowproductimages/large/006089.jpg",
    "source_id": "Woolworths - 6089",
    "barcode": "9300619370312",
    "category_id": "1_39FD49C",
    "shop": "Woolworths",
    "weight": "100G",
    "prices": [
      {
        "state": "VIC",
        "price": "150",
        "price_per_unit": "176",
        "price_unit": "G"
      },
      {
        "state": "QLD",
        "price": "150",
        "price_per_unit": "176",
        "price_unit": "G"
      },
      {
        "state": "WA",
        "price": "150",
        "price_per_unit": "176",
        "price_unit": "G"
      },
      {
        "state": "SA",
        "price": "150",
        "price_per_unit": "176",
        "price_unit": "G"
      },
      {
        "state": "TAS",
        "price": "150",
        "price_per_unit": "176",
        "price_unit": "G"
      },
      {
        "state": "ACT",
        "price": "150",
        "price_per_unit": "176",
        "price_unit": "G"
      },
      {
        "state": "NT",
        "price": "150",
        "price_per_unit": "176",
        "price_unit": "G"
      }
    ]
  },
  {
    "source_url": "https://www.woolworths.com.au/shop/productdetails/294262/woolworths-jelly-raspberry",
    "name": "Woolworths Jelly Raspberry 85g",
    "image_url": "https://cdn1.woolworths.media/content/wowproductimages/large/294262.jpg",
    "source_id": "Woolworths - 294262",
    "barcode": "9339687207640",
    "category_id": "1_39FD49C",
    "shop": "Woolworths",
    "weight": "100G",
    "prices": [
      {
        "state": "VIC",
        "price": "130",
        "price_per_unit": "153",
        "price_unit": "G"
      },
      {
        "state": "QLD",
        "price": "130",
        "price_per_unit": "153",
        "price_unit": "G"
      },
      {
        "state": "WA",
        "price": "130",
        "price_per_unit": "153",
        "price_unit": "G"
      },
      {
        "state": "SA",
        "price": "130",
        "price_per_unit": "153",
        "price_unit": "G"
      },
      {
        "state": "TAS",
        "price": "130",
        "price_per_unit": "153",
        "price_unit": "G"
      },
      {
        "state": "ACT",
        "price": "130",
        "price_per_unit": "153",
        "price_unit": "G"
      },
      {
        "state": "NT",
        "price": "130",
        "price_per_unit": "153",
        "price_unit": "G"
      }
    ]
  },
  {
    "source_url": "https://www.woolworths.com.au/shop/productdetails/294265/woolworths-jelly-strawberry",
    "name": "Woolworths Jelly Strawberry 85g",
    "image_url": "https://cdn1.woolworths.media/content/wowproductimages/large/294265.jpg",
    "source_id": "Woolworths - 294265",
    "barcode": "9339687207633",
    "category_id": "1_39FD49C",
    "shop": "Woolworths",
    "weight": "100G",
    "prices": [
      {
        "state": "VIC",
        "price": "130",
        "price_per_unit": "153",
        "price_unit": "G"
      },
      {
        "state": "QLD",
        "price": "130",
        "price_per_unit": "153",
        "price_unit": "G"
      },
      {
        "state": "WA",
        "price": "130",
        "price_per_unit": "153",
        "price_unit": "G"
      },
      {
        "state": "SA",
        "price": "130",
        "price_per_unit": "153",
        "price_unit": "G"
      },
      {
        "state": "TAS",
        "price": "130",
        "price_per_unit": "153",
        "price_unit": "G"
      },
      {
        "state": "ACT",
        "price": "130",
        "price_per_unit": "153",
        "price_unit": "G"
      },
      {
        "state": "NT",
        "price": "130",
        "price_per_unit": "153",
        "price_unit": "G"
      }
    ]
  },
  {
    "source_url": "https://www.woolworths.com.au/shop/productdetails/137364/cottee-s-instant-vanilla-pudding-vanilla",
    "name": "Cottee's Instant Vanilla Pudding 100g",
    "image_url": "https://cdn1.woolworths.media/content/wowproductimages/large/137364.jpg",
    "source_id": "Woolworths - 137364",
    "barcode": "9300657174101",
    "category_id": "1_39FD49C",
    "shop": "Woolworths",
    "weight": "100G",
    "prices": [
      {
        "state": "VIC",
        "price": "180",
        "price_per_unit": "180",
        "price_unit": "G"
      },
      {
        "state": "QLD",
        "price": "180",
        "price_per_unit": "180",
        "price_unit": "G"
      },
      {
        "state": "WA",
        "price": "180",
        "price_per_unit": "180",
        "price_unit": "G"
      },
      {
        "state": "SA",
        "price": "180",
        "price_per_unit": "180",
        "price_unit": "G"
      },
      {
        "state": "TAS",
        "price": "180",
        "price_per_unit": "180",
        "price_unit": "G"
      },
      {
        "state": "ACT",
        "price": "180",
        "price_per_unit": "180",
        "price_unit": "G"
      },
      {
        "state": "NT",
        "price": "180",
        "price_per_unit": "180",
        "price_unit": "G"
      }
    ]
  },
  {
    "source_url": "https://www.woolworths.com.au/shop/productdetails/55855/green-s-pudding-butterscotch-sponge",
    "name": "Green's Pudding Butterscotch Sponge 260g",
    "image_url": "https://cdn1.woolworths.media/content/wowproductimages/large/055855.jpg",
    "source_id": "Woolworths - 55855",
    "barcode": "9310273728251",
    "category_id": "1_39FD49C",
    "shop": "Woolworths",
    "weight": "100G",
    "prices": [
      {
        "state": "VIC",
        "price": "375",
        "price_per_unit": "144",
        "price_unit": "G"
      },
      {
        "state": "QLD",
        "price": "375",
        "price_per_unit": "144",
        "price_unit": "G"
      },
      {
        "state": "WA",
        "price": "375",
        "price_per_unit": "144",
        "price_unit": "G"
      },
      {
        "state": "SA",
        "price": "375",
        "price_per_unit": "144",
        "price_unit": "G"
      },
      {
        "state": "TAS",
        "price": "375",
        "price_per_unit": "144",
        "price_unit": "G"
      },
      {
        "state": "ACT",
        "price": "375",
        "price_per_unit": "144",
        "price_unit": "G"
      },
      {
        "state": "NT",
        "price": "375",
        "price_per_unit": "144",
        "price_unit": "G"
      }
    ]
  },
  {
    "source_url": "https://www.woolworths.com.au/shop/productdetails/55856/green-s-pudding-chocolate-sponge",
    "name": "Green's Pudding Chocolate Sponge 260g",
    "image_url": "https://cdn1.woolworths.media/content/wowproductimages/large/055856.jpg",
    "source_id": "Woolworths - 55856",
    "barcode": "9310273728220",
    "category_id": "1_39FD49C",
    "shop": "Woolworths",
    "weight": "100G",
    "prices": [
      {
        "state": "VIC",
        "price": "375",
        "price_per_unit": "144",
        "price_unit": "G"
      },
      {
        "state": "QLD",
        "price": "375",
        "price_per_unit": "144",
        "price_unit": "G"
      },
      {
        "state": "WA",
        "price": "375",
        "price_per_unit": "144",
        "price_unit": "G"
      },
      {
        "state": "SA",
        "price": "375",
        "price_per_unit": "144",
        "price_unit": "G"
      },
      {
        "state": "TAS",
        "price": "375",
        "price_per_unit": "144",
        "price_unit": "G"
      },
      {
        "state": "ACT",
        "price": "375",
        "price_per_unit": "144",
        "price_unit": "G"
      },
      {
        "state": "NT",
        "price": "375",
        "price_per_unit": "144",
        "price_unit": "G"
      }
    ]
  },
  {
    "source_url": "https://www.woolworths.com.au/shop/productdetails/246598/green-s-pudding-lemon-sponge",
    "name": "Green's Pudding Lemon Sponge 260g",
    "image_url": "https://cdn1.woolworths.media/content/wowproductimages/large/246598.jpg",
    "source_id": "Woolworths - 246598",
    "barcode": "9310273115129",
    "category_id": "1_39FD49C",
    "shop": "Woolworths",
    "weight": "100G",
    "prices": [
      {
        "state": "VIC",
        "price": "375",
        "price_per_unit": "144",
        "price_unit": "G"
      },
      {
        "state": "QLD",
        "price": "375",
        "price_per_unit": "144",
        "price_unit": "G"
      },
      {
        "state": "WA",
        "price": "375",
        "price_per_unit": "144",
        "price_unit": "G"
      },
      {
        "state": "SA",
        "price": "375",
        "price_per_unit": "144",
        "price_unit": "G"
      },
      {
        "state": "TAS",
        "price": "375",
        "price_per_unit": "144",
        "price_unit": "G"
      },
      {
        "state": "ACT",
        "price": "375",
        "price_per_unit": "144",
        "price_unit": "G"
      },
      {
        "state": "NT",
        "price": "375",
        "price_per_unit": "144",
        "price_unit": "G"
      }
    ]
  },
  {
    "source_url": "https://www.woolworths.com.au/shop/productdetails/227571/green-s-pudding-traditional-sticky-date",
    "name": "Green's Pudding Traditional Sticky Date 260g",
    "image_url": "https://cdn1.woolworths.media/content/wowproductimages/large/227571.jpg",
    "source_id": "Woolworths - 227571",
    "barcode": "9310273115037",
    "category_id": "1_39FD49C",
    "shop": "Woolworths",
    "weight": "100G",
    "prices": [
      {
        "state": "VIC",
        "price": "375",
        "price_per_unit": "144",
        "price_unit": "G"
      },
      {
        "state": "QLD",
        "price": "375",
        "price_per_unit": "144",
        "price_unit": "G"
      },
      {
        "state": "WA",
        "price": "375",
        "price_per_unit": "144",
        "price_unit": "G"
      },
      {
        "state": "SA",
        "price": "375",
        "price_per_unit": "144",
        "price_unit": "G"
      },
      {
        "state": "TAS",
        "price": "375",
        "price_per_unit": "144",
        "price_unit": "G"
      },
      {
        "state": "ACT",
        "price": "375",
        "price_per_unit": "144",
        "price_unit": "G"
      },
      {
        "state": "NT",
        "price": "375",
        "price_per_unit": "144",
        "price_unit": "G"
      }
    ]
  },
  {
    "source_url": "https://www.woolworths.com.au/shop/productdetails/38986/white-wings-pavlova-magic-mix-egg",
    "name": "White Wings Pavlova Magic Mix Egg 125g",
    "image_url": "https://cdn1.woolworths.media/content/wowproductimages/large/038986.jpg",
    "source_id": "Woolworths - 38986",
    "barcode": "93200219",
    "category_id": "1_39FD49C",
    "shop": "Woolworths",
    "weight": "100G",
    "prices": [
      {
        "state": "VIC",
        "price": "500",
        "price_per_unit": "400",
        "price_unit": "G"
      },
      {
        "state": "QLD",
        "price": "500",
        "price_per_unit": "400",
        "price_unit": "G"
      },
      {
        "state": "WA",
        "price": "500",
        "price_per_unit": "400",
        "price_unit": "G"
      },
      {
        "state": "SA",
        "price": "500",
        "price_per_unit": "400",
        "price_unit": "G"
      },
      {
        "state": "TAS",
        "price": "500",
        "price_per_unit": "400",
        "price_unit": "G"
      },
      {
        "state": "ACT",
        "price": "500",
        "price_per_unit": "400",
        "price_unit": "G"
      },
      {
        "state": "NT",
        "price": "500",
        "price_per_unit": "400",
        "price_unit": "G"
      }
    ]
  },
  {
    "source_url": "https://www.woolworths.com.au/shop/productdetails/143254/the-healthy-baker-protein-pancake-mix",
    "name": "The Healthy Baker Protein Pancake Mix 400g",
    "image_url": "https://cdn1.woolworths.media/content/wowproductimages/large/143254.jpg",
    "source_id": "Woolworths - 143254",
    "barcode": "9310071112931",
    "category_id": "1_39FD49C",
    "shop": "Woolworths",
    "weight": "100G",
    "prices": [
      {
        "state": "QLD",
        "price": "360",
        "price_per_unit": "90",
        "price_unit": "G"
      },
      {
        "state": "SA",
        "price": "360",
        "price_per_unit": "90",
        "price_unit": "G"
      },
      {
        "state": "TAS",
        "price": "360",
        "price_per_unit": "90",
        "price_unit": "G"
      },
      {
        "state": "ACT",
        "price": "360",
        "price_per_unit": "90",
        "price_unit": "G"
      },
      {
        "state": "NT",
        "price": "360",
        "price_per_unit": "90",
        "price_unit": "G"
      }
    ]
  },
  {
    "source_url": "https://www.woolworths.com.au/shop/productdetails/583774/aeroplane-dessert-mix-vanilla-flavour",
    "name": "Aeroplane Dessert Mix Vanilla Flavour 100g",
    "image_url": "https://cdn1.woolworths.media/content/wowproductimages/large/583774.jpg",
    "source_id": "Woolworths - 583774",
    "barcode": "9300619572341",
    "category_id": "1_39FD49C",
    "shop": "Woolworths",
    "weight": "100G",
    "prices": [
      {
        "state": "WA",
        "price": "150",
        "price_per_unit": "150",
        "price_unit": "G"
      },
      {
        "state": "SA",
        "price": "150",
        "price_per_unit": "150",
        "price_unit": "G"
      },
      {
        "state": "TAS",
        "price": "150",
        "price_per_unit": "150",
        "price_unit": "G"
      },
      {
        "state": "ACT",
        "price": "150",
        "price_per_unit": "150",
        "price_unit": "G"
      },
      {
        "state": "NT",
        "price": "150",
        "price_per_unit": "150",
        "price_unit": "G"
      }
    ]
  },
  {
    "source_url": "https://www.woolworths.com.au/shop/productdetails/240383/aeroplane-jelly-lite-grape-flavour-low-calorie-jelly-crystals",
    "name": "Aeroplane Jelly Lite Grape Flavour Low Calorie Jelly Crystals 2x9g",
    "image_url": "https://cdn1.woolworths.media/content/wowproductimages/large/240383.jpg",
    "source_id": "Woolworths - 240383",
    "barcode": "9300619572457",
    "category_id": "1_39FD49C",
    "shop": "Woolworths",
    "weight": "100G",
    "prices": [
      {
        "state": "WA",
        "price": "250",
        "price_per_unit": "1389",
        "price_unit": "G"
      },
      {
        "state": "SA",
        "price": "250",
        "price_per_unit": "1389",
        "price_unit": "G"
      },
      {
        "state": "TAS",
        "price": "250",
        "price_per_unit": "1389",
        "price_unit": "G"
      },
      {
        "state": "ACT",
        "price": "250",
        "price_per_unit": "1389",
        "price_unit": "G"
      },
      {
        "state": "NT",
        "price": "250",
        "price_per_unit": "1389",
        "price_unit": "G"
      }
    ]
  },
  {
    "source_url": "https://www.woolworths.com.au/shop/productdetails/754480/aeroplane-jelly-lite-lemon-flavour-low-calorie-jelly-crystals",
    "name": "Aeroplane Jelly Lite Lemon Flavour Low Calorie Jelly Crystals 2x9g",
    "image_url": "https://cdn1.woolworths.media/content/wowproductimages/large/754480.jpg",
    "source_id": "Woolworths - 754480",
    "barcode": "9300619571856",
    "category_id": "1_39FD49C",
    "shop": "Woolworths",
    "weight": "100G",
    "prices": [
      {
        "state": "WA",
        "price": "250",
        "price_per_unit": "1389",
        "price_unit": "G"
      },
      {
        "state": "SA",
        "price": "250",
        "price_per_unit": "1389",
        "price_unit": "G"
      },
      {
        "state": "TAS",
        "price": "250",
        "price_per_unit": "1389",
        "price_unit": "G"
      },
      {
        "state": "ACT",
        "price": "250",
        "price_per_unit": "1389",
        "price_unit": "G"
      },
      {
        "state": "NT",
        "price": "250",
        "price_per_unit": "1389",
        "price_unit": "G"
      }
    ]
  },
  {
    "source_url": "https://www.woolworths.com.au/shop/productdetails/172715/aeroplane-jelly-lite-pineapple-flavour-low-calorie-jelly-crystals",
    "name": "Aeroplane Jelly Lite Pineapple Flavour Low Calorie Jelly Crystals 2x9g",
    "image_url": "https://cdn1.woolworths.media/content/wowproductimages/large/172715.jpg",
    "source_id": "Woolworths - 172715",
    "barcode": "9300619109752",
    "category_id": "1_39FD49C",
    "shop": "Woolworths",
    "weight": "100G",
    "prices": [
      {
        "state": "WA",
        "price": "250",
        "price_per_unit": "1389",
        "price_unit": "G"
      },
      {
        "state": "SA",
        "price": "250",
        "price_per_unit": "1389",
        "price_unit": "G"
      },
      {
        "state": "TAS",
        "price": "250",
        "price_per_unit": "1389",
        "price_unit": "G"
      },
      {
        "state": "ACT",
        "price": "250",
        "price_per_unit": "1389",
        "price_unit": "G"
      },
      {
        "state": "NT",
        "price": "250",
        "price_per_unit": "1389",
        "price_unit": "G"
      }
    ]
  },
  {
    "source_url": "https://www.woolworths.com.au/shop/productdetails/380903/aeroplane-jelly-lite-vanilla-berry-low-calorie-jelly-crystals",
    "name": "Aeroplane Jelly Lite Vanilla Berry Low Calorie Jelly Crystals 2x9g",
    "image_url": "https://cdn1.woolworths.media/content/wowproductimages/large/380903.jpg",
    "source_id": "Woolworths - 380903",
    "barcode": "9300619571719",
    "category_id": "1_39FD49C",
    "shop": "Woolworths",
    "weight": "100G",
    "prices": [
      {
        "state": "WA",
        "price": "250",
        "price_per_unit": "1389",
        "price_unit": "G"
      },
      {
        "state": "SA",
        "price": "250",
        "price_per_unit": "1389",
        "price_unit": "G"
      },
      {
        "state": "TAS",
        "price": "250",
        "price_per_unit": "1389",
        "price_unit": "G"
      },
      {
        "state": "ACT",
        "price": "250",
        "price_per_unit": "1389",
        "price_unit": "G"
      },
      {
        "state": "NT",
        "price": "250",
        "price_per_unit": "1389",
        "price_unit": "G"
      }
    ]
  },
  {
    "source_url": "https://www.woolworths.com.au/shop/productdetails/240465/aeroplane-jelly-lite-watermelon-flavour-low-calorie-jelly-crystals",
    "name": "Aeroplane Jelly Lite Watermelon Flavour Low Calorie Jelly Crystals 2x9g",
    "image_url": "https://cdn1.woolworths.media/content/wowproductimages/large/240465.jpg",
    "source_id": "Woolworths - 240465",
    "barcode": "9300619572440",
    "category_id": "1_39FD49C",
    "shop": "Woolworths",
    "weight": "100G",
    "prices": [
      {
        "state": "WA",
        "price": "250",
        "price_per_unit": "1389",
        "price_unit": "G"
      },
      {
        "state": "SA",
        "price": "250",
        "price_per_unit": "1389",
        "price_unit": "G"
      },
      {
        "state": "TAS",
        "price": "250",
        "price_per_unit": "1389",
        "price_unit": "G"
      },
      {
        "state": "ACT",
        "price": "250",
        "price_per_unit": "1389",
        "price_unit": "G"
      },
      {
        "state": "NT",
        "price": "250",
        "price_per_unit": "1389",
        "price_unit": "G"
      }
    ]
  },
  {
    "source_url": "https://www.woolworths.com.au/shop/productdetails/341300/aeroplane-lite-custard",
    "name": "Aeroplane Lite Custard 35g",
    "image_url": "https://cdn1.woolworths.media/content/wowproductimages/large/341300.jpg",
    "source_id": "Woolworths - 341300",
    "barcode": "9300619572471",
    "category_id": "1_39FD49C",
    "shop": "Woolworths",
    "weight": "100G",
    "prices": [
      {
        "state": "WA",
        "price": "250",
        "price_per_unit": "714",
        "price_unit": "G"
      },
      {
        "state": "SA",
        "price": "250",
        "price_per_unit": "714",
        "price_unit": "G"
      },
      {
        "state": "TAS",
        "price": "250",
        "price_per_unit": "714",
        "price_unit": "G"
      },
      {
        "state": "ACT",
        "price": "250",
        "price_per_unit": "714",
        "price_unit": "G"
      },
      {
        "state": "NT",
        "price": "250",
        "price_per_unit": "714",
        "price_unit": "G"
      }
    ]
  },
  {
    "source_url": "https://www.woolworths.com.au/shop/productdetails/178200/aeroplane-original-green-apple-flavoured-jelly",
    "name": "Aeroplane Original Green Apple Flavoured Jelly 85g",
    "image_url": "https://cdn1.woolworths.media/content/wowproductimages/large/178200.jpg",
    "source_id": "Woolworths - 178200",
    "barcode": "9300619572426",
    "category_id": "1_39FD49C",
    "shop": "Woolworths",
    "weight": "100G",
    "prices": [
      {
        "state": "WA",
        "price": "150",
        "price_per_unit": "176",
        "price_unit": "G"
      },
      {
        "state": "SA",
        "price": "150",
        "price_per_unit": "176",
        "price_unit": "G"
      },
      {
        "state": "TAS",
        "price": "150",
        "price_per_unit": "176",
        "price_unit": "G"
      },
      {
        "state": "ACT",
        "price": "150",
        "price_per_unit": "176",
        "price_unit": "G"
      },
      {
        "state": "NT",
        "price": "150",
        "price_per_unit": "176",
        "price_unit": "G"
      }
    ]
  },
  {
    "source_url": "https://www.woolworths.com.au/shop/productdetails/178328/aeroplane-original-watermelon-flavoured-jelly",
    "name": "Aeroplane Original Watermelon Flavoured Jelly 85g",
    "image_url": "https://cdn1.woolworths.media/content/wowproductimages/large/178328.jpg",
    "source_id": "Woolworths - 178328",
    "barcode": "9300619572433",
    "category_id": "1_39FD49C",
    "shop": "Woolworths",
    "weight": "100G",
    "prices": [
      {
        "state": "WA",
        "price": "150",
        "price_per_unit": "176",
        "price_unit": "G"
      },
      {
        "state": "SA",
        "price": "150",
        "price_per_unit": "176",
        "price_unit": "G"
      },
      {
        "state": "TAS",
        "price": "150",
        "price_per_unit": "176",
        "price_unit": "G"
      },
      {
        "state": "ACT",
        "price": "150",
        "price_per_unit": "176",
        "price_unit": "G"
      },
      {
        "state": "NT",
        "price": "150",
        "price_per_unit": "176",
        "price_unit": "G"
      }
    ]
  },
  {
    "source_url": "https://www.woolworths.com.au/shop/productdetails/443382/white-wings-cake-in-a-cup-double-chocolate",
    "name": "White Wings Cake In a Cup Double Chocolate 220g",
    "image_url": "https://cdn1.woolworths.media/content/wowproductimages/large/443382.jpg",
    "source_id": "Woolworths - 443382",
    "barcode": "9310047215567",
    "category_id": "1_39FD49C",
    "shop": "Woolworths",
    "weight": "100G",
    "prices": [
      {
        "state": "WA",
        "price": "600",
        "price_per_unit": "273",
        "price_unit": "G"
      },
      {
        "state": "SA",
        "price": "600",
        "price_per_unit": "273",
        "price_unit": "G"
      },
      {
        "state": "TAS",
        "price": "600",
        "price_per_unit": "273",
        "price_unit": "G"
      },
      {
        "state": "ACT",
        "price": "600",
        "price_per_unit": "273",
        "price_unit": "G"
      },
      {
        "state": "NT",
        "price": "600",
        "price_per_unit": "273",
        "price_unit": "G"
      }
    ]
  },
  {
    "source_url": "https://www.woolworths.com.au/shop/productdetails/575689/white-wings-cake-in-a-cup-triple-choc-brownie",
    "name": "White Wings Cake In a Cup Triple Choc Brownie 4 Pack",
    "image_url": "https://cdn1.woolworths.media/content/wowproductimages/large/575689.jpg",
    "source_id": "Woolworths - 575689",
    "barcode": "9310047216083",
    "category_id": "1_39FD49C",
    "shop": "Woolworths",
    "weight": "100G",
    "prices": [
      {
        "state": "WA",
        "price": "600",
        "price_per_unit": "273",
        "price_unit": "G"
      },
      {
        "state": "SA",
        "price": "600",
        "price_per_unit": "273",
        "price_unit": "G"
      },
      {
        "state": "TAS",
        "price": "600",
        "price_per_unit": "273",
        "price_unit": "G"
      },
      {
        "state": "ACT",
        "price": "600",
        "price_per_unit": "273",
        "price_unit": "G"
      },
      {
        "state": "NT",
        "price": "600",
        "price_per_unit": "273",
        "price_unit": "G"
      }
    ]
  },
  {
    "source_url": "https://www.woolworths.com.au/shop/productdetails/294263/woolworths-jelly-lime",
    "name": "Woolworths Jelly Lime 85g",
    "image_url": "https://cdn1.woolworths.media/content/wowproductimages/large/294263.jpg",
    "source_id": "Woolworths - 294263",
    "barcode": "9300633980931",
    "category_id": "1_39FD49C",
    "shop": "Woolworths",
    "weight": "100G",
    "prices": [
      {
        "state": "WA",
        "price": "130",
        "price_per_unit": "153",
        "price_unit": "G"
      },
      {
        "state": "SA",
        "price": "130",
        "price_per_unit": "153",
        "price_unit": "G"
      },
      {
        "state": "TAS",
        "price": "130",
        "price_per_unit": "153",
        "price_unit": "G"
      },
      {
        "state": "ACT",
        "price": "130",
        "price_per_unit": "153",
        "price_unit": "G"
      },
      {
        "state": "NT",
        "price": "130",
        "price_per_unit": "153",
        "price_unit": "G"
      }
    ]
  },
  {
    "source_url": "https://www.woolworths.com.au/shop/productdetails/294264/woolworths-jelly-port-wine",
    "name": "Woolworths Jelly Port Wine 85g",
    "image_url": "https://cdn1.woolworths.media/content/wowproductimages/large/294264.jpg",
    "source_id": "Woolworths - 294264",
    "barcode": "9339687207657",
    "category_id": "1_39FD49C",
    "shop": "Woolworths",
    "weight": "100G",
    "prices": [
      {
        "state": "WA",
        "price": "130",
        "price_per_unit": "153",
        "price_unit": "G"
      },
      {
        "state": "SA",
        "price": "130",
        "price_per_unit": "153",
        "price_unit": "G"
      },
      {
        "state": "TAS",
        "price": "130",
        "price_per_unit": "153",
        "price_unit": "G"
      },
      {
        "state": "ACT",
        "price": "130",
        "price_per_unit": "153",
        "price_unit": "G"
      },
      {
        "state": "NT",
        "price": "130",
        "price_per_unit": "153",
        "price_unit": "G"
      }
    ]
  }
]