[
  {
    "source_url": "https://www.woolworths.com.au/shop/productdetails/264091/dollar-sweets-100-s-1000-s",
    "name": "Dollar Sweets 100's & 1000's 190G",
    "image_url": "https://cdn1.woolworths.media/content/wowproductimages/large/264091.jpg",
    "source_id": "Woolworths - 264091",
    "barcode": "9310331000442",
    "category_id": "1_39FD49C",
    "shop": "Woolworths",
    "weight": "100G",
    "prices": [
      {
        "state": "NSW",
        "price": "230",
        "price_per_unit": "121",
        "price_unit": "G"
      },
      {
        "state": "VIC",
        "price": "230",
        "price_per_unit": "121",
        "price_unit": "G"
      },
      {
        "state": "QLD",
        "price": "230",
        "price_per_unit": "121",
        "price_unit": "G"
      },
      {
        "state": "WA",
        "price": "230",
        "price_per_unit": "121",
        "price_unit": "G"
      },
      {
        "state": "SA",
        "price": "230",
        "price_per_unit": "121",
        "price_unit": "G"
      },
      {
        "state": "TAS",
        "price": "230",
        "price_per_unit": "121",
        "price_unit": "G"
      },
      {
        "state": "ACT",
        "price": "230",
        "price_per_unit": "121",
        "price_unit": "G"
      },
      {
        "state": "NT",
        "price": "230",
        "price_per_unit": "121",
        "price_unit": "G"
      }
    ]
  },
  {
    "source_url": "https://www.woolworths.com.au/shop/productdetails/491620/dollar-sweets-choclettes-sprinkles-jar",
    "name": "Dollar Sweets Choclettes Sprinkles Jar 115g",
    "image_url": "https://cdn1.woolworths.media/content/wowproductimages/large/491620.jpg",
    "source_id": "Woolworths - 491620",
    "barcode": "9310331474342",
    "category_id": "1_39FD49C",
    "shop": "Woolworths",
    "weight": "100G",
    "prices": [
      {
        "state": "NSW",
        "price": "350",
        "price_per_unit": "304",
        "price_unit": "G"
      },
      {
        "state": "VIC",
        "price": "350",
        "price_per_unit": "304",
        "price_unit": "G"
      },
      {
        "state": "QLD",
        "price": "350",
        "price_per_unit": "304",
        "price_unit": "G"
      },
      {
        "state": "WA",
        "price": "350",
        "price_per_unit": "304",
        "price_unit": "G"
      },
      {
        "state": "SA",
        "price": "350",
        "price_per_unit": "304",
        "price_unit": "G"
      },
      {
        "state": "TAS",
        "price": "350",
        "price_per_unit": "304",
        "price_unit": "G"
      },
      {
        "state": "ACT",
        "price": "350",
        "price_per_unit": "304",
        "price_unit": "G"
      },
      {
        "state": "NT",
        "price": "350",
        "price_per_unit": "304",
        "price_unit": "G"
      }
    ]
  },
  {
    "source_url": "https://www.woolworths.com.au/shop/productdetails/147734/dollar-sweets-edible-gold-leaf",
    "name": "Dollar Sweets Edible Gold Leaf 2 Sheets",
    "image_url": "https://cdn1.woolworths.media/content/wowproductimages/large/147734.jpg",
    "source_id": "Woolworths - 147734",
    "barcode": "9310331475738",
    "category_id": "1_39FD49C",
    "shop": "Woolworths",
    "weight": "1EA",
    "prices": [
      {
        "state": "NSW",
        "price": "525",
        "price_per_unit": "263",
        "price_unit": "EA"
      },
      {
        "state": "VIC",
        "price": "525",
        "price_per_unit": "263",
        "price_unit": "EA"
      },
      {
        "state": "QLD",
        "price": "525",
        "price_per_unit": "263",
        "price_unit": "EA"
      },
      {
        "state": "WA",
        "price": "525",
        "price_per_unit": "263",
        "price_unit": "EA"
      },
      {
        "state": "SA",
        "price": "525",
        "price_per_unit": "263",
        "price_unit": "EA"
      },
      {
        "state": "TAS",
        "price": "525",
        "price_per_unit": "263",
        "price_unit": "EA"
      },
      {
        "state": "ACT",
        "price": "525",
        "price_per_unit": "263",
        "price_unit": "EA"
      },
      {
        "state": "NT",
        "price": "525",
        "price_per_unit": "263",
        "price_unit": "EA"
      }
    ]
  },
  {
    "source_url": "https://www.woolworths.com.au/shop/productdetails/83593/dollar-sweets-gold-lustre-shimmer-spray",
    "name": "Dollar Sweets Gold Lustre Shimmer Spray 4g",
    "image_url": "https://cdn1.woolworths.media/content/wowproductimages/large/083593.jpg",
    "source_id": "Woolworths - 83593",
    "barcode": "9310331475431",
    "category_id": "1_39FD49C",
    "shop": "Woolworths",
    "weight": "100G",
    "prices": [
      {
        "state": "NSW",
        "price": "600",
        "price_per_unit": "15000",
        "price_unit": "G"
      },
      {
        "state": "VIC",
        "price": "600",
        "price_per_unit": "15000",
        "price_unit": "G"
      },
      {
        "state": "QLD",
        "price": "600",
        "price_per_unit": "15000",
        "price_unit": "G"
      },
      {
        "state": "WA",
        "price": "600",
        "price_per_unit": "15000",
        "price_unit": "G"
      },
      {
        "state": "SA",
        "price": "600",
        "price_per_unit": "15000",
        "price_unit": "G"
      },
      {
        "state": "TAS",
        "price": "600",
        "price_per_unit": "15000",
        "price_unit": "G"
      },
      {
        "state": "ACT",
        "price": "600",
        "price_per_unit": "15000",
        "price_unit": "G"
      }
    ]
  },
  {
    "source_url": "https://www.woolworths.com.au/shop/productdetails/33364/dollar-sweets-sprinkles-fives",
    "name": "Dollar Sweets Sprinkles Fives 125g",
    "image_url": "https://cdn1.woolworths.media/content/wowproductimages/large/033364.jpg",
    "source_id": "Woolworths - 33364",
    "barcode": "9310331125558",
    "category_id": "1_39FD49C",
    "shop": "Woolworths",
    "weight": "100G",
    "prices": [
      {
        "state": "NSW",
        "price": "250",
        "price_per_unit": "200",
        "price_unit": "G"
      },
      {
        "state": "VIC",
        "price": "250",
        "price_per_unit": "200",
        "price_unit": "G"
      },
      {
        "state": "QLD",
        "price": "250",
        "price_per_unit": "200",
        "price_unit": "G"
      },
      {
        "state": "WA",
        "price": "250",
        "price_per_unit": "200",
        "price_unit": "G"
      },
      {
        "state": "SA",
        "price": "250",
        "price_per_unit": "200",
        "price_unit": "G"
      },
      {
        "state": "TAS",
        "price": "250",
        "price_per_unit": "200",
        "price_unit": "G"
      },
      {
        "state": "ACT",
        "price": "250",
        "price_per_unit": "200",
        "price_unit": "G"
      },
      {
        "state": "NT",
        "price": "250",
        "price_per_unit": "200",
        "price_unit": "G"
      }
    ]
  },
  {
    "source_url": "https://www.woolworths.com.au/shop/productdetails/803604/dollar-sweets-vegetarian-rainbow-sprinkles",
    "name": "Dollar Sweets Vegetarian Rainbow Sprinkles 155g",
    "image_url": "https://cdn1.woolworths.media/content/wowproductimages/large/803604.jpg",
    "source_id": "Woolworths - 803604",
    "barcode": "9310331474908",
    "category_id": "1_39FD49C",
    "shop": "Woolworths",
    "weight": "100G",
    "prices": [
      {
        "state": "NSW",
        "price": "230",
        "price_per_unit": "148",
        "price_unit": "G"
      },
      {
        "state": "QLD",
        "price": "230",
        "price_per_unit": "148",
        "price_unit": "G"
      },
      {
        "state": "SA",
        "price": "230",
        "price_per_unit": "148",
        "price_unit": "G"
      },
      {
        "state": "TAS",
        "price": "230",
        "price_per_unit": "148",
        "price_unit": "G"
      },
      {
        "state": "ACT",
        "price": "230",
        "price_per_unit": "148",
        "price_unit": "G"
      },
      {
        "state": "NT",
        "price": "230",
        "price_per_unit": "148",
        "price_unit": "G"
      }
    ]
  },
  {
    "source_url": "https://www.woolworths.com.au/shop/productdetails/30309/fowlers-baking-aids-vacola-jamsetta",
    "name": "Fowlers Baking Aids Vacola Jamsetta 50g",
    "image_url": "https://cdn1.woolworths.media/content/wowproductimages/large/030309.jpg",
    "source_id": "Woolworths - 30309",
    "barcode": "9310186130059",
    "category_id": "1_39FD49C",
    "shop": "Woolworths",
    "weight": "100G",
    "prices": [
      {
        "state": "NSW",
        "price": "300",
        "price_per_unit": "600",
        "price_unit": "G"
      },
      {
        "state": "VIC",
        "price": "300",
        "price_per_unit": "600",
        "price_unit": "G"
      },
      {
        "state": "QLD",
        "price": "300",
        "price_per_unit": "600",
        "price_unit": "G"
      },
      {
        "state": "WA",
        "price": "300",
        "price_per_unit": "600",
        "price_unit": "G"
      },
      {
        "state": "SA",
        "price": "300",
        "price_per_unit": "600",
        "price_unit": "G"
      },
      {
        "state": "TAS",
        "price": "300",
        "price_per_unit": "600",
        "price_unit": "G"
      },
      {
        "state": "ACT",
        "price": "300",
        "price_per_unit": "600",
        "price_unit": "G"
      },
      {
        "state": "NT",
        "price": "300",
        "price_per_unit": "600",
        "price_unit": "G"
      }
    ]
  },
  {
    "source_url": "https://www.woolworths.com.au/shop/productdetails/255257/mckenzie-s-baking-aids-gelatine",
    "name": "McKenzie's Baking Aids Gelatine 100g",
    "image_url": "https://cdn1.woolworths.media/content/wowproductimages/large/255257.jpg",
    "source_id": "Woolworths - 255257",
    "barcode": "9310061091949",
    "category_id": "1_39FD49C",
    "shop": "Woolworths",
    "weight": "100G",
    "prices": [
      {
        "state": "NSW",
        "price": "420",
        "price_per_unit": "420",
        "price_unit": "G"
      },
      {
        "state": "VIC",
        "price": "420",
        "price_per_unit": "420",
        "price_unit": "G"
      },
      {
        "state": "QLD",
        "price": "420",
        "price_per_unit": "420",
        "price_unit": "G"
      },
      {
        "state": "WA",
        "price": "420",
        "price_per_unit": "420",
        "price_unit": "G"
      },
      {
        "state": "SA",
        "price": "420",
        "price_per_unit": "420",
        "price_unit": "G"
      },
      {
        "state": "TAS",
        "price": "420",
        "price_per_unit": "420",
        "price_unit": "G"
      },
      {
        "state": "ACT",
        "price": "420",
        "price_per_unit": "420",
        "price_unit": "G"
      },
      {
        "state": "NT",
        "price": "420",
        "price_per_unit": "420",
        "price_unit": "G"
      }
    ]
  },
  {
    "source_url": "https://www.woolworths.com.au/shop/productdetails/7932/mckenzie-s-baking-powder",
    "name": "McKenzie's Baking Powder 125g",
    "image_url": "https://cdn1.woolworths.media/content/wowproductimages/large/007932.jpg",
    "source_id": "Woolworths - 7932",
    "barcode": "9310061122865",
    "category_id": "1_39FD49C",
    "shop": "Woolworths",
    "weight": "100G",
    "prices": [
      {
        "state": "NSW",
        "price": "285",
        "price_per_unit": "228",
        "price_unit": "G"
      },
      {
        "state": "VIC",
        "price": "285",
        "price_per_unit": "228",
        "price_unit": "G"
      },
      {
        "state": "QLD",
        "price": "285",
        "price_per_unit": "228",
        "price_unit": "G"
      },
      {
        "state": "WA",
        "price": "285",
        "price_per_unit": "228",
        "price_unit": "G"
      },
      {
        "state": "SA",
        "price": "285",
        "price_per_unit": "228",
        "price_unit": "G"
      },
      {
        "state": "TAS",
        "price": "285",
        "price_per_unit": "228",
        "price_unit": "G"
      },
      {
        "state": "ACT",
        "price": "285",
        "price_per_unit": "228",
        "price_unit": "G"
      },
      {
        "state": "NT",
        "price": "302",
        "price_per_unit": "242",
        "price_unit": "G"
      }
    ]
  },
  {
    "source_url": "https://www.woolworths.com.au/shop/productdetails/75201/mckenzie-s-bi-carb-soda",
    "name": "McKenzie's Bi Carb Soda 500g",
    "image_url": "https://cdn1.woolworths.media/content/wowproductimages/large/075201.jpg",
    "source_id": "Woolworths - 75201",
    "barcode": "9310061462206",
    "category_id": "1_39FD49C",
    "shop": "Woolworths",
    "weight": "100G",
    "prices": [
      {
        "state": "NSW",
        "price": "270",
        "price_per_unit": "54",
        "price_unit": "G"
      },
      {
        "state": "VIC",
        "price": "270",
        "price_per_unit": "54",
        "price_unit": "G"
      },
      {
        "state": "QLD",
        "price": "270",
        "price_per_unit": "54",
        "price_unit": "G"
      },
      {
        "state": "WA",
        "price": "270",
        "price_per_unit": "54",
        "price_unit": "G"
      },
      {
        "state": "SA",
        "price": "270",
        "price_per_unit": "54",
        "price_unit": "G"
      },
      {
        "state": "TAS",
        "price": "270",
        "price_per_unit": "54",
        "price_unit": "G"
      },
      {
        "state": "ACT",
        "price": "270",
        "price_per_unit": "54",
        "price_unit": "G"
      },
      {
        "state": "NT",
        "price": "270",
        "price_per_unit": "54",
        "price_unit": "G"
      }
    ]
  },
  {
    "source_url": "https://www.woolworths.com.au/shop/productdetails/85133/nestle-top-n-fill-caramel",
    "name": "Nestle Top n Fill Caramel 395g",
    "image_url": "https://cdn1.woolworths.media/content/wowproductimages/large/085133.jpg",
    "source_id": "Woolworths - 85133",
    "barcode": "9300605133228",
    "category_id": "1_39FD49C",
    "shop": "Woolworths",
    "weight": "100G",
    "prices": [
      {
        "state": "NSW",
        "price": "590",
        "price_per_unit": "149",
        "price_unit": "G"
      },
      {
        "state": "VIC",
        "price": "590",
        "price_per_unit": "149",
        "price_unit": "G"
      },
      {
        "state": "QLD",
        "price": "590",
        "price_per_unit": "149",
        "price_unit": "G"
      },
      {
        "state": "WA",
        "price": "590",
        "price_per_unit": "149",
        "price_unit": "G"
      },
      {
        "state": "SA",
        "price": "590",
        "price_per_unit": "149",
        "price_unit": "G"
      },
      {
        "state": "TAS",
        "price": "590",
        "price_per_unit": "149",
        "price_unit": "G"
      },
      {
        "state": "ACT",
        "price": "590",
        "price_per_unit": "149",
        "price_unit": "G"
      }
    ]
  },
  {
    "source_url": "https://www.woolworths.com.au/shop/productdetails/662589/queen-roses-icing-decorations",
    "name": "Queen Roses Icing Decorations 16 Pack",
    "image_url": "https://cdn1.woolworths.media/content/wowproductimages/large/662589.jpg",
    "source_id": "Woolworths - 662589",
    "barcode": "9350086000243",
    "category_id": "1_39FD49C",
    "shop": "Woolworths",
    "weight": "100G",
    "prices": [
      {
        "state": "NSW",
        "price": "300",
        "price_per_unit": "1875",
        "price_unit": "G"
      },
      {
        "state": "VIC",
        "price": "300",
        "price_per_unit": "1875",
        "price_unit": "G"
      },
      {
        "state": "QLD",
        "price": "300",
        "price_per_unit": "1875",
        "price_unit": "G"
      },
      {
        "state": "WA",
        "price": "300",
        "price_per_unit": "1875",
        "price_unit": "G"
      },
      {
        "state": "SA",
        "price": "300",
        "price_per_unit": "1875",
        "price_unit": "G"
      },
      {
        "state": "TAS",
        "price": "300",
        "price_per_unit": "1875",
        "price_unit": "G"
      },
      {
        "state": "ACT",
        "price": "300",
        "price_per_unit": "1875",
        "price_unit": "G"
      },
      {
        "state": "NT",
        "price": "300",
        "price_per_unit": "1875",
        "price_unit": "G"
      }
    ]
  },
  {
    "source_url": "https://www.woolworths.com.au/shop/productdetails/774154/queen-writing-icing",
    "name": "Queen Writing Icing 5 Pack",
    "image_url": "https://cdn1.woolworths.media/content/wowproductimages/large/774154.jpg",
    "source_id": "Woolworths - 774154",
    "barcode": "9300641002342",
    "category_id": "1_39FD49C",
    "shop": "Woolworths",
    "weight": "100G",
    "prices": [
      {
        "state": "NSW",
        "price": "525",
        "price_per_unit": "500",
        "price_unit": "G"
      },
      {
        "state": "VIC",
        "price": "525",
        "price_per_unit": "500",
        "price_unit": "G"
      },
      {
        "state": "QLD",
        "price": "525",
        "price_per_unit": "500",
        "price_unit": "G"
      },
      {
        "state": "WA",
        "price": "525",
        "price_per_unit": "500",
        "price_unit": "G"
      },
      {
        "state": "SA",
        "price": "525",
        "price_per_unit": "500",
        "price_unit": "G"
      },
      {
        "state": "TAS",
        "price": "525",
        "price_per_unit": "500",
        "price_unit": "G"
      },
      {
        "state": "ACT",
        "price": "525",
        "price_per_unit": "500",
        "price_unit": "G"
      },
      {
        "state": "NT",
        "price": "525",
        "price_per_unit": "500",
        "price_unit": "G"
      }
    ]
  },
  {
    "source_url": "https://www.woolworths.com.au/shop/productdetails/307853/sshmallows-cake-decoration-mallows-mini-assorted",
    "name": "Sshmallows Cake Decoration Mallows Mini Assorted 100g",
    "image_url": "https://cdn1.woolworths.media/content/wowproductimages/large/307853.jpg",
    "source_id": "Woolworths - 307853",
    "barcode": "9328418001015",
    "category_id": "1_39FD49C",
    "shop": "Woolworths",
    "weight": "100G",
    "prices": [
      {
        "state": "NSW",
        "price": "200",
        "price_per_unit": "200",
        "price_unit": "G"
      },
      {
        "state": "VIC",
        "price": "200",
        "price_per_unit": "200",
        "price_unit": "G"
      },
      {
        "state": "QLD",
        "price": "200",
        "price_per_unit": "200",
        "price_unit": "G"
      },
      {
        "state": "WA",
        "price": "200",
        "price_per_unit": "200",
        "price_unit": "G"
      },
      {
        "state": "SA",
        "price": "200",
        "price_per_unit": "200",
        "price_unit": "G"
      },
      {
        "state": "TAS",
        "price": "200",
        "price_per_unit": "200",
        "price_unit": "G"
      },
      {
        "state": "ACT",
        "price": "200",
        "price_per_unit": "200",
        "price_unit": "G"
      },
      {
        "state": "NT",
        "price": "202",
        "price_per_unit": "202",
        "price_unit": "G"
      }
    ]
  },
  {
    "source_url": "https://www.woolworths.com.au/shop/productdetails/491614/dollar-sweets-100s-1000s-jar",
    "name": "Dollar Sweets 100s & 1000s Jar 155g",
    "image_url": "https://cdn1.woolworths.media/content/wowproductimages/large/491614.jpg",
    "source_id": "Woolworths - 491614",
    "barcode": "9310331474359",
    "category_id": "1_39FD49C",
    "shop": "Woolworths",
    "weight": "100G",
    "prices": [
      {
        "state": "VIC",
        "price": "350",
        "price_per_unit": "226",
        "price_unit": "G"
      },
      {
        "state": "QLD",
        "price": "350",
        "price_per_unit": "226",
        "price_unit": "G"
      },
      {
        "state": "WA",
        "price": "350",
        "price_per_unit": "226",
        "price_unit": "G"
      },
      {
        "state": "SA",
        "price": "350",
        "price_per_unit": "226",
        "price_unit": "G"
      },
      {
        "state": "TAS",
        "price": "350",
        "price_per_unit": "226",
        "price_unit": "G"
      },
      {
        "state": "ACT",
        "price": "350",
        "price_per_unit": "226",
        "price_unit": "G"
      },
      {
        "state": "NT",
        "price": "350",
        "price_per_unit": "226",
        "price_unit": "G"
      }
    ]
  },
  {
    "source_url": "https://www.woolworths.com.au/shop/productdetails/962006/dollar-sweets-barbie-sprinkles",
    "name": "Dollar Sweets Barbie Sprinkles 155g",
    "image_url": "https://cdn1.woolworths.media/content/wowproductimages/large/962006.jpg",
    "source_id": "Woolworths - 962006",
    "barcode": "9310331478050",
    "category_id": "1_39FD49C",
    "shop": "Woolworths",
    "weight": "100G",
    "prices": [
      {
        "state": "VIC",
        "price": "600",
        "price_per_unit": "387",
        "price_unit": "G"
      },
      {
        "state": "QLD",
        "price": "600",
        "price_per_unit": "387",
        "price_unit": "G"
      },
      {
        "state": "WA",
        "price": "600",
        "price_per_unit": "387",
        "price_unit": "G"
      },
      {
        "state": "SA",
        "price": "600",
        "price_per_unit": "387",
        "price_unit": "G"
      },
      {
        "state": "TAS",
        "price": "600",
        "price_per_unit": "387",
        "price_unit": "G"
      },
      {
        "state": "ACT",
        "price": "600",
        "price_per_unit": "387",
        "price_unit": "G"
      },
      {
        "state": "NT",
        "price": "600",
        "price_per_unit": "387",
        "price_unit": "G"
      }
    ]
  },
  {
    "source_url": "https://www.woolworths.com.au/shop/productdetails/944090/dollar-sweets-barbie-wafer-cupcake-toppers",
    "name": "Dollar Sweets Barbie Wafer Cupcake Toppers 12 pack",
    "image_url": "https://cdn1.woolworths.media/content/wowproductimages/large/944090.jpg",
    "source_id": "Woolworths - 944090",
    "barcode": "9310331478074",
    "category_id": "1_39FD49C",
    "shop": "Woolworths",
    "weight": "1EA",
    "prices": [
      {
        "state": "VIC",
        "price": "300",
        "price_per_unit": "300",
        "price_unit": "EA"
      },
      {
        "state": "QLD",
        "price": "300",
        "price_per_unit": "300",
        "price_unit": "EA"
      },
      {
        "state": "WA",
        "price": "300",
        "price_per_unit": "300",
        "price_unit": "EA"
      },
      {
        "state": "SA",
        "price": "300",
        "price_per_unit": "300",
        "price_unit": "EA"
      },
      {
        "state": "TAS",
        "price": "300",
        "price_per_unit": "300",
        "price_unit": "EA"
      },
      {
        "state": "ACT",
        "price": "300",
        "price_per_unit": "300",
        "price_unit": "EA"
      },
      {
        "state": "NT",
        "price": "300",
        "price_per_unit": "300",
        "price_unit": "EA"
      }
    ]
  },
  {
    "source_url": "https://www.woolworths.com.au/shop/productdetails/491609/dollar-sweets-bright-sprinkles-jar",
    "name": "Dollar Sweets Bright Sprinkles Jar 90g",
    "image_url": "https://cdn1.woolworths.media/content/wowproductimages/large/491609.jpg",
    "source_id": "Woolworths - 491609",
    "barcode": "9310331474335",
    "category_id": "1_39FD49C",
    "shop": "Woolworths",
    "weight": "100G",
    "prices": [
      {
        "state": "VIC",
        "price": "350",
        "price_per_unit": "389",
        "price_unit": "G"
      },
      {
        "state": "QLD",
        "price": "350",
        "price_per_unit": "389",
        "price_unit": "G"
      },
      {
        "state": "SA",
        "price": "350",
        "price_per_unit": "389",
        "price_unit": "G"
      },
      {
        "state": "TAS",
        "price": "350",
        "price_per_unit": "389",
        "price_unit": "G"
      },
      {
        "state": "ACT",
        "price": "350",
        "price_per_unit": "389",
        "price_unit": "G"
      },
      {
        "state": "NT",
        "price": "350",
        "price_per_unit": "389",
        "price_unit": "G"
      }
    ]
  },
  {
    "source_url": "https://www.woolworths.com.au/shop/productdetails/773763/dollar-sweets-cake-decoration-fairy-toppings",
    "name": "Dollar Sweets Cake Decoration Fairy Toppings 145g",
    "image_url": "https://cdn1.woolworths.media/content/wowproductimages/large/773763.jpg",
    "source_id": "Woolworths - 773763",
    "barcode": "9310331473802",
    "category_id": "1_39FD49C",
    "shop": "Woolworths",
    "weight": "100G",
    "prices": [
      {
        "state": "VIC",
        "price": "600",
        "price_per_unit": "414",
        "price_unit": "G"
      },
      {
        "state": "QLD",
        "price": "600",
        "price_per_unit": "414",
        "price_unit": "G"
      },
      {
        "state": "SA",
        "price": "600",
        "price_per_unit": "414",
        "price_unit": "G"
      },
      {
        "state": "TAS",
        "price": "600",
        "price_per_unit": "414",
        "price_unit": "G"
      },
      {
        "state": "ACT",
        "price": "600",
        "price_per_unit": "414",
        "price_unit": "G"
      },
      {
        "state": "NT",
        "price": "630",
        "price_per_unit": "434",
        "price_unit": "G"
      }
    ]
  },
  {
    "source_url": "https://www.woolworths.com.au/shop/productdetails/210532/dollar-sweets-colours-of-the-rainbow-sprinkles",
    "name": "Dollar Sweets Colours Of The Rainbow Sprinkles 159g",
    "image_url": "https://cdn1.woolworths.media/content/wowproductimages/large/210532.jpg",
    "source_id": "Woolworths - 210532",
    "barcode": "9310331476629",
    "category_id": "1_39FD49C",
    "shop": "Woolworths",
    "weight": "100G",
    "prices": [
      {
        "state": "VIC",
        "price": "650",
        "price_per_unit": "409",
        "price_unit": "G"
      },
      {
        "state": "QLD",
        "price": "650",
        "price_per_unit": "409",
        "price_unit": "G"
      },
      {
        "state": "WA",
        "price": "650",
        "price_per_unit": "409",
        "price_unit": "G"
      },
      {
        "state": "SA",
        "price": "650",
        "price_per_unit": "409",
        "price_unit": "G"
      },
      {
        "state": "TAS",
        "price": "650",
        "price_per_unit": "409",
        "price_unit": "G"
      },
      {
        "state": "ACT",
        "price": "650",
        "price_per_unit": "409",
        "price_unit": "G"
      },
      {
        "state": "NT",
        "price": "650",
        "price_per_unit": "409",
        "price_unit": "G"
      }
    ]
  },
  {
    "source_url": "https://www.woolworths.com.au/shop/productdetails/210555/dollar-sweets-edible-candy-eyeball",
    "name": "Dollar Sweets Edible Candy Eyeball 25g",
    "image_url": "https://cdn1.woolworths.media/content/wowproductimages/large/210555.jpg",
    "source_id": "Woolworths - 210555",
    "barcode": "9310331476704",
    "category_id": "1_39FD49C",
    "shop": "Woolworths",
    "weight": "100G",
    "prices": [
      {
        "state": "VIC",
        "price": "300",
        "price_per_unit": "1200",
        "price_unit": "G"
      },
      {
        "state": "QLD",
        "price": "300",
        "price_per_unit": "1200",
        "price_unit": "G"
      },
      {
        "state": "WA",
        "price": "300",
        "price_per_unit": "1200",
        "price_unit": "G"
      },
      {
        "state": "SA",
        "price": "300",
        "price_per_unit": "1200",
        "price_unit": "G"
      },
      {
        "state": "TAS",
        "price": "300",
        "price_per_unit": "1200",
        "price_unit": "G"
      },
      {
        "state": "ACT",
        "price": "300",
        "price_per_unit": "1200",
        "price_unit": "G"
      },
      {
        "state": "NT",
        "price": "300",
        "price_per_unit": "1200",
        "price_unit": "G"
      }
    ]
  },
  {
    "source_url": "https://www.woolworths.com.au/shop/productdetails/387537/dollar-sweets-funny-faces",
    "name": "Dollar Sweets Funny Faces 25g",
    "image_url": "https://cdn1.woolworths.media/content/wowproductimages/large/387537.jpg",
    "source_id": "Woolworths - 387537",
    "barcode": "9310331477596",
    "category_id": "1_39FD49C",
    "shop": "Woolworths",
    "weight": "100G",
    "prices": [
      {
        "state": "VIC",
        "price": "300",
        "price_per_unit": "1200",
        "price_unit": "G"
      },
      {
        "state": "QLD",
        "price": "300",
        "price_per_unit": "1200",
        "price_unit": "G"
      },
      {
        "state": "WA",
        "price": "300",
        "price_per_unit": "1200",
        "price_unit": "G"
      },
      {
        "state": "SA",
        "price": "300",
        "price_per_unit": "1200",
        "price_unit": "G"
      },
      {
        "state": "TAS",
        "price": "300",
        "price_per_unit": "1200",
        "price_unit": "G"
      },
      {
        "state": "ACT",
        "price": "300",
        "price_per_unit": "1200",
        "price_unit": "G"
      },
      {
        "state": "NT",
        "price": "300",
        "price_per_unit": "1200",
        "price_unit": "G"
      }
    ]
  },
  {
    "source_url": "https://www.woolworths.com.au/shop/productdetails/964533/dollar-sweets-hot-wheels-sprinkles",
    "name": "Dollar Sweets Hot Wheels Sprinkles 143g",
    "image_url": "https://cdn1.woolworths.media/content/wowproductimages/large/964533.jpg",
    "source_id": "Woolworths - 964533",
    "barcode": "9310331478067",
    "category_id": "1_39FD49C",
    "shop": "Woolworths",
    "weight": "100G",
    "prices": [
      {
        "state": "VIC",
        "price": "600",
        "price_per_unit": "420",
        "price_unit": "G"
      },
      {
        "state": "QLD",
        "price": "600",
        "price_per_unit": "420",
        "price_unit": "G"
      },
      {
        "state": "WA",
        "price": "600",
        "price_per_unit": "420",
        "price_unit": "G"
      },
      {
        "state": "SA",
        "price": "600",
        "price_per_unit": "420",
        "price_unit": "G"
      },
      {
        "state": "TAS",
        "price": "600",
        "price_per_unit": "420",
        "price_unit": "G"
      },
      {
        "state": "ACT",
        "price": "600",
        "price_per_unit": "420",
        "price_unit": "G"
      },
      {
        "state": "NT",
        "price": "600",
        "price_per_unit": "420",
        "price_unit": "G"
      }
    ]
  },
  {
    "source_url": "https://www.woolworths.com.au/shop/productdetails/946285/dollar-sweets-hot-wheels-wafer-cupcake-toppers",
    "name": "Dollar Sweets Hot Wheels Wafer Cupcake Toppers 12 pack",
    "image_url": "https://cdn1.woolworths.media/content/wowproductimages/large/946285.jpg",
    "source_id": "Woolworths - 946285",
    "barcode": "9310331478081",
    "category_id": "1_39FD49C",
    "shop": "Woolworths",
    "weight": "1EA",
    "prices": [
      {
        "state": "VIC",
        "price": "300",
        "price_per_unit": "25",
        "price_unit": "EA"
      },
      {
        "state": "QLD",
        "price": "300",
        "price_per_unit": "25",
        "price_unit": "EA"
      },
      {
        "state": "WA",
        "price": "300",
        "price_per_unit": "25",
        "price_unit": "EA"
      },
      {
        "state": "SA",
        "price": "300",
        "price_per_unit": "25",
        "price_unit": "EA"
      },
      {
        "state": "TAS",
        "price": "300",
        "price_per_unit": "25",
        "price_unit": "EA"
      },
      {
        "state": "ACT",
        "price": "300",
        "price_per_unit": "25",
        "price_unit": "EA"
      },
      {
        "state": "NT",
        "price": "300",
        "price_per_unit": "25",
        "price_unit": "EA"
      }
    ]
  },
  {
    "source_url": "https://www.woolworths.com.au/shop/productdetails/804132/dollar-sweets-icing-decorations-unicorn-rainbow",
    "name": "Dollar Sweets Icing Decorations Unicorn & Rainbow 12 Pack",
    "image_url": "https://cdn1.woolworths.media/content/wowproductimages/large/804132.jpg",
    "source_id": "Woolworths - 804132",
    "barcode": "9310331474892",
    "category_id": "1_39FD49C",
    "shop": "Woolworths",
    "weight": "100G",
    "prices": [
      {
        "state": "VIC",
        "price": "350",
        "price_per_unit": "3889",
        "price_unit": "G"
      },
      {
        "state": "QLD",
        "price": "350",
        "price_per_unit": "3889",
        "price_unit": "G"
      },
      {
        "state": "WA",
        "price": "350",
        "price_per_unit": "3889",
        "price_unit": "G"
      },
      {
        "state": "SA",
        "price": "350",
        "price_per_unit": "3889",
        "price_unit": "G"
      },
      {
        "state": "TAS",
        "price": "350",
        "price_per_unit": "3889",
        "price_unit": "G"
      },
      {
        "state": "ACT",
        "price": "350",
        "price_per_unit": "3889",
        "price_unit": "G"
      },
      {
        "state": "NT",
        "price": "350",
        "price_per_unit": "3889",
        "price_unit": "G"
      }
    ]
  },
  {
    "source_url": "https://www.woolworths.com.au/shop/productdetails/210503/dollar-sweets-love-hearts-edible-icing-decorations",
    "name": "Dollar Sweets Love Hearts Edible Icing Decorations 8g",
    "image_url": "https://cdn1.woolworths.media/content/wowproductimages/large/210503.jpg",
    "source_id": "Woolworths - 210503",
    "barcode": "9310331476667",
    "category_id": "1_39FD49C",
    "shop": "Woolworths",
    "weight": "100G",
    "prices": [
      {
        "state": "VIC",
        "price": "350",
        "price_per_unit": "4375",
        "price_unit": "G"
      },
      {
        "state": "QLD",
        "price": "350",
        "price_per_unit": "4375",
        "price_unit": "G"
      },
      {
        "state": "WA",
        "price": "350",
        "price_per_unit": "4375",
        "price_unit": "G"
      },
      {
        "state": "SA",
        "price": "350",
        "price_per_unit": "4375",
        "price_unit": "G"
      },
      {
        "state": "TAS",
        "price": "350",
        "price_per_unit": "4375",
        "price_unit": "G"
      },
      {
        "state": "ACT",
        "price": "350",
        "price_per_unit": "4375",
        "price_unit": "G"
      },
      {
        "state": "NT",
        "price": "350",
        "price_per_unit": "4375",
        "price_unit": "G"
      }
    ]
  },
  {
    "source_url": "https://www.woolworths.com.au/shop/productdetails/307818/dollar-sweets-sprinkles-magic-100s-1000s",
    "name": "Dollar Sweets Sprinkles Magic 100s & 1000s 350g",
    "image_url": "https://cdn1.woolworths.media/content/wowproductimages/large/307818.jpg",
    "source_id": "Woolworths - 307818",
    "barcode": "9310331000466",
    "category_id": "1_39FD49C",
    "shop": "Woolworths",
    "weight": "100G",
    "prices": [
      {
        "state": "VIC",
        "price": "450",
        "price_per_unit": "129",
        "price_unit": "G"
      },
      {
        "state": "QLD",
        "price": "450",
        "price_per_unit": "129",
        "price_unit": "G"
      },
      {
        "state": "WA",
        "price": "450",
        "price_per_unit": "129",
        "price_unit": "G"
      },
      {
        "state": "SA",
        "price": "450",
        "price_per_unit": "129",
        "price_unit": "G"
      },
      {
        "state": "TAS",
        "price": "450",
        "price_per_unit": "129",
        "price_unit": "G"
      },
      {
        "state": "ACT",
        "price": "450",
        "price_per_unit": "129",
        "price_unit": "G"
      },
      {
        "state": "NT",
        "price": "450",
        "price_per_unit": "129",
        "price_unit": "G"
      }
    ]
  },
  {
    "source_url": "https://www.woolworths.com.au/shop/productdetails/773761/dollar-sweets-sprinkles-pirate-toppings",
    "name": "Dollar Sweets Sprinkles Pirate Toppings 145g",
    "image_url": "https://cdn1.woolworths.media/content/wowproductimages/large/773761.jpg",
    "source_id": "Woolworths - 773761",
    "barcode": "9310331473796",
    "category_id": "1_39FD49C",
    "shop": "Woolworths",
    "weight": "100G",
    "prices": [
      {
        "state": "VIC",
        "price": "600",
        "price_per_unit": "414",
        "price_unit": "G"
      },
      {
        "state": "QLD",
        "price": "600",
        "price_per_unit": "414",
        "price_unit": "G"
      },
      {
        "state": "WA",
        "price": "600",
        "price_per_unit": "414",
        "price_unit": "G"
      },
      {
        "state": "SA",
        "price": "600",
        "price_per_unit": "414",
        "price_unit": "G"
      },
      {
        "state": "TAS",
        "price": "600",
        "price_per_unit": "414",
        "price_unit": "G"
      },
      {
        "state": "ACT",
        "price": "600",
        "price_per_unit": "414",
        "price_unit": "G"
      },
      {
        "state": "NT",
        "price": "600",
        "price_per_unit": "414",
        "price_unit": "G"
      }
    ]
  },
  {
    "source_url": "https://www.woolworths.com.au/shop/productdetails/449941/dr-oetker-edible-decorations-giant-chocolate-stars",
    "name": "Dr. Oetker Edible Decorations Giant Chocolate Stars 20g",
    "image_url": "https://cdn1.woolworths.media/content/wowproductimages/large/449941.jpg",
    "source_id": "Woolworths - 449941",
    "barcode": "9344988005192",
    "category_id": "1_39FD49C",
    "shop": "Woolworths",
    "weight": "100G",
    "prices": [
      {
        "state": "VIC",
        "price": "425",
        "price_per_unit": "2125",
        "price_unit": "G"
      },
      {
        "state": "QLD",
        "price": "425",
        "price_per_unit": "2125",
        "price_unit": "G"
      },
      {
        "state": "WA",
        "price": "425",
        "price_per_unit": "2125",
        "price_unit": "G"
      },
      {
        "state": "SA",
        "price": "425",
        "price_per_unit": "2125",
        "price_unit": "G"
      },
      {
        "state": "TAS",
        "price": "425",
        "price_per_unit": "2125",
        "price_unit": "G"
      },
      {
        "state": "ACT",
        "price": "425",
        "price_per_unit": "2125",
        "price_unit": "G"
      },
      {
        "state": "NT",
        "price": "425",
        "price_per_unit": "2125",
        "price_unit": "G"
      }
    ]
  },
  {
    "source_url": "https://www.woolworths.com.au/shop/productdetails/449918/dr-oetker-gelatine-powder",
    "name": "Dr. Oetker Gelatine Powder 36g",
    "image_url": "https://cdn1.woolworths.media/content/wowproductimages/large/449918.jpg",
    "source_id": "Woolworths - 449918",
    "barcode": "9344988005321",
    "category_id": "1_39FD49C",
    "shop": "Woolworths",
    "weight": "100G",
    "prices": [
      {
        "state": "VIC",
        "price": "245",
        "price_per_unit": "681",
        "price_unit": "G"
      },
      {
        "state": "QLD",
        "price": "245",
        "price_per_unit": "681",
        "price_unit": "G"
      },
      {
        "state": "WA",
        "price": "245",
        "price_per_unit": "681",
        "price_unit": "G"
      },
      {
        "state": "SA",
        "price": "245",
        "price_per_unit": "681",
        "price_unit": "G"
      },
      {
        "state": "TAS",
        "price": "245",
        "price_per_unit": "681",
        "price_unit": "G"
      },
      {
        "state": "ACT",
        "price": "245",
        "price_per_unit": "681",
        "price_unit": "G"
      },
      {
        "state": "NT",
        "price": "245",
        "price_per_unit": "681",
        "price_unit": "G"
      }
    ]
  },
  {
    "source_url": "https://www.woolworths.com.au/shop/productdetails/251189/essentials-bicarbonate-soda",
    "name": "Essentials Bicarbonate Soda 500g",
    "image_url": "https://cdn1.woolworths.media/content/wowproductimages/large/251189.jpg",
    "source_id": "Woolworths - 251189",
    "barcode": "9300633929640",
    "category_id": "1_39FD49C",
    "shop": "Woolworths",
    "weight": "100G",
    "prices": [
      {
        "state": "VIC",
        "price": "245",
        "price_per_unit": "49",
        "price_unit": "G"
      },
      {
        "state": "QLD",
        "price": "245",
        "price_per_unit": "49",
        "price_unit": "G"
      },
      {
        "state": "WA",
        "price": "245",
        "price_per_unit": "49",
        "price_unit": "G"
      },
      {
        "state": "SA",
        "price": "245",
        "price_per_unit": "49",
        "price_unit": "G"
      },
      {
        "state": "TAS",
        "price": "245",
        "price_per_unit": "49",
        "price_unit": "G"
      },
      {
        "state": "ACT",
        "price": "245",
        "price_per_unit": "49",
        "price_unit": "G"
      },
      {
        "state": "NT",
        "price": "245",
        "price_per_unit": "49",
        "price_unit": "G"
      }
    ]
  },
  {
    "source_url": "https://www.woolworths.com.au/shop/productdetails/574616/mckenzie-s-baking-powder",
    "name": "McKenzie's Baking Powder 300g",
    "image_url": "https://cdn1.woolworths.media/content/wowproductimages/large/574616.jpg",
    "source_id": "Woolworths - 574616",
    "barcode": "9310061124067",
    "category_id": "1_39FD49C",
    "shop": "Woolworths",
    "weight": "100G",
    "prices": [
      {
        "state": "VIC",
        "price": "555",
        "price_per_unit": "185",
        "price_unit": "G"
      },
      {
        "state": "QLD",
        "price": "555",
        "price_per_unit": "185",
        "price_unit": "G"
      },
      {
        "state": "WA",
        "price": "555",
        "price_per_unit": "185",
        "price_unit": "G"
      },
      {
        "state": "SA",
        "price": "555",
        "price_per_unit": "185",
        "price_unit": "G"
      },
      {
        "state": "TAS",
        "price": "555",
        "price_per_unit": "185",
        "price_unit": "G"
      },
      {
        "state": "ACT",
        "price": "555",
        "price_per_unit": "185",
        "price_unit": "G"
      }
    ]
  },
  {
    "source_url": "https://www.woolworths.com.au/shop/productdetails/428726/mckenzie-s-bi-carb-soda",
    "name": "McKenzie's Bi Carb Soda 1kg",
    "image_url": "https://cdn1.woolworths.media/content/wowproductimages/large/428726.jpg",
    "source_id": "Woolworths - 428726",
    "barcode": "9310061042156",
    "category_id": "1_39FD49C",
    "shop": "Woolworths",
    "weight": "100G",
    "prices": [
      {
        "state": "VIC",
        "price": "395",
        "price_per_unit": "40",
        "price_unit": "G"
      },
      {
        "state": "QLD",
        "price": "395",
        "price_per_unit": "40",
        "price_unit": "G"
      },
      {
        "state": "WA",
        "price": "395",
        "price_per_unit": "40",
        "price_unit": "G"
      },
      {
        "state": "SA",
        "price": "395",
        "price_per_unit": "40",
        "price_unit": "G"
      },
      {
        "state": "TAS",
        "price": "395",
        "price_per_unit": "40",
        "price_unit": "G"
      },
      {
        "state": "ACT",
        "price": "395",
        "price_per_unit": "40",
        "price_unit": "G"
      },
      {
        "state": "NT",
        "price": "410",
        "price_per_unit": "41",
        "price_unit": "G"
      }
    ]
  },
  {
    "source_url": "https://www.woolworths.com.au/shop/productdetails/347118/mckenzie-s-bi-carb-soda",
    "name": "McKenzie's Bi Carb Soda 350g",
    "image_url": "https://cdn1.woolworths.media/content/wowproductimages/large/347118.jpg",
    "source_id": "Woolworths - 347118",
    "barcode": "9310061800121",
    "category_id": "1_39FD49C",
    "shop": "Woolworths",
    "weight": "100G",
    "prices": [
      {
        "state": "VIC",
        "price": "450",
        "price_per_unit": "129",
        "price_unit": "G"
      },
      {
        "state": "WA",
        "price": "450",
        "price_per_unit": "129",
        "price_unit": "G"
      },
      {
        "state": "SA",
        "price": "450",
        "price_per_unit": "129",
        "price_unit": "G"
      },
      {
        "state": "TAS",
        "price": "450",
        "price_per_unit": "129",
        "price_unit": "G"
      },
      {
        "state": "ACT",
        "price": "450",
        "price_per_unit": "129",
        "price_unit": "G"
      },
      {
        "state": "NT",
        "price": "450",
        "price_per_unit": "129",
        "price_unit": "G"
      }
    ]
  },
  {
    "source_url": "https://www.woolworths.com.au/shop/productdetails/205694/mckenzie-s-cream-of-tartar",
    "name": "McKenzie's Cream Of Tartar 125g",
    "image_url": "https://cdn1.woolworths.media/content/wowproductimages/large/205694.jpg",
    "source_id": "Woolworths - 205694",
    "barcode": "9310061018328",
    "category_id": "1_39FD49C",
    "shop": "Woolworths",
    "weight": "100G",
    "prices": [
      {
        "state": "VIC",
        "price": "400",
        "price_per_unit": "320",
        "price_unit": "G"
      },
      {
        "state": "QLD",
        "price": "400",
        "price_per_unit": "320",
        "price_unit": "G"
      },
      {
        "state": "WA",
        "price": "400",
        "price_per_unit": "320",
        "price_unit": "G"
      },
      {
        "state": "SA",
        "price": "400",
        "price_per_unit": "320",
        "price_unit": "G"
      },
      {
        "state": "TAS",
        "price": "400",
        "price_per_unit": "320",
        "price_unit": "G"
      },
      {
        "state": "ACT",
        "price": "400",
        "price_per_unit": "320",
        "price_unit": "G"
      },
      {
        "state": "NT",
        "price": "400",
        "price_per_unit": "320",
        "price_unit": "G"
      }
    ]
  },
  {
    "source_url": "https://www.woolworths.com.au/shop/productdetails/143255/mckenzie-s-vegan-egg-replacer",
    "name": "McKenzie's Vegan Egg Replacer 70g",
    "image_url": "https://cdn1.woolworths.media/content/wowproductimages/large/143255.jpg",
    "source_id": "Woolworths - 143255",
    "barcode": "9310061125149",
    "category_id": "1_39FD49C",
    "shop": "Woolworths",
    "weight": "100G",
    "prices": [
      {
        "state": "VIC",
        "price": "325",
        "price_per_unit": "464",
        "price_unit": "G"
      },
      {
        "state": "QLD",
        "price": "325",
        "price_per_unit": "464",
        "price_unit": "G"
      },
      {
        "state": "WA",
        "price": "325",
        "price_per_unit": "464",
        "price_unit": "G"
      },
      {
        "state": "SA",
        "price": "325",
        "price_per_unit": "464",
        "price_unit": "G"
      },
      {
        "state": "TAS",
        "price": "325",
        "price_per_unit": "464",
        "price_unit": "G"
      },
      {
        "state": "ACT",
        "price": "325",
        "price_per_unit": "464",
        "price_unit": "G"
      }
    ]
  },
  {
    "source_url": "https://www.woolworths.com.au/shop/productdetails/951112/piper-s-cocomelon-edible-wafer-stickers",
    "name": "Piper's Cocomelon Edible Wafer Stickers 12 pack",
    "image_url": "https://cdn1.woolworths.media/content/wowproductimages/large/951112.jpg",
    "source_id": "Woolworths - 951112",
    "barcode": "9349763001406",
    "category_id": "1_39FD49C",
    "shop": "Woolworths",
    "weight": "1EA",
    "prices": [
      {
        "state": "VIC",
        "price": "500",
        "price_per_unit": "42",
        "price_unit": "EA"
      },
      {
        "state": "QLD",
        "price": "500",
        "price_per_unit": "42",
        "price_unit": "EA"
      },
      {
        "state": "WA",
        "price": "500",
        "price_per_unit": "42",
        "price_unit": "EA"
      },
      {
        "state": "SA",
        "price": "500",
        "price_per_unit": "42",
        "price_unit": "EA"
      },
      {
        "state": "TAS",
        "price": "500",
        "price_per_unit": "42",
        "price_unit": "EA"
      },
      {
        "state": "ACT",
        "price": "500",
        "price_per_unit": "42",
        "price_unit": "EA"
      },
      {
        "state": "NT",
        "price": "500",
        "price_per_unit": "42",
        "price_unit": "EA"
      }
    ]
  },
  {
    "source_url": "https://www.woolworths.com.au/shop/productdetails/944585/piper-s-disney-frozen-edible-snowflake-sprinkles",
    "name": "Piper's Disney Frozen Edible Snowflake Sprinkles 60g",
    "image_url": "https://cdn1.woolworths.media/content/wowproductimages/large/944585.jpg",
    "source_id": "Woolworths - 944585",
    "barcode": "9349763001369",
    "category_id": "1_39FD49C",
    "shop": "Woolworths",
    "weight": "100G",
    "prices": [
      {
        "state": "VIC",
        "price": "350",
        "price_per_unit": "583",
        "price_unit": "G"
      },
      {
        "state": "QLD",
        "price": "350",
        "price_per_unit": "583",
        "price_unit": "G"
      },
      {
        "state": "WA",
        "price": "350",
        "price_per_unit": "583",
        "price_unit": "G"
      },
      {
        "state": "SA",
        "price": "350",
        "price_per_unit": "583",
        "price_unit": "G"
      },
      {
        "state": "TAS",
        "price": "350",
        "price_per_unit": "583",
        "price_unit": "G"
      },
      {
        "state": "ACT",
        "price": "350",
        "price_per_unit": "583",
        "price_unit": "G"
      },
      {
        "state": "NT",
        "price": "350",
        "price_per_unit": "583",
        "price_unit": "G"
      }
    ]
  },
  {
    "source_url": "https://www.woolworths.com.au/shop/productdetails/952664/piper-s-disney-frozen-edible-wafer-stickers",
    "name": "Piper's Disney Frozen Edible Wafer Stickers 12 pack",
    "image_url": "https://cdn1.woolworths.media/content/wowproductimages/large/952664.jpg",
    "source_id": "Woolworths - 952664",
    "barcode": "9349763001383",
    "category_id": "1_39FD49C",
    "shop": "Woolworths",
    "weight": "1EA",
    "prices": [
      {
        "state": "VIC",
        "price": "500",
        "price_per_unit": "42",
        "price_unit": "EA"
      },
      {
        "state": "QLD",
        "price": "500",
        "price_per_unit": "42",
        "price_unit": "EA"
      },
      {
        "state": "WA",
        "price": "500",
        "price_per_unit": "42",
        "price_unit": "EA"
      },
      {
        "state": "SA",
        "price": "500",
        "price_per_unit": "42",
        "price_unit": "EA"
      },
      {
        "state": "TAS",
        "price": "500",
        "price_per_unit": "42",
        "price_unit": "EA"
      },
      {
        "state": "ACT",
        "price": "500",
        "price_per_unit": "42",
        "price_unit": "EA"
      },
      {
        "state": "NT",
        "price": "500",
        "price_per_unit": "42",
        "price_unit": "EA"
      }
    ]
  },
  {
    "source_url": "https://www.woolworths.com.au/shop/productdetails/951297/piper-s-marvel-spiderman-edible-wafer-stickers",
    "name": "Piper's Marvel Spiderman Edible Wafer Stickers 12 pack",
    "image_url": "https://cdn1.woolworths.media/content/wowproductimages/large/951297.jpg",
    "source_id": "Woolworths - 951297",
    "barcode": "9349763001376",
    "category_id": "1_39FD49C",
    "shop": "Woolworths",
    "weight": "1EA",
    "prices": [
      {
        "state": "VIC",
        "price": "500",
        "price_per_unit": "42",
        "price_unit": "EA"
      },
      {
        "state": "QLD",
        "price": "500",
        "price_per_unit": "42",
        "price_unit": "EA"
      },
      {
        "state": "WA",
        "price": "500",
        "price_per_unit": "42",
        "price_unit": "EA"
      },
      {
        "state": "SA",
        "price": "500",
        "price_per_unit": "42",
        "price_unit": "EA"
      },
      {
        "state": "TAS",
        "price": "500",
        "price_per_unit": "42",
        "price_unit": "EA"
      },
      {
        "state": "ACT",
        "price": "500",
        "price_per_unit": "42",
        "price_unit": "EA"
      },
      {
        "state": "NT",
        "price": "500",
        "price_per_unit": "42",
        "price_unit": "EA"
      }
    ]
  },
  {
    "source_url": "https://www.woolworths.com.au/shop/productdetails/947587/piper-s-paw-patrol-edible-bone-sprinkles",
    "name": "Piper's Paw Patrol Edible Bone Sprinkles 60g",
    "image_url": "https://cdn1.woolworths.media/content/wowproductimages/large/947587.jpg",
    "source_id": "Woolworths - 947587",
    "barcode": "9349763001352",
    "category_id": "1_39FD49C",
    "shop": "Woolworths",
    "weight": "100G",
    "prices": [
      {
        "state": "VIC",
        "price": "350",
        "price_per_unit": "583",
        "price_unit": "G"
      },
      {
        "state": "QLD",
        "price": "350",
        "price_per_unit": "583",
        "price_unit": "G"
      },
      {
        "state": "WA",
        "price": "350",
        "price_per_unit": "583",
        "price_unit": "G"
      },
      {
        "state": "SA",
        "price": "350",
        "price_per_unit": "583",
        "price_unit": "G"
      },
      {
        "state": "TAS",
        "price": "350",
        "price_per_unit": "583",
        "price_unit": "G"
      },
      {
        "state": "ACT",
        "price": "350",
        "price_per_unit": "583",
        "price_unit": "G"
      },
      {
        "state": "NT",
        "price": "350",
        "price_per_unit": "583",
        "price_unit": "G"
      }
    ]
  },
  {
    "source_url": "https://www.woolworths.com.au/shop/productdetails/944637/piper-s-paw-patrol-edible-wafer-stickers",
    "name": "Piper's Paw Patrol Edible Wafer Stickers 12 pack",
    "image_url": "https://cdn1.woolworths.media/content/wowproductimages/large/944637.jpg",
    "source_id": "Woolworths - 944637",
    "barcode": "9349763001390",
    "category_id": "1_39FD49C",
    "shop": "Woolworths",
    "weight": "1EA",
    "prices": [
      {
        "state": "VIC",
        "price": "500",
        "price_per_unit": "42",
        "price_unit": "EA"
      },
      {
        "state": "QLD",
        "price": "500",
        "price_per_unit": "42",
        "price_unit": "EA"
      },
      {
        "state": "WA",
        "price": "500",
        "price_per_unit": "42",
        "price_unit": "EA"
      },
      {
        "state": "SA",
        "price": "500",
        "price_per_unit": "42",
        "price_unit": "EA"
      },
      {
        "state": "TAS",
        "price": "500",
        "price_per_unit": "42",
        "price_unit": "EA"
      },
      {
        "state": "ACT",
        "price": "500",
        "price_per_unit": "42",
        "price_unit": "EA"
      },
      {
        "state": "NT",
        "price": "500",
        "price_per_unit": "42",
        "price_unit": "EA"
      }
    ]
  },
  {
    "source_url": "https://www.woolworths.com.au/shop/productdetails/202407/queen-glucose-syrup",
    "name": "Queen Glucose Syrup 500g",
    "image_url": "https://cdn1.woolworths.media/content/wowproductimages/large/202407.jpg",
    "source_id": "Woolworths - 202407",
    "barcode": "9300641000980",
    "category_id": "1_39FD49C",
    "shop": "Woolworths",
    "weight": "100G",
    "prices": [
      {
        "state": "VIC",
        "price": "490",
        "price_per_unit": "98",
        "price_unit": "G"
      },
      {
        "state": "QLD",
        "price": "490",
        "price_per_unit": "98",
        "price_unit": "G"
      },
      {
        "state": "WA",
        "price": "490",
        "price_per_unit": "98",
        "price_unit": "G"
      },
      {
        "state": "SA",
        "price": "490",
        "price_per_unit": "98",
        "price_unit": "G"
      },
      {
        "state": "TAS",
        "price": "490",
        "price_per_unit": "98",
        "price_unit": "G"
      },
      {
        "state": "ACT",
        "price": "490",
        "price_per_unit": "98",
        "price_unit": "G"
      },
      {
        "state": "NT",
        "price": "490",
        "price_per_unit": "98",
        "price_unit": "G"
      }
    ]
  },
  {
    "source_url": "https://www.woolworths.com.au/shop/productdetails/491355/sshmallows-white-mini-marshmallows",
    "name": "Sshmallows White Mini Marshmallows 100g",
    "image_url": "https://cdn1.woolworths.media/content/wowproductimages/large/491355.jpg",
    "source_id": "Woolworths - 491355",
    "barcode": "9328418001084",
    "category_id": "1_39FD49C",
    "shop": "Woolworths",
    "weight": "100G",
    "prices": [
      {
        "state": "VIC",
        "price": "200",
        "price_per_unit": "200",
        "price_unit": "G"
      },
      {
        "state": "QLD",
        "price": "200",
        "price_per_unit": "200",
        "price_unit": "G"
      },
      {
        "state": "WA",
        "price": "200",
        "price_per_unit": "200",
        "price_unit": "G"
      },
      {
        "state": "SA",
        "price": "200",
        "price_per_unit": "200",
        "price_unit": "G"
      },
      {
        "state": "TAS",
        "price": "200",
        "price_per_unit": "200",
        "price_unit": "G"
      },
      {
        "state": "ACT",
        "price": "200",
        "price_per_unit": "200",
        "price_unit": "G"
      },
      {
        "state": "NT",
        "price": "200",
        "price_per_unit": "200",
        "price_unit": "G"
      }
    ]
  },
  {
    "source_url": "https://www.woolworths.com.au/shop/productdetails/828736/the-creative-kitchen-mini-flowers-cake-decorations",
    "name": "The Creative Kitchen Mini Flowers Cake Decorations 48 Pack",
    "image_url": "https://cdn1.woolworths.media/content/wowproductimages/large/828736.jpg",
    "source_id": "Woolworths - 828736",
    "barcode": "9310331473987",
    "category_id": "1_39FD49C",
    "shop": "Woolworths",
    "weight": "1EA",
    "prices": [
      {
        "state": "VIC",
        "price": "350",
        "price_per_unit": "7",
        "price_unit": "EA"
      },
      {
        "state": "QLD",
        "price": "350",
        "price_per_unit": "7",
        "price_unit": "EA"
      },
      {
        "state": "WA",
        "price": "350",
        "price_per_unit": "7",
        "price_unit": "EA"
      },
      {
        "state": "SA",
        "price": "350",
        "price_per_unit": "7",
        "price_unit": "EA"
      },
      {
        "state": "TAS",
        "price": "350",
        "price_per_unit": "7",
        "price_unit": "EA"
      },
      {
        "state": "ACT",
        "price": "350",
        "price_per_unit": "7",
        "price_unit": "EA"
      },
      {
        "state": "NT",
        "price": "353",
        "price_per_unit": "7",
        "price_unit": "EA"
      }
    ]
  },
  {
    "source_url": "https://www.woolworths.com.au/shop/productdetails/29077/dollar-sweets-bright",
    "name": "Dollar Sweets Bright 160g",
    "image_url": "https://cdn1.woolworths.media/content/wowproductimages/large/029077.jpg",
    "source_id": "Woolworths - 29077",
    "barcode": "9310331200071",
    "category_id": "1_39FD49C",
    "shop": "Woolworths",
    "weight": "100G",
    "prices": [
      {
        "state": "QLD",
        "price": "230",
        "price_per_unit": "144",
        "price_unit": "G"
      },
      {
        "state": "SA",
        "price": "230",
        "price_per_unit": "144",
        "price_unit": "G"
      },
      {
        "state": "TAS",
        "price": "230",
        "price_per_unit": "144",
        "price_unit": "G"
      },
      {
        "state": "ACT",
        "price": "230",
        "price_per_unit": "144",
        "price_unit": "G"
      },
      {
        "state": "NT",
        "price": "230",
        "price_per_unit": "144",
        "price_unit": "G"
      }
    ]
  },
  {
    "source_url": "https://www.woolworths.com.au/shop/productdetails/253596/dollar-sweets-cookie-icing-white",
    "name": "Dollar Sweets Cookie Icing White 225g",
    "image_url": "https://cdn1.woolworths.media/content/wowproductimages/large/253596.jpg",
    "source_id": "Woolworths - 253596",
    "barcode": "9310331476964",
    "category_id": "1_39FD49C",
    "shop": "Woolworths",
    "weight": "100G",
    "prices": [
      {
        "state": "QLD",
        "price": "500",
        "price_per_unit": "222",
        "price_unit": "G"
      },
      {
        "state": "SA",
        "price": "500",
        "price_per_unit": "222",
        "price_unit": "G"
      },
      {
        "state": "TAS",
        "price": "500",
        "price_per_unit": "222",
        "price_unit": "G"
      },
      {
        "state": "ACT",
        "price": "500",
        "price_per_unit": "222",
        "price_unit": "G"
      },
      {
        "state": "NT",
        "price": "500",
        "price_per_unit": "222",
        "price_unit": "G"
      }
    ]
  },
  {
    "source_url": "https://www.woolworths.com.au/shop/productdetails/944471/dollar-sweets-edible-wafer-sprinkles-stars",
    "name": "Dollar Sweets Edible Wafer Sprinkles Stars 5g",
    "image_url": "https://cdn1.woolworths.media/content/wowproductimages/large/944471.jpg",
    "source_id": "Woolworths - 944471",
    "barcode": "9310331478142",
    "category_id": "1_39FD49C",
    "shop": "Woolworths",
    "weight": "100G",
    "prices": [
      {
        "state": "QLD",
        "price": "300",
        "price_per_unit": "6000",
        "price_unit": "G"
      },
      {
        "state": "SA",
        "price": "300",
        "price_per_unit": "6000",
        "price_unit": "G"
      },
      {
        "state": "TAS",
        "price": "300",
        "price_per_unit": "6000",
        "price_unit": "G"
      },
      {
        "state": "ACT",
        "price": "300",
        "price_per_unit": "6000",
        "price_unit": "G"
      },
      {
        "state": "NT",
        "price": "300",
        "price_per_unit": "6000",
        "price_unit": "G"
      }
    ]
  },
  {
    "source_url": "https://www.woolworths.com.au/shop/productdetails/944640/dollar-sweets-enchanted-garden-12-icing-decors",
    "name": "Dollar Sweets Enchanted Garden 12 Icing Decors 10g",
    "image_url": "https://cdn1.woolworths.media/content/wowproductimages/large/944640.jpg",
    "source_id": "Woolworths - 944640",
    "barcode": "9310331478128",
    "category_id": "1_39FD49C",
    "shop": "Woolworths",
    "weight": "1EA",
    "prices": [
      {
        "state": "QLD",
        "price": "375",
        "price_per_unit": "31",
        "price_unit": "EA"
      },
      {
        "state": "SA",
        "price": "375",
        "price_per_unit": "31",
        "price_unit": "EA"
      },
      {
        "state": "TAS",
        "price": "375",
        "price_per_unit": "31",
        "price_unit": "EA"
      },
      {
        "state": "ACT",
        "price": "375",
        "price_per_unit": "31",
        "price_unit": "EA"
      },
      {
        "state": "NT",
        "price": "375",
        "price_per_unit": "31",
        "price_unit": "EA"
      }
    ]
  },
  {
    "source_url": "https://www.woolworths.com.au/shop/productdetails/946288/dollar-sweets-gamer-12-icing-decors",
    "name": "Dollar Sweets Gamer 12 Icing Decors 9g",
    "image_url": "https://cdn1.woolworths.media/content/wowproductimages/large/946288.jpg",
    "source_id": "Woolworths - 946288",
    "barcode": "9310331478098",
    "category_id": "1_39FD49C",
    "shop": "Woolworths",
    "weight": "1EA",
    "prices": [
      {
        "state": "QLD",
        "price": "375",
        "price_per_unit": "375",
        "price_unit": "EA"
      },
      {
        "state": "SA",
        "price": "375",
        "price_per_unit": "375",
        "price_unit": "EA"
      },
      {
        "state": "TAS",
        "price": "375",
        "price_per_unit": "375",
        "price_unit": "EA"
      },
      {
        "state": "ACT",
        "price": "375",
        "price_per_unit": "375",
        "price_unit": "EA"
      },
      {
        "state": "NT",
        "price": "375",
        "price_per_unit": "375",
        "price_unit": "EA"
      }
    ]
  },
  {
    "source_url": "https://www.woolworths.com.au/shop/productdetails/944100/dollar-sweets-sporty-edible-icing-decors",
    "name": "Dollar Sweets Sporty Edible Icing Decors 12 pack",
    "image_url": "https://cdn1.woolworths.media/content/wowproductimages/large/944100.jpg",
    "source_id": "Woolworths - 944100",
    "barcode": "9310331478104",
    "category_id": "1_39FD49C",
    "shop": "Woolworths",
    "weight": "1EA",
    "prices": [
      {
        "state": "QLD",
        "price": "375",
        "price_per_unit": "31",
        "price_unit": "EA"
      },
      {
        "state": "SA",
        "price": "375",
        "price_per_unit": "31",
        "price_unit": "EA"
      },
      {
        "state": "TAS",
        "price": "375",
        "price_per_unit": "31",
        "price_unit": "EA"
      },
      {
        "state": "ACT",
        "price": "375",
        "price_per_unit": "31",
        "price_unit": "EA"
      },
      {
        "state": "NT",
        "price": "375",
        "price_per_unit": "31",
        "price_unit": "EA"
      }
    ]
  },
  {
    "source_url": "https://www.woolworths.com.au/shop/productdetails/953133/dollar-sweets-superhero-12-icing-decors",
    "name": "Dollar Sweets Superhero 12 Icing Decors 10g",
    "image_url": "https://cdn1.woolworths.media/content/wowproductimages/large/953133.jpg",
    "source_id": "Woolworths - 953133",
    "barcode": "9310331478111",
    "category_id": "1_39FD49C",
    "shop": "Woolworths",
    "weight": "1EA",
    "prices": [
      {
        "state": "QLD",
        "price": "375",
        "price_per_unit": "31",
        "price_unit": "EA"
      },
      {
        "state": "SA",
        "price": "375",
        "price_per_unit": "31",
        "price_unit": "EA"
      },
      {
        "state": "TAS",
        "price": "375",
        "price_per_unit": "31",
        "price_unit": "EA"
      },
      {
        "state": "ACT",
        "price": "375",
        "price_per_unit": "31",
        "price_unit": "EA"
      },
      {
        "state": "NT",
        "price": "375",
        "price_per_unit": "31",
        "price_unit": "EA"
      }
    ]
  },
  {
    "source_url": "https://www.woolworths.com.au/shop/productdetails/943256/dollar-sweets-wafer-sprinkles-confetti",
    "name": "Dollar Sweets Wafer Sprinkles Confetti 5g",
    "image_url": "https://cdn1.woolworths.media/content/wowproductimages/large/943256.jpg",
    "source_id": "Woolworths - 943256",
    "barcode": "9310331478166",
    "category_id": "1_39FD49C",
    "shop": "Woolworths",
    "weight": "100G",
    "prices": [
      {
        "state": "QLD",
        "price": "300",
        "price_per_unit": "6000",
        "price_unit": "G"
      },
      {
        "state": "SA",
        "price": "300",
        "price_per_unit": "6000",
        "price_unit": "G"
      },
      {
        "state": "TAS",
        "price": "300",
        "price_per_unit": "6000",
        "price_unit": "G"
      },
      {
        "state": "ACT",
        "price": "300",
        "price_per_unit": "6000",
        "price_unit": "G"
      },
      {
        "state": "NT",
        "price": "300",
        "price_per_unit": "6000",
        "price_unit": "G"
      }
    ]
  },
  {
    "source_url": "https://www.woolworths.com.au/shop/productdetails/944636/dollar-sweets-wafer-sprinkles-hearts",
    "name": "Dollar Sweets Wafer Sprinkles Hearts 5g",
    "image_url": "https://cdn1.woolworths.media/content/wowproductimages/large/944636.jpg",
    "source_id": "Woolworths - 944636",
    "barcode": "9310331478159",
    "category_id": "1_39FD49C",
    "shop": "Woolworths",
    "weight": "100G",
    "prices": [
      {
        "state": "QLD",
        "price": "300",
        "price_per_unit": "6000",
        "price_unit": "G"
      },
      {
        "state": "SA",
        "price": "300",
        "price_per_unit": "6000",
        "price_unit": "G"
      },
      {
        "state": "TAS",
        "price": "300",
        "price_per_unit": "6000",
        "price_unit": "G"
      },
      {
        "state": "ACT",
        "price": "300",
        "price_per_unit": "6000",
        "price_unit": "G"
      },
      {
        "state": "NT",
        "price": "300",
        "price_per_unit": "6000",
        "price_unit": "G"
      }
    ]
  },
  {
    "source_url": "https://www.woolworths.com.au/shop/productdetails/724056/mckenzie-s-baking-aids-gelatine-leaves",
    "name": "McKenzie's Baking Aids Gelatine Leaves 20g",
    "image_url": "https://cdn1.woolworths.media/content/wowproductimages/large/724056.jpg",
    "source_id": "Woolworths - 724056",
    "barcode": "9310061122575",
    "category_id": "1_39FD49C",
    "shop": "Woolworths",
    "weight": "100G",
    "prices": [
      {
        "state": "QLD",
        "price": "565",
        "price_per_unit": "2825",
        "price_unit": "G"
      },
      {
        "state": "SA",
        "price": "565",
        "price_per_unit": "2825",
        "price_unit": "G"
      },
      {
        "state": "TAS",
        "price": "565",
        "price_per_unit": "2825",
        "price_unit": "G"
      },
      {
        "state": "ACT",
        "price": "565",
        "price_per_unit": "2825",
        "price_unit": "G"
      },
      {
        "state": "NT",
        "price": "590",
        "price_per_unit": "2950",
        "price_unit": "G"
      }
    ]
  },
  {
    "source_url": "https://www.woolworths.com.au/shop/productdetails/278658/mckenzie-s-citric-acid",
    "name": "McKenzie's Citric Acid 150g",
    "image_url": "https://cdn1.woolworths.media/content/wowproductimages/large/278658.jpg",
    "source_id": "Woolworths - 278658",
    "barcode": "9310061125637",
    "category_id": "1_39FD49C",
    "shop": "Woolworths",
    "weight": "100G",
    "prices": [
      {
        "state": "QLD",
        "price": "500",
        "price_per_unit": "333",
        "price_unit": "G"
      },
      {
        "state": "SA",
        "price": "500",
        "price_per_unit": "333",
        "price_unit": "G"
      },
      {
        "state": "TAS",
        "price": "500",
        "price_per_unit": "333",
        "price_unit": "G"
      },
      {
        "state": "ACT",
        "price": "500",
        "price_per_unit": "333",
        "price_unit": "G"
      },
      {
        "state": "NT",
        "price": "500",
        "price_per_unit": "333",
        "price_unit": "G"
      }
    ]
  },
  {
    "source_url": "https://www.woolworths.com.au/shop/productdetails/927499/mckenzie-s-cream-stabiliser",
    "name": "McKenzie's Cream Stabiliser 60g",
    "image_url": "https://cdn1.woolworths.media/content/wowproductimages/large/927499.jpg",
    "source_id": "Woolworths - 927499",
    "barcode": "9310061126115",
    "category_id": "1_39FD49C",
    "shop": "Woolworths",
    "weight": "100G",
    "prices": [
      {
        "state": "QLD",
        "price": "295",
        "price_per_unit": "492",
        "price_unit": "G"
      },
      {
        "state": "SA",
        "price": "295",
        "price_per_unit": "492",
        "price_unit": "G"
      },
      {
        "state": "TAS",
        "price": "295",
        "price_per_unit": "492",
        "price_unit": "G"
      },
      {
        "state": "ACT",
        "price": "295",
        "price_per_unit": "492",
        "price_unit": "G"
      },
      {
        "state": "NT",
        "price": "295",
        "price_per_unit": "492",
        "price_unit": "G"
      }
    ]
  },
  {
    "source_url": "https://www.woolworths.com.au/shop/productdetails/972454/queen-glamour-shine-sprinkles",
    "name": "Queen Glamour & Shine Sprinkles 115g",
    "image_url": "https://cdn1.woolworths.media/content/wowproductimages/large/972454.jpg",
    "source_id": "Woolworths - 972454",
    "barcode": "9300641005084",
    "category_id": "1_39FD49C",
    "shop": "Woolworths",
    "weight": "100G",
    "prices": [
      {
        "state": "QLD",
        "price": "420",
        "price_per_unit": "365",
        "price_unit": "G"
      },
      {
        "state": "SA",
        "price": "420",
        "price_per_unit": "365",
        "price_unit": "G"
      },
      {
        "state": "TAS",
        "price": "420",
        "price_per_unit": "365",
        "price_unit": "G"
      },
      {
        "state": "ACT",
        "price": "420",
        "price_per_unit": "365",
        "price_unit": "G"
      },
      {
        "state": "NT",
        "price": "420",
        "price_per_unit": "365",
        "price_unit": "G"
      }
    ]
  },
  {
    "source_url": "https://www.woolworths.com.au/shop/productdetails/68712/queen-metallic-icing-writing-gel",
    "name": "Queen Metallic Icing Writing Gel 5 Pack",
    "image_url": "https://cdn1.woolworths.media/content/wowproductimages/large/068712.jpg",
    "source_id": "Woolworths - 68712",
    "barcode": "9300641003967",
    "category_id": "1_39FD49C",
    "shop": "Woolworths",
    "weight": "100G",
    "prices": [
      {
        "state": "QLD",
        "price": "525",
        "price_per_unit": "500",
        "price_unit": "G"
      },
      {
        "state": "SA",
        "price": "525",
        "price_per_unit": "500",
        "price_unit": "G"
      },
      {
        "state": "TAS",
        "price": "525",
        "price_per_unit": "500",
        "price_unit": "G"
      },
      {
        "state": "ACT",
        "price": "525",
        "price_per_unit": "500",
        "price_unit": "G"
      },
      {
        "state": "NT",
        "price": "525",
        "price_per_unit": "500",
        "price_unit": "G"
      }
    ]
  },
  {
    "source_url": "https://www.woolworths.com.au/shop/productdetails/35176/saunders-malt-extract",
    "name": "Saunders Malt Extract 1kg",
    "image_url": "https://cdn1.woolworths.media/content/wowproductimages/large/035176.jpg",
    "source_id": "Woolworths - 35176",
    "barcode": "9310159484509",
    "category_id": "1_39FD49C",
    "shop": "Woolworths",
    "weight": "100G",
    "prices": [
      {
        "state": "QLD",
        "price": "1000",
        "price_per_unit": "100",
        "price_unit": "G"
      },
      {
        "state": "SA",
        "price": "1000",
        "price_per_unit": "100",
        "price_unit": "G"
      },
      {
        "state": "TAS",
        "price": "1000",
        "price_per_unit": "100",
        "price_unit": "G"
      },
      {
        "state": "ACT",
        "price": "1000",
        "price_per_unit": "100",
        "price_unit": "G"
      },
      {
        "state": "NT",
        "price": "1050",
        "price_per_unit": "105",
        "price_unit": "G"
      }
    ]
  },
  {
    "source_url": "https://www.woolworths.com.au/shop/productdetails/828689/the-creative-kitchen-gold-delight-4-compartment-jar",
    "name": "The Creative Kitchen Gold Delight 4 Compartment Jar Each",
    "image_url": "https://cdn1.woolworths.media/content/wowproductimages/large/828689.jpg",
    "source_id": "Woolworths - 828689",
    "barcode": "9310331473956",
    "category_id": "1_39FD49C",
    "shop": "Woolworths",
    "weight": "100G",
    "prices": [
      {
        "state": "QLD",
        "price": "600",
        "price_per_unit": "414",
        "price_unit": "G"
      },
      {
        "state": "TAS",
        "price": "600",
        "price_per_unit": "414",
        "price_unit": "G"
      },
      {
        "state": "ACT",
        "price": "600",
        "price_per_unit": "414",
        "price_unit": "G"
      },
      {
        "state": "NT",
        "price": "630",
        "price_per_unit": "434",
        "price_unit": "G"
      }
    ]
  }
]