[
  {
    "source_url": "https://www.woolworths.com.au/shop/productdetails/303930/ajax-disinfectant-cleaning-wipes-green-tea-jasmine",
    "name": "Ajax Disinfectant Cleaning Wipes Green Tea & Jasmine 110 Pack",
    "image_url": "https://cdn1.woolworths.media/content/wowproductimages/large/303930.jpg",
    "source_id": "Woolworths - 303930",
    "barcode": "8850006948279",
    "category_id": "1_2432B58",
    "shop": "Woolworths",
    "weight": "1EA",
    "prices": [
      {
        "state": "NSW",
        "price": "660",
        "price_per_unit": "6",
        "price_unit": "EA"
      },
      {
        "state": "VIC",
        "price": "660",
        "price_per_unit": "6",
        "price_unit": "EA"
      },
      {
        "state": "QLD",
        "price": "660",
        "price_per_unit": "6",
        "price_unit": "EA"
      },
      {
        "state": "WA",
        "price": "660",
        "price_per_unit": "6",
        "price_unit": "EA"
      },
      {
        "state": "SA",
        "price": "660",
        "price_per_unit": "6",
        "price_unit": "EA"
      },
      {
        "state": "TAS",
        "price": "660",
        "price_per_unit": "6",
        "price_unit": "EA"
      },
      {
        "state": "ACT",
        "price": "660",
        "price_per_unit": "6",
        "price_unit": "EA"
      },
      {
        "state": "NT",
        "price": "690",
        "price_per_unit": "6",
        "price_unit": "EA"
      }
    ]
  },
  {
    "source_url": "https://www.woolworths.com.au/shop/productdetails/307916/ajax-disinfectant-cleaning-wipes-sparkling-citrus-pineapple",
    "name": "Ajax Disinfectant Cleaning Wipes Sparkling Citrus & Pineapple 110 Pack",
    "image_url": "https://cdn1.woolworths.media/content/wowproductimages/large/307916.jpg",
    "source_id": "Woolworths - 307916",
    "barcode": "8850006948286",
    "category_id": "1_2432B58",
    "shop": "Woolworths",
    "weight": "1EA",
    "prices": [
      {
        "state": "NSW",
        "price": "660",
        "price_per_unit": "6",
        "price_unit": "EA"
      },
      {
        "state": "VIC",
        "price": "660",
        "price_per_unit": "6",
        "price_unit": "EA"
      },
      {
        "state": "QLD",
        "price": "660",
        "price_per_unit": "6",
        "price_unit": "EA"
      },
      {
        "state": "WA",
        "price": "660",
        "price_per_unit": "6",
        "price_unit": "EA"
      },
      {
        "state": "SA",
        "price": "660",
        "price_per_unit": "6",
        "price_unit": "EA"
      },
      {
        "state": "TAS",
        "price": "660",
        "price_per_unit": "6",
        "price_unit": "EA"
      },
      {
        "state": "ACT",
        "price": "660",
        "price_per_unit": "6",
        "price_unit": "EA"
      },
      {
        "state": "NT",
        "price": "690",
        "price_per_unit": "6",
        "price_unit": "EA"
      }
    ]
  },
  {
    "source_url": "https://www.woolworths.com.au/shop/productdetails/215114/ajax-disinfectant-multipurpose-lemon-trigger",
    "name": "Ajax Disinfectant Multipurpose Lemon Trigger 500ml",
    "image_url": "https://cdn1.woolworths.media/content/wowproductimages/large/215114.jpg",
    "source_id": "Woolworths - 215114",
    "barcode": "8850006945407",
    "category_id": "1_2432B58",
    "shop": "Woolworths",
    "weight": "100ML",
    "prices": [
      {
        "state": "NSW",
        "price": "360",
        "price_per_unit": "72",
        "price_unit": "ML"
      },
      {
        "state": "VIC",
        "price": "360",
        "price_per_unit": "72",
        "price_unit": "ML"
      },
      {
        "state": "QLD",
        "price": "360",
        "price_per_unit": "72",
        "price_unit": "ML"
      },
      {
        "state": "WA",
        "price": "360",
        "price_per_unit": "72",
        "price_unit": "ML"
      },
      {
        "state": "SA",
        "price": "360",
        "price_per_unit": "72",
        "price_unit": "ML"
      },
      {
        "state": "TAS",
        "price": "360",
        "price_per_unit": "72",
        "price_unit": "ML"
      },
      {
        "state": "ACT",
        "price": "360",
        "price_per_unit": "72",
        "price_unit": "ML"
      },
      {
        "state": "NT",
        "price": "360",
        "price_per_unit": "72",
        "price_unit": "ML"
      }
    ]
  },
  {
    "source_url": "https://www.woolworths.com.au/shop/productdetails/215130/ajax-disinfectant-spring-blossom-trigger",
    "name": "Ajax Disinfectant Spring Blossom Trigger 500ml",
    "image_url": "https://cdn1.woolworths.media/content/wowproductimages/large/215130.jpg",
    "source_id": "Woolworths - 215130",
    "barcode": "8850006945384",
    "category_id": "1_2432B58",
    "shop": "Woolworths",
    "weight": "100ML",
    "prices": [
      {
        "state": "NSW",
        "price": "360",
        "price_per_unit": "72",
        "price_unit": "ML"
      },
      {
        "state": "VIC",
        "price": "360",
        "price_per_unit": "72",
        "price_unit": "ML"
      },
      {
        "state": "QLD",
        "price": "360",
        "price_per_unit": "72",
        "price_unit": "ML"
      },
      {
        "state": "WA",
        "price": "360",
        "price_per_unit": "72",
        "price_unit": "ML"
      },
      {
        "state": "SA",
        "price": "360",
        "price_per_unit": "72",
        "price_unit": "ML"
      },
      {
        "state": "TAS",
        "price": "360",
        "price_per_unit": "72",
        "price_unit": "ML"
      },
      {
        "state": "ACT",
        "price": "360",
        "price_per_unit": "72",
        "price_unit": "ML"
      },
      {
        "state": "NT",
        "price": "360",
        "price_per_unit": "72",
        "price_unit": "ML"
      }
    ]
  },
  {
    "source_url": "https://www.woolworths.com.au/shop/productdetails/215345/ajax-eco-antibacterial-cleaning-wipes-vanilla-berries",
    "name": "Ajax Eco Antibacterial Cleaning Wipes Vanilla & Berries 220 Pack",
    "image_url": "https://cdn1.woolworths.media/content/wowproductimages/large/215345.jpg",
    "source_id": "Woolworths - 215345",
    "barcode": "8850006945056",
    "category_id": "1_2432B58",
    "shop": "Woolworths",
    "weight": "1EA",
    "prices": [
      {
        "state": "NSW",
        "price": "1200",
        "price_per_unit": "5",
        "price_unit": "EA"
      },
      {
        "state": "VIC",
        "price": "1200",
        "price_per_unit": "5",
        "price_unit": "EA"
      },
      {
        "state": "QLD",
        "price": "1200",
        "price_per_unit": "5",
        "price_unit": "EA"
      },
      {
        "state": "WA",
        "price": "1200",
        "price_per_unit": "5",
        "price_unit": "EA"
      },
      {
        "state": "SA",
        "price": "1200",
        "price_per_unit": "5",
        "price_unit": "EA"
      },
      {
        "state": "TAS",
        "price": "1200",
        "price_per_unit": "5",
        "price_unit": "EA"
      },
      {
        "state": "ACT",
        "price": "1200",
        "price_per_unit": "5",
        "price_unit": "EA"
      },
      {
        "state": "NT",
        "price": "1200",
        "price_per_unit": "5",
        "price_unit": "EA"
      }
    ]
  },
  {
    "source_url": "https://www.woolworths.com.au/shop/productdetails/852031/ajax-eco-antibacterial-disinfectant-cleaning-wipes-lemon",
    "name": "Ajax Eco Antibacterial Disinfectant Cleaning Wipes Lemon 110 Pack",
    "image_url": "https://cdn1.woolworths.media/content/wowproductimages/large/852031.jpg",
    "source_id": "Woolworths - 852031",
    "barcode": "8850006930335",
    "category_id": "1_2432B58",
    "shop": "Woolworths",
    "weight": "1EA",
    "prices": [
      {
        "state": "VIC",
        "price": "1100",
        "price_per_unit": "10",
        "price_unit": "EA"
      },
      {
        "state": "QLD",
        "price": "1100",
        "price_per_unit": "10",
        "price_unit": "EA"
      },
      {
        "state": "SA",
        "price": "1100",
        "price_per_unit": "10",
        "price_unit": "EA"
      },
      {
        "state": "TAS",
        "price": "1100",
        "price_per_unit": "10",
        "price_unit": "EA"
      },
      {
        "state": "ACT",
        "price": "1100",
        "price_per_unit": "10",
        "price_unit": "EA"
      },
      {
        "state": "NT",
        "price": "1150",
        "price_per_unit": "10",
        "price_unit": "EA"
      }
    ]
  },
  {
    "source_url": "https://www.woolworths.com.au/shop/productdetails/852032/ajax-eco-antibacterial-disinfectant-cleaning-wipes-vanilla",
    "name": "Ajax Eco Antibacterial Disinfectant Cleaning Wipes Vanilla 110 Pack",
    "image_url": "https://cdn1.woolworths.media/content/wowproductimages/large/852032.jpg",
    "source_id": "Woolworths - 852032",
    "barcode": "8850006930342",
    "category_id": "1_2432B58",
    "shop": "Woolworths",
    "weight": "1EA",
    "prices": [
      {
        "state": "VIC",
        "price": "1100",
        "price_per_unit": "10",
        "price_unit": "EA"
      },
      {
        "state": "QLD",
        "price": "1100",
        "price_per_unit": "10",
        "price_unit": "EA"
      },
      {
        "state": "SA",
        "price": "1100",
        "price_per_unit": "10",
        "price_unit": "EA"
      },
      {
        "state": "TAS",
        "price": "1100",
        "price_per_unit": "10",
        "price_unit": "EA"
      },
      {
        "state": "ACT",
        "price": "1100",
        "price_per_unit": "10",
        "price_unit": "EA"
      }
    ]
  },
  {
    "source_url": "https://www.woolworths.com.au/shop/productdetails/305124/ajax-luxury-home-cleaning-wipes-crisp-lime-sandalwood",
    "name": "Ajax Luxury Home Cleaning Wipes Crisp Lime & Sandalwood 110 Pack",
    "image_url": "https://cdn1.woolworths.media/content/wowproductimages/large/305124.jpg",
    "source_id": "Woolworths - 305124",
    "barcode": "8850006949405",
    "category_id": "1_2432B58",
    "shop": "Woolworths",
    "weight": "1EA",
    "prices": [
      {
        "state": "NSW",
        "price": "1100",
        "price_per_unit": "10",
        "price_unit": "EA"
      },
      {
        "state": "VIC",
        "price": "1100",
        "price_per_unit": "10",
        "price_unit": "EA"
      },
      {
        "state": "QLD",
        "price": "1100",
        "price_per_unit": "10",
        "price_unit": "EA"
      },
      {
        "state": "WA",
        "price": "1100",
        "price_per_unit": "10",
        "price_unit": "EA"
      },
      {
        "state": "SA",
        "price": "1100",
        "price_per_unit": "10",
        "price_unit": "EA"
      },
      {
        "state": "TAS",
        "price": "1100",
        "price_per_unit": "10",
        "price_unit": "EA"
      },
      {
        "state": "ACT",
        "price": "1100",
        "price_per_unit": "10",
        "price_unit": "EA"
      },
      {
        "state": "NT",
        "price": "1155",
        "price_per_unit": "11",
        "price_unit": "EA"
      }
    ]
  },
  {
    "source_url": "https://www.woolworths.com.au/shop/productdetails/308718/ajax-luxury-home-cleaning-wipes-exotic-bergamot-vanilla-bean",
    "name": "Ajax Luxury Home Cleaning Wipes Exotic Bergamot & Vanilla Bean 110 Pack",
    "image_url": "https://cdn1.woolworths.media/content/wowproductimages/large/308718.jpg",
    "source_id": "Woolworths - 308718",
    "barcode": "8850006949412",
    "category_id": "1_2432B58",
    "shop": "Woolworths",
    "weight": "1EA",
    "prices": [
      {
        "state": "NSW",
        "price": "1100",
        "price_per_unit": "10",
        "price_unit": "EA"
      },
      {
        "state": "VIC",
        "price": "1100",
        "price_per_unit": "10",
        "price_unit": "EA"
      },
      {
        "state": "QLD",
        "price": "1100",
        "price_per_unit": "10",
        "price_unit": "EA"
      },
      {
        "state": "WA",
        "price": "1100",
        "price_per_unit": "10",
        "price_unit": "EA"
      },
      {
        "state": "SA",
        "price": "1100",
        "price_per_unit": "10",
        "price_unit": "EA"
      },
      {
        "state": "TAS",
        "price": "1100",
        "price_per_unit": "10",
        "price_unit": "EA"
      },
      {
        "state": "ACT",
        "price": "1100",
        "price_per_unit": "10",
        "price_unit": "EA"
      },
      {
        "state": "NT",
        "price": "1155",
        "price_per_unit": "11",
        "price_unit": "EA"
      }
    ]
  },
  {
    "source_url": "https://www.woolworths.com.au/shop/productdetails/48166/ajax-spray-wipe-lemon-citrus-refill",
    "name": "Ajax Spray & Wipe Lemon Citrus Refill 750mL",
    "image_url": "https://cdn1.woolworths.media/content/wowproductimages/large/048166.jpg",
    "source_id": "Woolworths - 48166",
    "barcode": "9300632074129",
    "category_id": "1_2432B58",
    "shop": "Woolworths",
    "weight": "100ML",
    "prices": [
      {
        "state": "NSW",
        "price": "400",
        "price_per_unit": "53",
        "price_unit": "ML"
      },
      {
        "state": "VIC",
        "price": "400",
        "price_per_unit": "53",
        "price_unit": "ML"
      },
      {
        "state": "QLD",
        "price": "400",
        "price_per_unit": "53",
        "price_unit": "ML"
      },
      {
        "state": "WA",
        "price": "400",
        "price_per_unit": "53",
        "price_unit": "ML"
      },
      {
        "state": "SA",
        "price": "400",
        "price_per_unit": "53",
        "price_unit": "ML"
      },
      {
        "state": "TAS",
        "price": "400",
        "price_per_unit": "53",
        "price_unit": "ML"
      },
      {
        "state": "ACT",
        "price": "400",
        "price_per_unit": "53",
        "price_unit": "ML"
      },
      {
        "state": "NT",
        "price": "400",
        "price_per_unit": "53",
        "price_unit": "ML"
      }
    ]
  },
  {
    "source_url": "https://www.woolworths.com.au/shop/productdetails/204831/ajax-spray-wipe-multipurpose-baking-soda",
    "name": "Ajax Spray & Wipe Multipurpose Baking Soda 500mL",
    "image_url": "https://cdn1.woolworths.media/content/wowproductimages/large/204831.jpg",
    "source_id": "Woolworths - 204831",
    "barcode": "9300632060252",
    "category_id": "1_2432B58",
    "shop": "Woolworths",
    "weight": "100ML",
    "prices": [
      {
        "state": "NSW",
        "price": "350",
        "price_per_unit": "70",
        "price_unit": "ML"
      },
      {
        "state": "VIC",
        "price": "350",
        "price_per_unit": "70",
        "price_unit": "ML"
      },
      {
        "state": "QLD",
        "price": "350",
        "price_per_unit": "70",
        "price_unit": "ML"
      },
      {
        "state": "WA",
        "price": "350",
        "price_per_unit": "70",
        "price_unit": "ML"
      },
      {
        "state": "SA",
        "price": "350",
        "price_per_unit": "70",
        "price_unit": "ML"
      },
      {
        "state": "TAS",
        "price": "350",
        "price_per_unit": "70",
        "price_unit": "ML"
      },
      {
        "state": "ACT",
        "price": "350",
        "price_per_unit": "70",
        "price_unit": "ML"
      },
      {
        "state": "NT",
        "price": "350",
        "price_per_unit": "70",
        "price_unit": "ML"
      }
    ]
  },
  {
    "source_url": "https://www.woolworths.com.au/shop/productdetails/907274/ajax-spray-wipe-multipurpose-concentrate-lemon-citrus",
    "name": "Ajax Spray & Wipe Multipurpose Concentrate Lemon Citrus 500mL",
    "image_url": "https://cdn1.woolworths.media/content/wowproductimages/large/907274.jpg",
    "source_id": "Woolworths - 907274",
    "barcode": "8850006951842",
    "category_id": "1_2432B58",
    "shop": "Woolworths",
    "weight": "100ML",
    "prices": [
      {
        "state": "NSW",
        "price": "1000",
        "price_per_unit": "200",
        "price_unit": "ML"
      },
      {
        "state": "VIC",
        "price": "1000",
        "price_per_unit": "200",
        "price_unit": "ML"
      },
      {
        "state": "QLD",
        "price": "1000",
        "price_per_unit": "200",
        "price_unit": "ML"
      },
      {
        "state": "WA",
        "price": "1000",
        "price_per_unit": "200",
        "price_unit": "ML"
      },
      {
        "state": "SA",
        "price": "1000",
        "price_per_unit": "200",
        "price_unit": "ML"
      },
      {
        "state": "TAS",
        "price": "1000",
        "price_per_unit": "200",
        "price_unit": "ML"
      },
      {
        "state": "ACT",
        "price": "1000",
        "price_per_unit": "200",
        "price_unit": "ML"
      },
      {
        "state": "NT",
        "price": "1050",
        "price_per_unit": "210",
        "price_unit": "ML"
      }
    ]
  },
  {
    "source_url": "https://www.woolworths.com.au/shop/productdetails/224643/ajax-spray-wipe-multipurpose-lavender-citrus-trigger",
    "name": "Ajax Spray & Wipe Multipurpose Lavender & Citrus Trigger 500mL",
    "image_url": "https://cdn1.woolworths.media/content/wowproductimages/large/224643.jpg",
    "source_id": "Woolworths - 224643",
    "barcode": "9300632064137",
    "category_id": "1_2432B58",
    "shop": "Woolworths",
    "weight": "100ML",
    "prices": [
      {
        "state": "NSW",
        "price": "350",
        "price_per_unit": "70",
        "price_unit": "ML"
      },
      {
        "state": "VIC",
        "price": "350",
        "price_per_unit": "70",
        "price_unit": "ML"
      },
      {
        "state": "QLD",
        "price": "350",
        "price_per_unit": "70",
        "price_unit": "ML"
      },
      {
        "state": "WA",
        "price": "350",
        "price_per_unit": "70",
        "price_unit": "ML"
      },
      {
        "state": "SA",
        "price": "350",
        "price_per_unit": "70",
        "price_unit": "ML"
      },
      {
        "state": "TAS",
        "price": "350",
        "price_per_unit": "70",
        "price_unit": "ML"
      },
      {
        "state": "NT",
        "price": "350",
        "price_per_unit": "70",
        "price_unit": "ML"
      }
    ]
  },
  {
    "source_url": "https://www.woolworths.com.au/shop/productdetails/339361/ajax-spray-wipe-multipurpose-lemon-citrus-trigger",
    "name": "Ajax Spray & Wipe Multipurpose Lemon Citrus Trigger 500mL",
    "image_url": "https://cdn1.woolworths.media/content/wowproductimages/large/339361.jpg",
    "source_id": "Woolworths - 339361",
    "barcode": "9300632074112",
    "category_id": "1_2432B58",
    "shop": "Woolworths",
    "weight": "100ML",
    "prices": [
      {
        "state": "NSW",
        "price": "350",
        "price_per_unit": "70",
        "price_unit": "ML"
      },
      {
        "state": "VIC",
        "price": "350",
        "price_per_unit": "70",
        "price_unit": "ML"
      },
      {
        "state": "QLD",
        "price": "350",
        "price_per_unit": "70",
        "price_unit": "ML"
      },
      {
        "state": "WA",
        "price": "350",
        "price_per_unit": "70",
        "price_unit": "ML"
      },
      {
        "state": "SA",
        "price": "350",
        "price_per_unit": "70",
        "price_unit": "ML"
      },
      {
        "state": "TAS",
        "price": "350",
        "price_per_unit": "70",
        "price_unit": "ML"
      },
      {
        "state": "ACT",
        "price": "350",
        "price_per_unit": "70",
        "price_unit": "ML"
      },
      {
        "state": "NT",
        "price": "350",
        "price_per_unit": "70",
        "price_unit": "ML"
      }
    ]
  },
  {
    "source_url": "https://www.woolworths.com.au/shop/productdetails/905214/ajax-spray-wipe-multipurpose-refill-vanilla-berries",
    "name": "Ajax Spray & Wipe Multipurpose Refill Vanilla & Berries 750ml",
    "image_url": "https://cdn1.woolworths.media/content/wowproductimages/large/905214.jpg",
    "source_id": "Woolworths - 905214",
    "barcode": "8850006951828",
    "category_id": "1_2432B58",
    "shop": "Woolworths",
    "weight": "100ML",
    "prices": [
      {
        "state": "NSW",
        "price": "400",
        "price_per_unit": "53",
        "price_unit": "ML"
      },
      {
        "state": "VIC",
        "price": "400",
        "price_per_unit": "53",
        "price_unit": "ML"
      },
      {
        "state": "QLD",
        "price": "400",
        "price_per_unit": "53",
        "price_unit": "ML"
      },
      {
        "state": "WA",
        "price": "400",
        "price_per_unit": "53",
        "price_unit": "ML"
      },
      {
        "state": "SA",
        "price": "400",
        "price_per_unit": "53",
        "price_unit": "ML"
      },
      {
        "state": "TAS",
        "price": "400",
        "price_per_unit": "53",
        "price_unit": "ML"
      },
      {
        "state": "ACT",
        "price": "400",
        "price_per_unit": "53",
        "price_unit": "ML"
      },
      {
        "state": "NT",
        "price": "400",
        "price_per_unit": "53",
        "price_unit": "ML"
      }
    ]
  },
  {
    "source_url": "https://www.woolworths.com.au/shop/productdetails/654495/ajax-spray-n-wipe-divine-blends-cleaner-trigger",
    "name": "Ajax Spray n Wipe Divine Blends Cleaner Trigger 475ml",
    "image_url": "https://cdn1.woolworths.media/content/wowproductimages/large/654495.jpg",
    "source_id": "Woolworths - 654495",
    "barcode": "9300632088805",
    "category_id": "1_2432B58",
    "shop": "Woolworths",
    "weight": "100ML",
    "prices": [
      {
        "state": "NSW",
        "price": "350",
        "price_per_unit": "74",
        "price_unit": "ML"
      },
      {
        "state": "VIC",
        "price": "350",
        "price_per_unit": "74",
        "price_unit": "ML"
      },
      {
        "state": "QLD",
        "price": "350",
        "price_per_unit": "74",
        "price_unit": "ML"
      },
      {
        "state": "WA",
        "price": "350",
        "price_per_unit": "74",
        "price_unit": "ML"
      },
      {
        "state": "SA",
        "price": "350",
        "price_per_unit": "74",
        "price_unit": "ML"
      },
      {
        "state": "TAS",
        "price": "350",
        "price_per_unit": "74",
        "price_unit": "ML"
      },
      {
        "state": "ACT",
        "price": "350",
        "price_per_unit": "74",
        "price_unit": "ML"
      },
      {
        "state": "NT",
        "price": "350",
        "price_per_unit": "74",
        "price_unit": "ML"
      }
    ]
  },
  {
    "source_url": "https://www.woolworths.com.au/shop/productdetails/340015/bare-essentials-borax",
    "name": "Bare Essentials Borax 500g",
    "image_url": "https://cdn1.woolworths.media/content/wowproductimages/large/340015.jpg",
    "source_id": "Woolworths - 340015",
    "barcode": "9300764044908",
    "category_id": "1_2432B58",
    "shop": "Woolworths",
    "weight": "100G",
    "prices": [
      {
        "state": "NSW",
        "price": "410",
        "price_per_unit": "82",
        "price_unit": "G"
      },
      {
        "state": "VIC",
        "price": "410",
        "price_per_unit": "82",
        "price_unit": "G"
      },
      {
        "state": "QLD",
        "price": "410",
        "price_per_unit": "82",
        "price_unit": "G"
      },
      {
        "state": "WA",
        "price": "410",
        "price_per_unit": "82",
        "price_unit": "G"
      },
      {
        "state": "SA",
        "price": "410",
        "price_per_unit": "82",
        "price_unit": "G"
      },
      {
        "state": "TAS",
        "price": "410",
        "price_per_unit": "82",
        "price_unit": "G"
      },
      {
        "state": "ACT",
        "price": "410",
        "price_per_unit": "82",
        "price_unit": "G"
      },
      {
        "state": "NT",
        "price": "410",
        "price_per_unit": "82",
        "price_unit": "G"
      }
    ]
  },
  {
    "source_url": "https://www.woolworths.com.au/shop/productdetails/1866/bosisto-s-multipurpose-cleaner",
    "name": "Bosisto's Multipurpose Cleaner 500ml",
    "image_url": "https://cdn1.woolworths.media/content/wowproductimages/large/001866.jpg",
    "source_id": "Woolworths - 1866",
    "barcode": "9300710091055",
    "category_id": "1_2432B58",
    "shop": "Woolworths",
    "weight": "100ML",
    "prices": [
      {
        "state": "NSW",
        "price": "400",
        "price_per_unit": "80",
        "price_unit": "ML"
      },
      {
        "state": "VIC",
        "price": "400",
        "price_per_unit": "80",
        "price_unit": "ML"
      },
      {
        "state": "WA",
        "price": "400",
        "price_per_unit": "80",
        "price_unit": "ML"
      },
      {
        "state": "SA",
        "price": "400",
        "price_per_unit": "80",
        "price_unit": "ML"
      },
      {
        "state": "TAS",
        "price": "400",
        "price_per_unit": "80",
        "price_unit": "ML"
      },
      {
        "state": "ACT",
        "price": "400",
        "price_per_unit": "80",
        "price_unit": "ML"
      },
      {
        "state": "NT",
        "price": "400",
        "price_per_unit": "80",
        "price_unit": "ML"
      }
    ]
  },
  {
    "source_url": "https://www.woolworths.com.au/shop/productdetails/74394/clr-multipurpose-cleaner-calcium-limescale-rust",
    "name": "CLR Multipurpose Cleaner - Calcium Limescale & Rust 750ml",
    "image_url": "https://cdn1.woolworths.media/content/wowproductimages/large/074394.jpg",
    "source_id": "Woolworths - 74394",
    "barcode": "9337347000037",
    "category_id": "1_2432B58",
    "shop": "Woolworths",
    "weight": "100ML",
    "prices": [
      {
        "state": "NSW",
        "price": "1230",
        "price_per_unit": "164",
        "price_unit": "ML"
      },
      {
        "state": "VIC",
        "price": "1230",
        "price_per_unit": "164",
        "price_unit": "ML"
      },
      {
        "state": "QLD",
        "price": "1230",
        "price_per_unit": "164",
        "price_unit": "ML"
      },
      {
        "state": "WA",
        "price": "1230",
        "price_per_unit": "164",
        "price_unit": "ML"
      },
      {
        "state": "SA",
        "price": "1230",
        "price_per_unit": "164",
        "price_unit": "ML"
      },
      {
        "state": "TAS",
        "price": "1230",
        "price_per_unit": "164",
        "price_unit": "ML"
      },
      {
        "state": "ACT",
        "price": "1230",
        "price_per_unit": "164",
        "price_unit": "ML"
      },
      {
        "state": "NT",
        "price": "1230",
        "price_per_unit": "164",
        "price_unit": "ML"
      }
    ]
  },
  {
    "source_url": "https://www.woolworths.com.au/shop/productdetails/226874/dettol-antibacterial-2-in-1-hand-surface-sanitiser-spray",
    "name": "Dettol Antibacterial 2-In-1 Hand & Surface Sanitiser Spray 90ml",
    "image_url": "https://cdn1.woolworths.media/content/wowproductimages/large/226874.jpg",
    "source_id": "Woolworths - 226874",
    "barcode": "93566087",
    "category_id": "1_2432B58",
    "shop": "Woolworths",
    "weight": "100ML",
    "prices": [
      {
        "state": "NSW",
        "price": "300",
        "price_per_unit": "333",
        "price_unit": "ML"
      },
      {
        "state": "VIC",
        "price": "300",
        "price_per_unit": "333",
        "price_unit": "ML"
      },
      {
        "state": "QLD",
        "price": "300",
        "price_per_unit": "333",
        "price_unit": "ML"
      },
      {
        "state": "WA",
        "price": "300",
        "price_per_unit": "333",
        "price_unit": "ML"
      },
      {
        "state": "SA",
        "price": "300",
        "price_per_unit": "333",
        "price_unit": "ML"
      },
      {
        "state": "TAS",
        "price": "300",
        "price_per_unit": "333",
        "price_unit": "ML"
      },
      {
        "state": "ACT",
        "price": "300",
        "price_per_unit": "333",
        "price_unit": "ML"
      },
      {
        "state": "NT",
        "price": "300",
        "price_per_unit": "333",
        "price_unit": "ML"
      }
    ]
  },
  {
    "source_url": "https://www.woolworths.com.au/shop/productdetails/906448/dettol-disinfectant-wipes-extra-large",
    "name": "Dettol Disinfectant Wipes Extra Large 150 pack",
    "image_url": "https://cdn1.woolworths.media/content/wowproductimages/large/906448.jpg",
    "source_id": "Woolworths - 906448",
    "barcode": "9300631865384",
    "category_id": "1_2432B58",
    "shop": "Woolworths",
    "weight": "1EA",
    "prices": [
      {
        "state": "NSW",
        "price": "1500",
        "price_per_unit": "10",
        "price_unit": "EA"
      },
      {
        "state": "VIC",
        "price": "1500",
        "price_per_unit": "10",
        "price_unit": "EA"
      },
      {
        "state": "QLD",
        "price": "1500",
        "price_per_unit": "10",
        "price_unit": "EA"
      },
      {
        "state": "WA",
        "price": "1500",
        "price_per_unit": "10",
        "price_unit": "EA"
      },
      {
        "state": "SA",
        "price": "1500",
        "price_per_unit": "10",
        "price_unit": "EA"
      },
      {
        "state": "TAS",
        "price": "1500",
        "price_per_unit": "10",
        "price_unit": "EA"
      },
      {
        "state": "ACT",
        "price": "1500",
        "price_per_unit": "10",
        "price_unit": "EA"
      },
      {
        "state": "NT",
        "price": "1500",
        "price_per_unit": "10",
        "price_unit": "EA"
      }
    ]
  },
  {
    "source_url": "https://www.woolworths.com.au/shop/productdetails/907512/dettol-disinfectant-wipes-extra-large",
    "name": "Dettol Disinfectant Wipes Extra Large 300 pack",
    "image_url": "https://cdn1.woolworths.media/content/wowproductimages/large/907512.jpg",
    "source_id": "Woolworths - 907512",
    "barcode": "9300631933557",
    "category_id": "1_2432B58",
    "shop": "Woolworths",
    "weight": "1EA",
    "prices": [
      {
        "state": "NSW",
        "price": "2000",
        "price_per_unit": "7",
        "price_unit": "EA"
      },
      {
        "state": "VIC",
        "price": "2000",
        "price_per_unit": "7",
        "price_unit": "EA"
      },
      {
        "state": "QLD",
        "price": "2000",
        "price_per_unit": "7",
        "price_unit": "EA"
      },
      {
        "state": "SA",
        "price": "2000",
        "price_per_unit": "7",
        "price_unit": "EA"
      },
      {
        "state": "TAS",
        "price": "2000",
        "price_per_unit": "7",
        "price_unit": "EA"
      },
      {
        "state": "ACT",
        "price": "2000",
        "price_per_unit": "7",
        "price_unit": "EA"
      },
      {
        "state": "NT",
        "price": "2000",
        "price_per_unit": "7",
        "price_unit": "EA"
      }
    ]
  },
  {
    "source_url": "https://www.woolworths.com.au/shop/productdetails/907390/dettol-homes-with-pets-multipurpose-cleaner",
    "name": "Dettol Homes With Pets Multipurpose Cleaner 750ml",
    "image_url": "https://cdn1.woolworths.media/content/wowproductimages/large/907390.jpg",
    "source_id": "Woolworths - 907390",
    "barcode": "9300631783305",
    "category_id": "1_2432B58",
    "shop": "Woolworths",
    "weight": "100ML",
    "prices": [
      {
        "state": "NSW",
        "price": "350",
        "price_per_unit": "47",
        "price_unit": "ML"
      },
      {
        "state": "VIC",
        "price": "350",
        "price_per_unit": "47",
        "price_unit": "ML"
      },
      {
        "state": "QLD",
        "price": "350",
        "price_per_unit": "47",
        "price_unit": "ML"
      },
      {
        "state": "WA",
        "price": "350",
        "price_per_unit": "47",
        "price_unit": "ML"
      },
      {
        "state": "SA",
        "price": "350",
        "price_per_unit": "47",
        "price_unit": "ML"
      },
      {
        "state": "TAS",
        "price": "350",
        "price_per_unit": "47",
        "price_unit": "ML"
      },
      {
        "state": "ACT",
        "price": "350",
        "price_per_unit": "47",
        "price_unit": "ML"
      },
      {
        "state": "NT",
        "price": "365",
        "price_per_unit": "49",
        "price_unit": "ML"
      }
    ]
  },
  {
    "source_url": "https://www.woolworths.com.au/shop/productdetails/118662/dettol-multipurpose-cleaner-surface-spray-disinfectant-apple",
    "name": "Dettol Multipurpose Cleaner Surface Spray Disinfectant Apple 750ml",
    "image_url": "https://cdn1.woolworths.media/content/wowproductimages/large/118662.jpg",
    "source_id": "Woolworths - 118662",
    "barcode": "9300631432104",
    "category_id": "1_2432B58",
    "shop": "Woolworths",
    "weight": "100ML",
    "prices": [
      {
        "state": "NSW",
        "price": "350",
        "price_per_unit": "47",
        "price_unit": "ML"
      },
      {
        "state": "VIC",
        "price": "350",
        "price_per_unit": "47",
        "price_unit": "ML"
      },
      {
        "state": "QLD",
        "price": "350",
        "price_per_unit": "47",
        "price_unit": "ML"
      },
      {
        "state": "WA",
        "price": "350",
        "price_per_unit": "47",
        "price_unit": "ML"
      },
      {
        "state": "SA",
        "price": "350",
        "price_per_unit": "47",
        "price_unit": "ML"
      },
      {
        "state": "TAS",
        "price": "350",
        "price_per_unit": "47",
        "price_unit": "ML"
      },
      {
        "state": "ACT",
        "price": "350",
        "price_per_unit": "47",
        "price_unit": "ML"
      },
      {
        "state": "NT",
        "price": "350",
        "price_per_unit": "47",
        "price_unit": "ML"
      }
    ]
  },
  {
    "source_url": "https://www.woolworths.com.au/shop/productdetails/118628/dettol-multipurpose-cleaner-surface-spray-disinfectant-citrus",
    "name": "Dettol Multipurpose Cleaner Surface Spray Disinfectant Citrus 750ml",
    "image_url": "https://cdn1.woolworths.media/content/wowproductimages/large/118628.jpg",
    "source_id": "Woolworths - 118628",
    "barcode": "9300631432418",
    "category_id": "1_2432B58",
    "shop": "Woolworths",
    "weight": "100ML",
    "prices": [
      {
        "state": "NSW",
        "price": "350",
        "price_per_unit": "47",
        "price_unit": "ML"
      },
      {
        "state": "VIC",
        "price": "350",
        "price_per_unit": "47",
        "price_unit": "ML"
      },
      {
        "state": "QLD",
        "price": "350",
        "price_per_unit": "47",
        "price_unit": "ML"
      },
      {
        "state": "WA",
        "price": "350",
        "price_per_unit": "47",
        "price_unit": "ML"
      },
      {
        "state": "SA",
        "price": "350",
        "price_per_unit": "47",
        "price_unit": "ML"
      },
      {
        "state": "TAS",
        "price": "350",
        "price_per_unit": "47",
        "price_unit": "ML"
      },
      {
        "state": "ACT",
        "price": "350",
        "price_per_unit": "47",
        "price_unit": "ML"
      },
      {
        "state": "NT",
        "price": "350",
        "price_per_unit": "47",
        "price_unit": "ML"
      }
    ]
  },
  {
    "source_url": "https://www.woolworths.com.au/shop/productdetails/728039/dettol-multipurpose-disinfectant-cleaning-spray-lime-and-mint",
    "name": "Dettol Multipurpose Disinfectant Cleaning Spray Lime And Mint 500ml",
    "image_url": "https://cdn1.woolworths.media/content/wowproductimages/large/728039.jpg",
    "source_id": "Woolworths - 728039",
    "barcode": "9300701192143",
    "category_id": "1_2432B58",
    "shop": "Woolworths",
    "weight": "100ML",
    "prices": [
      {
        "state": "NSW",
        "price": "350",
        "price_per_unit": "70",
        "price_unit": "ML"
      },
      {
        "state": "VIC",
        "price": "350",
        "price_per_unit": "70",
        "price_unit": "ML"
      },
      {
        "state": "QLD",
        "price": "350",
        "price_per_unit": "70",
        "price_unit": "ML"
      },
      {
        "state": "WA",
        "price": "350",
        "price_per_unit": "70",
        "price_unit": "ML"
      },
      {
        "state": "SA",
        "price": "350",
        "price_per_unit": "70",
        "price_unit": "ML"
      },
      {
        "state": "TAS",
        "price": "350",
        "price_per_unit": "70",
        "price_unit": "ML"
      },
      {
        "state": "ACT",
        "price": "350",
        "price_per_unit": "70",
        "price_unit": "ML"
      },
      {
        "state": "NT",
        "price": "365",
        "price_per_unit": "73",
        "price_unit": "ML"
      }
    ]
  },
  {
    "source_url": "https://www.woolworths.com.au/shop/productdetails/284080/dettol-multipurpose-disinfectant-cleaning-wipes-apple",
    "name": "Dettol Multipurpose Disinfectant Cleaning Wipes Apple 110 Pack",
    "image_url": "https://cdn1.woolworths.media/content/wowproductimages/large/284080.jpg",
    "source_id": "Woolworths - 284080",
    "barcode": "9300631429203",
    "category_id": "1_2432B58",
    "shop": "Woolworths",
    "weight": "1EA",
    "prices": [
      {
        "state": "NSW",
        "price": "600",
        "price_per_unit": "5",
        "price_unit": "EA"
      },
      {
        "state": "VIC",
        "price": "600",
        "price_per_unit": "5",
        "price_unit": "EA"
      },
      {
        "state": "QLD",
        "price": "600",
        "price_per_unit": "5",
        "price_unit": "EA"
      },
      {
        "state": "WA",
        "price": "600",
        "price_per_unit": "5",
        "price_unit": "EA"
      },
      {
        "state": "SA",
        "price": "600",
        "price_per_unit": "5",
        "price_unit": "EA"
      },
      {
        "state": "TAS",
        "price": "600",
        "price_per_unit": "5",
        "price_unit": "EA"
      },
      {
        "state": "ACT",
        "price": "600",
        "price_per_unit": "5",
        "price_unit": "EA"
      },
      {
        "state": "NT",
        "price": "630",
        "price_per_unit": "6",
        "price_unit": "EA"
      }
    ]
  },
  {
    "source_url": "https://www.woolworths.com.au/shop/productdetails/284076/dettol-multipurpose-disinfectant-cleaning-wipes-fresh",
    "name": "Dettol Multipurpose Disinfectant Cleaning Wipes Fresh 110 Pack",
    "image_url": "https://cdn1.woolworths.media/content/wowproductimages/large/284076.jpg",
    "source_id": "Woolworths - 284076",
    "barcode": "9300631429197",
    "category_id": "1_2432B58",
    "shop": "Woolworths",
    "weight": "1EA",
    "prices": [
      {
        "state": "NSW",
        "price": "600",
        "price_per_unit": "5",
        "price_unit": "EA"
      },
      {
        "state": "VIC",
        "price": "600",
        "price_per_unit": "5",
        "price_unit": "EA"
      },
      {
        "state": "QLD",
        "price": "600",
        "price_per_unit": "5",
        "price_unit": "EA"
      },
      {
        "state": "WA",
        "price": "600",
        "price_per_unit": "5",
        "price_unit": "EA"
      },
      {
        "state": "SA",
        "price": "600",
        "price_per_unit": "5",
        "price_unit": "EA"
      },
      {
        "state": "TAS",
        "price": "600",
        "price_per_unit": "5",
        "price_unit": "EA"
      },
      {
        "state": "ACT",
        "price": "600",
        "price_per_unit": "5",
        "price_unit": "EA"
      },
      {
        "state": "NT",
        "price": "630",
        "price_per_unit": "6",
        "price_unit": "EA"
      }
    ]
  },
  {
    "source_url": "https://www.woolworths.com.au/shop/productdetails/309974/dettol-multipurpose-disinfectant-cleaning-wipes-lemon",
    "name": "Dettol Multipurpose Disinfectant Cleaning Wipes Lemon 110 Pack",
    "image_url": "https://cdn1.woolworths.media/content/wowproductimages/large/309974.jpg",
    "source_id": "Woolworths - 309974",
    "barcode": "9300631430414",
    "category_id": "1_2432B58",
    "shop": "Woolworths",
    "weight": "1EA",
    "prices": [
      {
        "state": "NSW",
        "price": "600",
        "price_per_unit": "5",
        "price_unit": "EA"
      },
      {
        "state": "VIC",
        "price": "600",
        "price_per_unit": "5",
        "price_unit": "EA"
      },
      {
        "state": "QLD",
        "price": "600",
        "price_per_unit": "5",
        "price_unit": "EA"
      },
      {
        "state": "WA",
        "price": "600",
        "price_per_unit": "5",
        "price_unit": "EA"
      },
      {
        "state": "SA",
        "price": "600",
        "price_per_unit": "5",
        "price_unit": "EA"
      },
      {
        "state": "TAS",
        "price": "600",
        "price_per_unit": "5",
        "price_unit": "EA"
      },
      {
        "state": "ACT",
        "price": "600",
        "price_per_unit": "5",
        "price_unit": "EA"
      },
      {
        "state": "NT",
        "price": "630",
        "price_per_unit": "6",
        "price_unit": "EA"
      }
    ]
  },
  {
    "source_url": "https://www.woolworths.com.au/shop/productdetails/907052/dettol-multipurpose-disinfectant-wipes-extra-large-lemon-burst",
    "name": "Dettol Multipurpose Disinfectant Wipes Extra Large Lemon Burst 150 pack",
    "image_url": "https://cdn1.woolworths.media/content/wowproductimages/large/907052.jpg",
    "source_id": "Woolworths - 907052",
    "barcode": "9300631819424",
    "category_id": "1_2432B58",
    "shop": "Woolworths",
    "weight": "1EA",
    "prices": [
      {
        "state": "NSW",
        "price": "1500",
        "price_per_unit": "10",
        "price_unit": "EA"
      },
      {
        "state": "VIC",
        "price": "1500",
        "price_per_unit": "10",
        "price_unit": "EA"
      },
      {
        "state": "QLD",
        "price": "1500",
        "price_per_unit": "10",
        "price_unit": "EA"
      },
      {
        "state": "WA",
        "price": "1500",
        "price_per_unit": "10",
        "price_unit": "EA"
      },
      {
        "state": "SA",
        "price": "1500",
        "price_per_unit": "10",
        "price_unit": "EA"
      },
      {
        "state": "TAS",
        "price": "1500",
        "price_per_unit": "10",
        "price_unit": "EA"
      },
      {
        "state": "ACT",
        "price": "1500",
        "price_per_unit": "10",
        "price_unit": "EA"
      },
      {
        "state": "NT",
        "price": "1500",
        "price_per_unit": "10",
        "price_unit": "EA"
      }
    ]
  },
  {
    "source_url": "https://www.woolworths.com.au/shop/productdetails/907483/dettol-multipurpose-wipes-lemon-burst",
    "name": "Dettol Multipurpose Wipes Lemon Burst 300 Pack",
    "image_url": "https://cdn1.woolworths.media/content/wowproductimages/large/907483.jpg",
    "source_id": "Woolworths - 907483",
    "barcode": "9300631933588",
    "category_id": "1_2432B58",
    "shop": "Woolworths",
    "weight": "1EA",
    "prices": [
      {
        "state": "NSW",
        "price": "2000",
        "price_per_unit": "7",
        "price_unit": "EA"
      },
      {
        "state": "VIC",
        "price": "2000",
        "price_per_unit": "7",
        "price_unit": "EA"
      },
      {
        "state": "QLD",
        "price": "2000",
        "price_per_unit": "7",
        "price_unit": "EA"
      },
      {
        "state": "WA",
        "price": "2000",
        "price_per_unit": "7",
        "price_unit": "EA"
      },
      {
        "state": "SA",
        "price": "2000",
        "price_per_unit": "7",
        "price_unit": "EA"
      },
      {
        "state": "TAS",
        "price": "2000",
        "price_per_unit": "7",
        "price_unit": "EA"
      },
      {
        "state": "ACT",
        "price": "2000",
        "price_per_unit": "7",
        "price_unit": "EA"
      },
      {
        "state": "NT",
        "price": "2000",
        "price_per_unit": "7",
        "price_unit": "EA"
      }
    ]
  },
  {
    "source_url": "https://www.woolworths.com.au/shop/productdetails/309745/dettol-protect-24-hour-multipurpose-cleaning-spray-ocean-fresh",
    "name": "Dettol Protect 24 Hour Multipurpose Cleaning Spray Ocean Fresh 500ml",
    "image_url": "https://cdn1.woolworths.media/content/wowproductimages/large/309745.jpg",
    "source_id": "Woolworths - 309745",
    "barcode": "9300631414070",
    "category_id": "1_2432B58",
    "shop": "Woolworths",
    "weight": "100ML",
    "prices": [
      {
        "state": "NSW",
        "price": "400",
        "price_per_unit": "80",
        "price_unit": "ML"
      },
      {
        "state": "VIC",
        "price": "400",
        "price_per_unit": "80",
        "price_unit": "ML"
      },
      {
        "state": "QLD",
        "price": "400",
        "price_per_unit": "80",
        "price_unit": "ML"
      },
      {
        "state": "WA",
        "price": "400",
        "price_per_unit": "80",
        "price_unit": "ML"
      },
      {
        "state": "SA",
        "price": "400",
        "price_per_unit": "80",
        "price_unit": "ML"
      },
      {
        "state": "TAS",
        "price": "400",
        "price_per_unit": "80",
        "price_unit": "ML"
      },
      {
        "state": "ACT",
        "price": "400",
        "price_per_unit": "80",
        "price_unit": "ML"
      },
      {
        "state": "NT",
        "price": "420",
        "price_per_unit": "84",
        "price_unit": "ML"
      }
    ]
  },
  {
    "source_url": "https://www.woolworths.com.au/shop/productdetails/309785/dettol-protect-24-hour-multipurpose-cleaning-wipes-fresh",
    "name": "Dettol Protect 24 Hour Multipurpose Cleaning Wipes Fresh 90 Pack",
    "image_url": "https://cdn1.woolworths.media/content/wowproductimages/large/309785.jpg",
    "source_id": "Woolworths - 309785",
    "barcode": "9300631414063",
    "category_id": "1_2432B58",
    "shop": "Woolworths",
    "weight": "1EA",
    "prices": [
      {
        "state": "NSW",
        "price": "650",
        "price_per_unit": "7",
        "price_unit": "EA"
      },
      {
        "state": "VIC",
        "price": "650",
        "price_per_unit": "7",
        "price_unit": "EA"
      },
      {
        "state": "QLD",
        "price": "650",
        "price_per_unit": "7",
        "price_unit": "EA"
      },
      {
        "state": "WA",
        "price": "650",
        "price_per_unit": "7",
        "price_unit": "EA"
      },
      {
        "state": "SA",
        "price": "650",
        "price_per_unit": "7",
        "price_unit": "EA"
      },
      {
        "state": "TAS",
        "price": "650",
        "price_per_unit": "7",
        "price_unit": "EA"
      },
      {
        "state": "ACT",
        "price": "650",
        "price_per_unit": "7",
        "price_unit": "EA"
      },
      {
        "state": "NT",
        "price": "685",
        "price_per_unit": "8",
        "price_unit": "EA"
      }
    ]
  },
  {
    "source_url": "https://www.woolworths.com.au/shop/productdetails/219677/dettol-tru-clean-antibacterial-multipurpose-wipes-citrus",
    "name": "Dettol Tru Clean Antibacterial Multipurpose Wipes Citrus 90 Pack",
    "image_url": "https://cdn1.woolworths.media/content/wowproductimages/large/219677.jpg",
    "source_id": "Woolworths - 219677",
    "barcode": "9300631059110",
    "category_id": "1_2432B58",
    "shop": "Woolworths",
    "weight": "1EA",
    "prices": [
      {
        "state": "NSW",
        "price": "1100",
        "price_per_unit": "12",
        "price_unit": "EA"
      },
      {
        "state": "VIC",
        "price": "1100",
        "price_per_unit": "12",
        "price_unit": "EA"
      },
      {
        "state": "QLD",
        "price": "1100",
        "price_per_unit": "12",
        "price_unit": "EA"
      },
      {
        "state": "WA",
        "price": "1100",
        "price_per_unit": "12",
        "price_unit": "EA"
      },
      {
        "state": "SA",
        "price": "1100",
        "price_per_unit": "12",
        "price_unit": "EA"
      },
      {
        "state": "TAS",
        "price": "1100",
        "price_per_unit": "12",
        "price_unit": "EA"
      },
      {
        "state": "ACT",
        "price": "1100",
        "price_per_unit": "12",
        "price_unit": "EA"
      },
      {
        "state": "NT",
        "price": "1100",
        "price_per_unit": "12",
        "price_unit": "EA"
      }
    ]
  },
  {
    "source_url": "https://www.woolworths.com.au/shop/productdetails/219852/dettol-tru-clean-citrus-antibacterial-multipurpose-surface-spray",
    "name": "Dettol Tru Clean Citrus Antibacterial Multipurpose Surface Spray 500ml",
    "image_url": "https://cdn1.woolworths.media/content/wowproductimages/large/219852.jpg",
    "source_id": "Woolworths - 219852",
    "barcode": "9300631057635",
    "category_id": "1_2432B58",
    "shop": "Woolworths",
    "weight": "100ML",
    "prices": [
      {
        "state": "NSW",
        "price": "600",
        "price_per_unit": "120",
        "price_unit": "ML"
      },
      {
        "state": "VIC",
        "price": "600",
        "price_per_unit": "120",
        "price_unit": "ML"
      },
      {
        "state": "QLD",
        "price": "600",
        "price_per_unit": "120",
        "price_unit": "ML"
      },
      {
        "state": "WA",
        "price": "600",
        "price_per_unit": "120",
        "price_unit": "ML"
      },
      {
        "state": "SA",
        "price": "600",
        "price_per_unit": "120",
        "price_unit": "ML"
      },
      {
        "state": "TAS",
        "price": "600",
        "price_per_unit": "120",
        "price_unit": "ML"
      },
      {
        "state": "ACT",
        "price": "600",
        "price_per_unit": "120",
        "price_unit": "ML"
      },
      {
        "state": "NT",
        "price": "600",
        "price_per_unit": "120",
        "price_unit": "ML"
      }
    ]
  },
  {
    "source_url": "https://www.woolworths.com.au/shop/productdetails/10770/diggers-methylated-spirits",
    "name": "Diggers Methylated Spirits 1l",
    "image_url": "https://cdn1.woolworths.media/content/wowproductimages/large/010770.jpg",
    "source_id": "Woolworths - 10770",
    "barcode": "9311052010017",
    "category_id": "1_2432B58",
    "shop": "Woolworths",
    "weight": "100ML",
    "prices": [
      {
        "state": "NSW",
        "price": "630",
        "price_per_unit": "63",
        "price_unit": "ML"
      },
      {
        "state": "VIC",
        "price": "630",
        "price_per_unit": "63",
        "price_unit": "ML"
      },
      {
        "state": "QLD",
        "price": "630",
        "price_per_unit": "63",
        "price_unit": "ML"
      },
      {
        "state": "WA",
        "price": "630",
        "price_per_unit": "63",
        "price_unit": "ML"
      },
      {
        "state": "SA",
        "price": "630",
        "price_per_unit": "63",
        "price_unit": "ML"
      },
      {
        "state": "TAS",
        "price": "630",
        "price_per_unit": "63",
        "price_unit": "ML"
      },
      {
        "state": "ACT",
        "price": "630",
        "price_per_unit": "63",
        "price_unit": "ML"
      }
    ]
  },
  {
    "source_url": "https://www.woolworths.com.au/shop/productdetails/152347/earth-choice-antibacterial-all-purpose-surface-spray",
    "name": "Earth Choice Antibacterial All Purpose Surface Spray 600ml",
    "image_url": "https://cdn1.woolworths.media/content/wowproductimages/large/152347.jpg",
    "source_id": "Woolworths - 152347",
    "barcode": "9310692130666",
    "category_id": "1_2432B58",
    "shop": "Woolworths",
    "weight": "100ML",
    "prices": [
      {
        "state": "NSW",
        "price": "400",
        "price_per_unit": "67",
        "price_unit": "ML"
      },
      {
        "state": "VIC",
        "price": "400",
        "price_per_unit": "67",
        "price_unit": "ML"
      },
      {
        "state": "QLD",
        "price": "400",
        "price_per_unit": "67",
        "price_unit": "ML"
      },
      {
        "state": "WA",
        "price": "400",
        "price_per_unit": "67",
        "price_unit": "ML"
      },
      {
        "state": "SA",
        "price": "400",
        "price_per_unit": "67",
        "price_unit": "ML"
      },
      {
        "state": "TAS",
        "price": "400",
        "price_per_unit": "67",
        "price_unit": "ML"
      },
      {
        "state": "ACT",
        "price": "400",
        "price_per_unit": "67",
        "price_unit": "ML"
      },
      {
        "state": "NT",
        "price": "400",
        "price_per_unit": "67",
        "price_unit": "ML"
      }
    ]
  },
  {
    "source_url": "https://www.woolworths.com.au/shop/productdetails/909227/elbow-grease-baking-soda",
    "name": "Elbow Grease Baking Soda 350g",
    "image_url": "https://cdn1.woolworths.media/content/wowproductimages/large/909227.jpg",
    "source_id": "Woolworths - 909227",
    "barcode": "5053249274102",
    "category_id": "1_2432B58",
    "shop": "Woolworths",
    "weight": "100G",
    "prices": [
      {
        "state": "NSW",
        "price": "350",
        "price_per_unit": "100",
        "price_unit": "G"
      },
      {
        "state": "VIC",
        "price": "350",
        "price_per_unit": "100",
        "price_unit": "G"
      },
      {
        "state": "QLD",
        "price": "350",
        "price_per_unit": "100",
        "price_unit": "G"
      },
      {
        "state": "WA",
        "price": "350",
        "price_per_unit": "100",
        "price_unit": "G"
      },
      {
        "state": "SA",
        "price": "350",
        "price_per_unit": "100",
        "price_unit": "G"
      },
      {
        "state": "TAS",
        "price": "350",
        "price_per_unit": "100",
        "price_unit": "G"
      },
      {
        "state": "ACT",
        "price": "350",
        "price_per_unit": "100",
        "price_unit": "G"
      },
      {
        "state": "NT",
        "price": "370",
        "price_per_unit": "106",
        "price_unit": "G"
      }
    ]
  },
  {
    "source_url": "https://www.woolworths.com.au/shop/productdetails/909242/elbow-grease-cleaning-paste",
    "name": "Elbow Grease Cleaning Paste 850g",
    "image_url": "https://cdn1.woolworths.media/content/wowproductimages/large/909242.jpg",
    "source_id": "Woolworths - 909242",
    "barcode": "5053249274614",
    "category_id": "1_2432B58",
    "shop": "Woolworths",
    "weight": "100G",
    "prices": [
      {
        "state": "NSW",
        "price": "750",
        "price_per_unit": "88",
        "price_unit": "G"
      },
      {
        "state": "VIC",
        "price": "750",
        "price_per_unit": "88",
        "price_unit": "G"
      },
      {
        "state": "QLD",
        "price": "750",
        "price_per_unit": "88",
        "price_unit": "G"
      },
      {
        "state": "WA",
        "price": "750",
        "price_per_unit": "88",
        "price_unit": "G"
      },
      {
        "state": "SA",
        "price": "750",
        "price_per_unit": "88",
        "price_unit": "G"
      },
      {
        "state": "TAS",
        "price": "750",
        "price_per_unit": "88",
        "price_unit": "G"
      },
      {
        "state": "ACT",
        "price": "750",
        "price_per_unit": "88",
        "price_unit": "G"
      },
      {
        "state": "NT",
        "price": "790",
        "price_per_unit": "93",
        "price_unit": "G"
      }
    ]
  },
  {
    "source_url": "https://www.woolworths.com.au/shop/productdetails/908850/elbow-grease-concentrated-vinegar-lemon-fresh",
    "name": "Elbow Grease Concentrated Vinegar Lemon Fresh 1l",
    "image_url": "https://cdn1.woolworths.media/content/wowproductimages/large/908850.jpg",
    "source_id": "Woolworths - 908850",
    "barcode": "5053249274799",
    "category_id": "1_2432B58",
    "shop": "Woolworths",
    "weight": "100ML",
    "prices": [
      {
        "state": "NSW",
        "price": "400",
        "price_per_unit": "40",
        "price_unit": "ML"
      },
      {
        "state": "VIC",
        "price": "400",
        "price_per_unit": "40",
        "price_unit": "ML"
      },
      {
        "state": "QLD",
        "price": "400",
        "price_per_unit": "40",
        "price_unit": "ML"
      },
      {
        "state": "WA",
        "price": "400",
        "price_per_unit": "40",
        "price_unit": "ML"
      },
      {
        "state": "SA",
        "price": "400",
        "price_per_unit": "40",
        "price_unit": "ML"
      },
      {
        "state": "TAS",
        "price": "400",
        "price_per_unit": "40",
        "price_unit": "ML"
      },
      {
        "state": "ACT",
        "price": "400",
        "price_per_unit": "40",
        "price_unit": "ML"
      },
      {
        "state": "NT",
        "price": "420",
        "price_per_unit": "42",
        "price_unit": "ML"
      }
    ]
  },
  {
    "source_url": "https://www.woolworths.com.au/shop/productdetails/908819/elbow-grease-cream-cleaner-with-micro-crystals-lemon-fresh",
    "name": "Elbow Grease Cream Cleaner With Micro Crystals Lemon Fresh 700g",
    "image_url": "https://cdn1.woolworths.media/content/wowproductimages/large/908819.jpg",
    "source_id": "Woolworths - 908819",
    "barcode": "5053249274584",
    "category_id": "1_2432B58",
    "shop": "Woolworths",
    "weight": "100G",
    "prices": [
      {
        "state": "NSW",
        "price": "520",
        "price_per_unit": "74",
        "price_unit": "G"
      },
      {
        "state": "VIC",
        "price": "520",
        "price_per_unit": "74",
        "price_unit": "G"
      },
      {
        "state": "QLD",
        "price": "520",
        "price_per_unit": "74",
        "price_unit": "G"
      },
      {
        "state": "WA",
        "price": "520",
        "price_per_unit": "74",
        "price_unit": "G"
      },
      {
        "state": "SA",
        "price": "520",
        "price_per_unit": "74",
        "price_unit": "G"
      },
      {
        "state": "TAS",
        "price": "520",
        "price_per_unit": "74",
        "price_unit": "G"
      },
      {
        "state": "ACT",
        "price": "520",
        "price_per_unit": "74",
        "price_unit": "G"
      },
      {
        "state": "NT",
        "price": "545",
        "price_per_unit": "78",
        "price_unit": "G"
      }
    ]
  },
  {
    "source_url": "https://www.woolworths.com.au/shop/productdetails/909107/elbow-grease-multipurpose-cleaner",
    "name": "Elbow Grease Multipurpose Cleaner 500ml",
    "image_url": "https://cdn1.woolworths.media/content/wowproductimages/large/909107.jpg",
    "source_id": "Woolworths - 909107",
    "barcode": "5053249274423",
    "category_id": "1_2432B58",
    "shop": "Woolworths",
    "weight": "100ML",
    "prices": [
      {
        "state": "NSW",
        "price": "300",
        "price_per_unit": "60",
        "price_unit": "ML"
      },
      {
        "state": "VIC",
        "price": "300",
        "price_per_unit": "60",
        "price_unit": "ML"
      },
      {
        "state": "QLD",
        "price": "300",
        "price_per_unit": "60",
        "price_unit": "ML"
      },
      {
        "state": "WA",
        "price": "300",
        "price_per_unit": "60",
        "price_unit": "ML"
      },
      {
        "state": "SA",
        "price": "300",
        "price_per_unit": "60",
        "price_unit": "ML"
      },
      {
        "state": "TAS",
        "price": "300",
        "price_per_unit": "60",
        "price_unit": "ML"
      },
      {
        "state": "ACT",
        "price": "300",
        "price_per_unit": "60",
        "price_unit": "ML"
      },
      {
        "state": "NT",
        "price": "300",
        "price_per_unit": "60",
        "price_unit": "ML"
      }
    ]
  },
  {
    "source_url": "https://www.woolworths.com.au/shop/productdetails/908559/elbow-grease-multipurpose-degreaser",
    "name": "Elbow Grease Multipurpose Degreaser 500ml",
    "image_url": "https://cdn1.woolworths.media/content/wowproductimages/large/908559.jpg",
    "source_id": "Woolworths - 908559",
    "barcode": "5053249274447",
    "category_id": "1_2432B58",
    "shop": "Woolworths",
    "weight": "100ML",
    "prices": [
      {
        "state": "NSW",
        "price": "500",
        "price_per_unit": "100",
        "price_unit": "ML"
      },
      {
        "state": "VIC",
        "price": "500",
        "price_per_unit": "100",
        "price_unit": "ML"
      },
      {
        "state": "QLD",
        "price": "500",
        "price_per_unit": "100",
        "price_unit": "ML"
      },
      {
        "state": "WA",
        "price": "500",
        "price_per_unit": "100",
        "price_unit": "ML"
      },
      {
        "state": "SA",
        "price": "500",
        "price_per_unit": "100",
        "price_unit": "ML"
      },
      {
        "state": "TAS",
        "price": "500",
        "price_per_unit": "100",
        "price_unit": "ML"
      },
      {
        "state": "ACT",
        "price": "500",
        "price_per_unit": "100",
        "price_unit": "ML"
      },
      {
        "state": "NT",
        "price": "525",
        "price_per_unit": "105",
        "price_unit": "ML"
      }
    ]
  },
  {
    "source_url": "https://www.woolworths.com.au/shop/productdetails/908529/elbow-grease-multipurpose-wipes-lemon-fresh",
    "name": "Elbow Grease Multipurpose Wipes Lemon Fresh 100 pack",
    "image_url": "https://cdn1.woolworths.media/content/wowproductimages/large/908529.jpg",
    "source_id": "Woolworths - 908529",
    "barcode": "5053249274713",
    "category_id": "1_2432B58",
    "shop": "Woolworths",
    "weight": "1EA",
    "prices": [
      {
        "state": "NSW",
        "price": "500",
        "price_per_unit": "5",
        "price_unit": "EA"
      },
      {
        "state": "VIC",
        "price": "500",
        "price_per_unit": "5",
        "price_unit": "EA"
      },
      {
        "state": "QLD",
        "price": "500",
        "price_per_unit": "5",
        "price_unit": "EA"
      },
      {
        "state": "WA",
        "price": "500",
        "price_per_unit": "5",
        "price_unit": "EA"
      },
      {
        "state": "SA",
        "price": "500",
        "price_per_unit": "5",
        "price_unit": "EA"
      },
      {
        "state": "TAS",
        "price": "500",
        "price_per_unit": "5",
        "price_unit": "EA"
      },
      {
        "state": "ACT",
        "price": "500",
        "price_per_unit": "5",
        "price_unit": "EA"
      },
      {
        "state": "NT",
        "price": "500",
        "price_per_unit": "5",
        "price_unit": "EA"
      }
    ]
  },
  {
    "source_url": "https://www.woolworths.com.au/shop/productdetails/31783/gumption-paste-multi-purpose-cleanser",
    "name": "Gumption Paste Multi Purpose Cleanser 500g",
    "image_url": "https://cdn1.woolworths.media/content/wowproductimages/large/031783.jpg",
    "source_id": "Woolworths - 31783",
    "barcode": "9324054007503",
    "category_id": "1_2432B58",
    "shop": "Woolworths",
    "weight": "100G",
    "prices": [
      {
        "state": "NSW",
        "price": "540",
        "price_per_unit": "108",
        "price_unit": "G"
      },
      {
        "state": "VIC",
        "price": "530",
        "price_per_unit": "106",
        "price_unit": "G"
      },
      {
        "state": "QLD",
        "price": "540",
        "price_per_unit": "108",
        "price_unit": "G"
      },
      {
        "state": "WA",
        "price": "540",
        "price_per_unit": "108",
        "price_unit": "G"
      },
      {
        "state": "SA",
        "price": "540",
        "price_per_unit": "108",
        "price_unit": "G"
      },
      {
        "state": "TAS",
        "price": "530",
        "price_per_unit": "106",
        "price_unit": "G"
      },
      {
        "state": "ACT",
        "price": "540",
        "price_per_unit": "108",
        "price_unit": "G"
      },
      {
        "state": "NT",
        "price": "540",
        "price_per_unit": "108",
        "price_unit": "G"
      }
    ]
  },
  {
    "source_url": "https://www.woolworths.com.au/shop/productdetails/91553/jif-cream-cleanser-with-micro-particles-lemon",
    "name": "Jif Cream Cleanser With Micro Particles Lemon 500ml",
    "image_url": "https://cdn1.woolworths.media/content/wowproductimages/large/091553.jpg",
    "source_id": "Woolworths - 91553",
    "barcode": "8934868145325",
    "category_id": "1_2432B58",
    "shop": "Woolworths",
    "weight": "100ML",
    "prices": [
      {
        "state": "NSW",
        "price": "480",
        "price_per_unit": "96",
        "price_unit": "ML"
      },
      {
        "state": "VIC",
        "price": "480",
        "price_per_unit": "96",
        "price_unit": "ML"
      },
      {
        "state": "QLD",
        "price": "480",
        "price_per_unit": "96",
        "price_unit": "ML"
      },
      {
        "state": "WA",
        "price": "480",
        "price_per_unit": "96",
        "price_unit": "ML"
      },
      {
        "state": "SA",
        "price": "480",
        "price_per_unit": "96",
        "price_unit": "ML"
      },
      {
        "state": "TAS",
        "price": "480",
        "price_per_unit": "96",
        "price_unit": "ML"
      },
      {
        "state": "ACT",
        "price": "480",
        "price_per_unit": "96",
        "price_unit": "ML"
      },
      {
        "state": "NT",
        "price": "480",
        "price_per_unit": "96",
        "price_unit": "ML"
      }
    ]
  },
  {
    "source_url": "https://www.woolworths.com.au/shop/productdetails/91554/jif-cream-cleanser-with-micro-particles-original",
    "name": "Jif Cream Cleanser With Micro Particles Original 500ml",
    "image_url": "https://cdn1.woolworths.media/content/wowproductimages/large/091554.jpg",
    "source_id": "Woolworths - 91554",
    "barcode": "8934868145332",
    "category_id": "1_2432B58",
    "shop": "Woolworths",
    "weight": "100ML",
    "prices": [
      {
        "state": "NSW",
        "price": "480",
        "price_per_unit": "96",
        "price_unit": "ML"
      },
      {
        "state": "VIC",
        "price": "480",
        "price_per_unit": "96",
        "price_unit": "ML"
      },
      {
        "state": "QLD",
        "price": "480",
        "price_per_unit": "96",
        "price_unit": "ML"
      },
      {
        "state": "WA",
        "price": "480",
        "price_per_unit": "96",
        "price_unit": "ML"
      },
      {
        "state": "SA",
        "price": "480",
        "price_per_unit": "96",
        "price_unit": "ML"
      },
      {
        "state": "TAS",
        "price": "480",
        "price_per_unit": "96",
        "price_unit": "ML"
      },
      {
        "state": "ACT",
        "price": "480",
        "price_per_unit": "96",
        "price_unit": "ML"
      },
      {
        "state": "NT",
        "price": "480",
        "price_per_unit": "96",
        "price_unit": "ML"
      }
    ]
  },
  {
    "source_url": "https://www.woolworths.com.au/shop/productdetails/219266/jif-cream-lily-flower",
    "name": "Jif Cream Lily Flower 500ml",
    "image_url": "https://cdn1.woolworths.media/content/wowproductimages/large/219266.jpg",
    "source_id": "Woolworths - 219266",
    "barcode": "8934868162131",
    "category_id": "1_2432B58",
    "shop": "Woolworths",
    "weight": "100ML",
    "prices": [
      {
        "state": "NSW",
        "price": "480",
        "price_per_unit": "96",
        "price_unit": "ML"
      },
      {
        "state": "VIC",
        "price": "480",
        "price_per_unit": "96",
        "price_unit": "ML"
      },
      {
        "state": "QLD",
        "price": "480",
        "price_per_unit": "96",
        "price_unit": "ML"
      },
      {
        "state": "WA",
        "price": "480",
        "price_per_unit": "96",
        "price_unit": "ML"
      },
      {
        "state": "SA",
        "price": "480",
        "price_per_unit": "96",
        "price_unit": "ML"
      },
      {
        "state": "TAS",
        "price": "480",
        "price_per_unit": "96",
        "price_unit": "ML"
      },
      {
        "state": "ACT",
        "price": "480",
        "price_per_unit": "96",
        "price_unit": "ML"
      },
      {
        "state": "NT",
        "price": "480",
        "price_per_unit": "96",
        "price_unit": "ML"
      }
    ]
  },
  {
    "source_url": "https://www.woolworths.com.au/shop/productdetails/907520/koh-universal-cleaner",
    "name": "Koh Universal Cleaner 2l",
    "image_url": "https://cdn1.woolworths.media/content/wowproductimages/large/907520.jpg",
    "source_id": "Woolworths - 907520",
    "barcode": "5060611010961",
    "category_id": "1_2432B58",
    "shop": "Woolworths",
    "weight": "100ML",
    "prices": [
      {
        "state": "NSW",
        "price": "1995",
        "price_per_unit": "100",
        "price_unit": "ML"
      },
      {
        "state": "VIC",
        "price": "1995",
        "price_per_unit": "100",
        "price_unit": "ML"
      },
      {
        "state": "QLD",
        "price": "1995",
        "price_per_unit": "100",
        "price_unit": "ML"
      },
      {
        "state": "WA",
        "price": "1995",
        "price_per_unit": "100",
        "price_unit": "ML"
      },
      {
        "state": "TAS",
        "price": "1995",
        "price_per_unit": "100",
        "price_unit": "ML"
      },
      {
        "state": "ACT",
        "price": "1995",
        "price_per_unit": "100",
        "price_unit": "ML"
      },
      {
        "state": "NT",
        "price": "2095",
        "price_per_unit": "105",
        "price_unit": "ML"
      }
    ]
  },
  {
    "source_url": "https://www.woolworths.com.au/shop/productdetails/44374/nifti-all-purpose-cleaner-trigger-spray",
    "name": "Nifti All Purpose Cleaner Trigger Spray 500ml",
    "image_url": "https://cdn1.woolworths.media/content/wowproductimages/large/044374.jpg",
    "source_id": "Woolworths - 44374",
    "barcode": "9300632002610",
    "category_id": "1_2432B58",
    "shop": "Woolworths",
    "weight": "100ML",
    "prices": [
      {
        "state": "NSW",
        "price": "500",
        "price_per_unit": "100",
        "price_unit": "ML"
      },
      {
        "state": "VIC",
        "price": "500",
        "price_per_unit": "100",
        "price_unit": "ML"
      },
      {
        "state": "QLD",
        "price": "500",
        "price_per_unit": "100",
        "price_unit": "ML"
      },
      {
        "state": "WA",
        "price": "500",
        "price_per_unit": "100",
        "price_unit": "ML"
      },
      {
        "state": "SA",
        "price": "500",
        "price_per_unit": "100",
        "price_unit": "ML"
      },
      {
        "state": "TAS",
        "price": "500",
        "price_per_unit": "100",
        "price_unit": "ML"
      },
      {
        "state": "ACT",
        "price": "500",
        "price_per_unit": "100",
        "price_unit": "ML"
      },
      {
        "state": "NT",
        "price": "500",
        "price_per_unit": "100",
        "price_unit": "ML"
      }
    ]
  },
  {
    "source_url": "https://www.woolworths.com.au/shop/productdetails/905038/o-cedar-miracle-orange-sticky-spot-stain-remover",
    "name": "O'Cedar Miracle Orange Sticky Spot & Stain Remover 110mL",
    "image_url": "https://cdn1.woolworths.media/content/wowproductimages/large/905038.jpg",
    "source_id": "Woolworths - 905038",
    "barcode": "9339669043143",
    "category_id": "1_2432B58",
    "shop": "Woolworths",
    "weight": "100ML",
    "prices": [
      {
        "state": "NSW",
        "price": "435",
        "price_per_unit": "395",
        "price_unit": "ML"
      },
      {
        "state": "VIC",
        "price": "435",
        "price_per_unit": "395",
        "price_unit": "ML"
      },
      {
        "state": "QLD",
        "price": "435",
        "price_per_unit": "395",
        "price_unit": "ML"
      },
      {
        "state": "WA",
        "price": "435",
        "price_per_unit": "395",
        "price_unit": "ML"
      },
      {
        "state": "SA",
        "price": "435",
        "price_per_unit": "395",
        "price_unit": "ML"
      },
      {
        "state": "TAS",
        "price": "435",
        "price_per_unit": "395",
        "price_unit": "ML"
      },
      {
        "state": "ACT",
        "price": "435",
        "price_per_unit": "395",
        "price_unit": "ML"
      },
      {
        "state": "NT",
        "price": "435",
        "price_per_unit": "395",
        "price_unit": "ML"
      }
    ]
  },
  {
    "source_url": "https://www.woolworths.com.au/shop/productdetails/154557/ozkleen-multi-purpose-power-peppermint-antibacterial-cleaner-trigger",
    "name": "OzKleen Multi-Purpose Power Peppermint Antibacterial Cleaner Trigger 500mL",
    "image_url": "https://cdn1.woolworths.media/content/wowproductimages/large/154557.jpg",
    "source_id": "Woolworths - 154557",
    "barcode": "803678003140",
    "category_id": "1_2432B58",
    "shop": "Woolworths",
    "weight": "100ML",
    "prices": [
      {
        "state": "NSW",
        "price": "600",
        "price_per_unit": "120",
        "price_unit": "ML"
      },
      {
        "state": "VIC",
        "price": "600",
        "price_per_unit": "120",
        "price_unit": "ML"
      },
      {
        "state": "QLD",
        "price": "600",
        "price_per_unit": "120",
        "price_unit": "ML"
      },
      {
        "state": "WA",
        "price": "600",
        "price_per_unit": "120",
        "price_unit": "ML"
      },
      {
        "state": "SA",
        "price": "600",
        "price_per_unit": "120",
        "price_unit": "ML"
      },
      {
        "state": "TAS",
        "price": "600",
        "price_per_unit": "120",
        "price_unit": "ML"
      },
      {
        "state": "ACT",
        "price": "600",
        "price_per_unit": "120",
        "price_unit": "ML"
      },
      {
        "state": "NT",
        "price": "600",
        "price_per_unit": "120",
        "price_unit": "ML"
      }
    ]
  },
  {
    "source_url": "https://www.woolworths.com.au/shop/productdetails/307933/pine-o-cleen-24h-protection-lemon-lime-disinfectant-cleaning-wipes",
    "name": "Pine O Cleen 24h Protection Lemon Lime Disinfectant Cleaning Wipes 126 Pack",
    "image_url": "https://cdn1.woolworths.media/content/wowproductimages/large/307933.jpg",
    "source_id": "Woolworths - 307933",
    "barcode": "9300701431594",
    "category_id": "1_2432B58",
    "shop": "Woolworths",
    "weight": "1EA",
    "prices": [
      {
        "state": "NSW",
        "price": "1500",
        "price_per_unit": "12",
        "price_unit": "EA"
      },
      {
        "state": "VIC",
        "price": "1500",
        "price_per_unit": "12",
        "price_unit": "EA"
      },
      {
        "state": "QLD",
        "price": "1500",
        "price_per_unit": "12",
        "price_unit": "EA"
      },
      {
        "state": "WA",
        "price": "1500",
        "price_per_unit": "12",
        "price_unit": "EA"
      },
      {
        "state": "SA",
        "price": "1500",
        "price_per_unit": "12",
        "price_unit": "EA"
      },
      {
        "state": "TAS",
        "price": "1500",
        "price_per_unit": "12",
        "price_unit": "EA"
      },
      {
        "state": "ACT",
        "price": "1500",
        "price_per_unit": "12",
        "price_unit": "EA"
      },
      {
        "state": "NT",
        "price": "1575",
        "price_per_unit": "13",
        "price_unit": "EA"
      }
    ]
  },
  {
    "source_url": "https://www.woolworths.com.au/shop/productdetails/307677/pine-o-cleen-24h-protection-mango-hibiscus-disinfectant-cleaning-spray",
    "name": "Pine O Cleen 24h Protection Mango Hibiscus Disinfectant Cleaning Spray 500ml",
    "image_url": "https://cdn1.woolworths.media/content/wowproductimages/large/307677.jpg",
    "source_id": "Woolworths - 307677",
    "barcode": "9300701474720",
    "category_id": "1_2432B58",
    "shop": "Woolworths",
    "weight": "100ML",
    "prices": [
      {
        "state": "NSW",
        "price": "480",
        "price_per_unit": "96",
        "price_unit": "ML"
      },
      {
        "state": "VIC",
        "price": "480",
        "price_per_unit": "96",
        "price_unit": "ML"
      },
      {
        "state": "QLD",
        "price": "480",
        "price_per_unit": "96",
        "price_unit": "ML"
      },
      {
        "state": "WA",
        "price": "480",
        "price_per_unit": "96",
        "price_unit": "ML"
      },
      {
        "state": "SA",
        "price": "480",
        "price_per_unit": "96",
        "price_unit": "ML"
      },
      {
        "state": "TAS",
        "price": "480",
        "price_per_unit": "96",
        "price_unit": "ML"
      },
      {
        "state": "ACT",
        "price": "480",
        "price_per_unit": "96",
        "price_unit": "ML"
      },
      {
        "state": "NT",
        "price": "480",
        "price_per_unit": "96",
        "price_unit": "ML"
      }
    ]
  },
  {
    "source_url": "https://www.woolworths.com.au/shop/productdetails/308701/pine-o-cleen-24h-protection-mango-hibiscus-disinfectant-cleaning-wipes",
    "name": "Pine O Cleen 24h Protection Mango Hibiscus Disinfectant Cleaning Wipes 126 Pack",
    "image_url": "https://cdn1.woolworths.media/content/wowproductimages/large/308701.jpg",
    "source_id": "Woolworths - 308701",
    "barcode": "9300701431587",
    "category_id": "1_2432B58",
    "shop": "Woolworths",
    "weight": "1EA",
    "prices": [
      {
        "state": "NSW",
        "price": "1500",
        "price_per_unit": "12",
        "price_unit": "EA"
      },
      {
        "state": "VIC",
        "price": "1500",
        "price_per_unit": "12",
        "price_unit": "EA"
      },
      {
        "state": "QLD",
        "price": "1500",
        "price_per_unit": "12",
        "price_unit": "EA"
      },
      {
        "state": "WA",
        "price": "1500",
        "price_per_unit": "12",
        "price_unit": "EA"
      },
      {
        "state": "TAS",
        "price": "1500",
        "price_per_unit": "12",
        "price_unit": "EA"
      },
      {
        "state": "ACT",
        "price": "1500",
        "price_per_unit": "12",
        "price_unit": "EA"
      },
      {
        "state": "NT",
        "price": "1575",
        "price_per_unit": "13",
        "price_unit": "EA"
      }
    ]
  },
  {
    "source_url": "https://www.woolworths.com.au/shop/productdetails/221411/pine-o-cleen-coconut-sea-salt-cleaning-disinfectant-cleaning-spray",
    "name": "Pine O Cleen Coconut & Sea Salt Cleaning Disinfectant Cleaning Spray 750ml",
    "image_url": "https://cdn1.woolworths.media/content/wowproductimages/large/221411.jpg",
    "source_id": "Woolworths - 221411",
    "barcode": "9300701128272",
    "category_id": "1_2432B58",
    "shop": "Woolworths",
    "weight": "100ML",
    "prices": [
      {
        "state": "NSW",
        "price": "700",
        "price_per_unit": "93",
        "price_unit": "ML"
      },
      {
        "state": "VIC",
        "price": "700",
        "price_per_unit": "93",
        "price_unit": "ML"
      },
      {
        "state": "QLD",
        "price": "700",
        "price_per_unit": "93",
        "price_unit": "ML"
      },
      {
        "state": "WA",
        "price": "700",
        "price_per_unit": "93",
        "price_unit": "ML"
      },
      {
        "state": "SA",
        "price": "700",
        "price_per_unit": "93",
        "price_unit": "ML"
      },
      {
        "state": "TAS",
        "price": "700",
        "price_per_unit": "93",
        "price_unit": "ML"
      },
      {
        "state": "ACT",
        "price": "700",
        "price_per_unit": "93",
        "price_unit": "ML"
      },
      {
        "state": "NT",
        "price": "730",
        "price_per_unit": "97",
        "price_unit": "ML"
      }
    ]
  },
  {
    "source_url": "https://www.woolworths.com.au/shop/productdetails/306381/pine-o-cleen-coconut-sea-salt-disinfectant-cleaning-wipes",
    "name": "Pine O Cleen Coconut & Sea Salt Disinfectant Cleaning Wipes 110 Pack",
    "image_url": "https://cdn1.woolworths.media/content/wowproductimages/large/306381.jpg",
    "source_id": "Woolworths - 306381",
    "barcode": "9300701457952",
    "category_id": "1_2432B58",
    "shop": "Woolworths",
    "weight": "1EA",
    "prices": [
      {
        "state": "NSW",
        "price": "840",
        "price_per_unit": "8",
        "price_unit": "EA"
      },
      {
        "state": "VIC",
        "price": "840",
        "price_per_unit": "8",
        "price_unit": "EA"
      },
      {
        "state": "QLD",
        "price": "840",
        "price_per_unit": "8",
        "price_unit": "EA"
      },
      {
        "state": "WA",
        "price": "840",
        "price_per_unit": "8",
        "price_unit": "EA"
      },
      {
        "state": "SA",
        "price": "840",
        "price_per_unit": "8",
        "price_unit": "EA"
      },
      {
        "state": "TAS",
        "price": "840",
        "price_per_unit": "8",
        "price_unit": "EA"
      },
      {
        "state": "NT",
        "price": "840",
        "price_per_unit": "8",
        "price_unit": "EA"
      }
    ]
  },
  {
    "source_url": "https://www.woolworths.com.au/shop/productdetails/790915/pine-o-cleen-crisp-apple-disinfectant-cleaning-spray",
    "name": "Pine O Cleen Crisp Apple Disinfectant Cleaning Spray 750ml",
    "image_url": "https://cdn1.woolworths.media/content/wowproductimages/large/790915.jpg",
    "source_id": "Woolworths - 790915",
    "barcode": "9300701488772",
    "category_id": "1_2432B58",
    "shop": "Woolworths",
    "weight": "100ML",
    "prices": [
      {
        "state": "NSW",
        "price": "700",
        "price_per_unit": "93",
        "price_unit": "ML"
      },
      {
        "state": "VIC",
        "price": "700",
        "price_per_unit": "93",
        "price_unit": "ML"
      },
      {
        "state": "QLD",
        "price": "700",
        "price_per_unit": "93",
        "price_unit": "ML"
      },
      {
        "state": "WA",
        "price": "700",
        "price_per_unit": "93",
        "price_unit": "ML"
      },
      {
        "state": "SA",
        "price": "700",
        "price_per_unit": "93",
        "price_unit": "ML"
      },
      {
        "state": "TAS",
        "price": "700",
        "price_per_unit": "93",
        "price_unit": "ML"
      },
      {
        "state": "ACT",
        "price": "700",
        "price_per_unit": "93",
        "price_unit": "ML"
      },
      {
        "state": "NT",
        "price": "735",
        "price_per_unit": "98",
        "price_unit": "ML"
      }
    ]
  },
  {
    "source_url": "https://www.woolworths.com.au/shop/productdetails/365732/pine-o-cleen-disinfectant-biodegradable-wipes-tropical-blossom",
    "name": "Pine O Cleen Disinfectant Biodegradable Wipes Tropical Blossom 220 Pack",
    "image_url": "https://cdn1.woolworths.media/content/wowproductimages/large/365732.jpg",
    "source_id": "Woolworths - 365732",
    "barcode": "9300701510350",
    "category_id": "1_2432B58",
    "shop": "Woolworths",
    "weight": "1EA",
    "prices": [
      {
        "state": "NSW",
        "price": "1800",
        "price_per_unit": "1800",
        "price_unit": "EA"
      },
      {
        "state": "QLD",
        "price": "1800",
        "price_per_unit": "1800",
        "price_unit": "EA"
      },
      {
        "state": "WA",
        "price": "1800",
        "price_per_unit": "1800",
        "price_unit": "EA"
      },
      {
        "state": "SA",
        "price": "1800",
        "price_per_unit": "1800",
        "price_unit": "EA"
      },
      {
        "state": "TAS",
        "price": "1800",
        "price_per_unit": "1800",
        "price_unit": "EA"
      },
      {
        "state": "ACT",
        "price": "1800",
        "price_per_unit": "1800",
        "price_unit": "EA"
      },
      {
        "state": "NT",
        "price": "1800",
        "price_per_unit": "1800",
        "price_unit": "EA"
      }
    ]
  },
  {
    "source_url": "https://www.woolworths.com.au/shop/productdetails/905092/pine-o-cleen-disinfectant-wipes",
    "name": "Pine O Cleen Disinfectant Wipes 150 Pack",
    "image_url": "https://cdn1.woolworths.media/content/wowproductimages/large/905092.jpg",
    "source_id": "Woolworths - 905092",
    "barcode": "9300701798918",
    "category_id": "1_2432B58",
    "shop": "Woolworths",
    "weight": "1EA",
    "prices": [
      {
        "state": "NSW",
        "price": "800",
        "price_per_unit": "5",
        "price_unit": "EA"
      },
      {
        "state": "VIC",
        "price": "800",
        "price_per_unit": "5",
        "price_unit": "EA"
      },
      {
        "state": "QLD",
        "price": "800",
        "price_per_unit": "5",
        "price_unit": "EA"
      },
      {
        "state": "WA",
        "price": "800",
        "price_per_unit": "5",
        "price_unit": "EA"
      },
      {
        "state": "SA",
        "price": "800",
        "price_per_unit": "5",
        "price_unit": "EA"
      },
      {
        "state": "TAS",
        "price": "800",
        "price_per_unit": "5",
        "price_unit": "EA"
      },
      {
        "state": "ACT",
        "price": "800",
        "price_per_unit": "5",
        "price_unit": "EA"
      },
      {
        "state": "NT",
        "price": "800",
        "price_per_unit": "5",
        "price_unit": "EA"
      }
    ]
  },
  {
    "source_url": "https://www.woolworths.com.au/shop/productdetails/345742/pine-o-cleen-disinfectant-wipes-eucalyptus",
    "name": "Pine O Cleen Disinfectant Wipes Eucalyptus 110 Pack",
    "image_url": "https://cdn1.woolworths.media/content/wowproductimages/large/345742.jpg",
    "source_id": "Woolworths - 345742",
    "barcode": "9300701457976",
    "category_id": "1_2432B58",
    "shop": "Woolworths",
    "weight": "1EA",
    "prices": [
      {
        "state": "NSW",
        "price": "840",
        "price_per_unit": "8",
        "price_unit": "EA"
      },
      {
        "state": "VIC",
        "price": "840",
        "price_per_unit": "8",
        "price_unit": "EA"
      },
      {
        "state": "QLD",
        "price": "840",
        "price_per_unit": "8",
        "price_unit": "EA"
      },
      {
        "state": "WA",
        "price": "840",
        "price_per_unit": "8",
        "price_unit": "EA"
      },
      {
        "state": "SA",
        "price": "840",
        "price_per_unit": "8",
        "price_unit": "EA"
      },
      {
        "state": "TAS",
        "price": "840",
        "price_per_unit": "8",
        "price_unit": "EA"
      },
      {
        "state": "ACT",
        "price": "840",
        "price_per_unit": "8",
        "price_unit": "EA"
      },
      {
        "state": "NT",
        "price": "840",
        "price_per_unit": "8",
        "price_unit": "EA"
      }
    ]
  },
  {
    "source_url": "https://www.woolworths.com.au/shop/productdetails/340970/pine-o-cleen-disinfectant-wipes-mango",
    "name": "Pine O Cleen Disinfectant Wipes Mango 110 Pack",
    "image_url": "https://cdn1.woolworths.media/content/wowproductimages/large/340970.jpg",
    "source_id": "Woolworths - 340970",
    "barcode": "9300701457969",
    "category_id": "1_2432B58",
    "shop": "Woolworths",
    "weight": "1EA",
    "prices": [
      {
        "state": "NSW",
        "price": "840",
        "price_per_unit": "8",
        "price_unit": "EA"
      },
      {
        "state": "VIC",
        "price": "840",
        "price_per_unit": "8",
        "price_unit": "EA"
      },
      {
        "state": "QLD",
        "price": "840",
        "price_per_unit": "8",
        "price_unit": "EA"
      },
      {
        "state": "WA",
        "price": "840",
        "price_per_unit": "8",
        "price_unit": "EA"
      },
      {
        "state": "SA",
        "price": "840",
        "price_per_unit": "8",
        "price_unit": "EA"
      },
      {
        "state": "TAS",
        "price": "840",
        "price_per_unit": "8",
        "price_unit": "EA"
      },
      {
        "state": "ACT",
        "price": "840",
        "price_per_unit": "8",
        "price_unit": "EA"
      },
      {
        "state": "NT",
        "price": "840",
        "price_per_unit": "8",
        "price_unit": "EA"
      }
    ]
  },
  {
    "source_url": "https://www.woolworths.com.au/shop/productdetails/790917/pine-o-cleen-eucalyptus-burst-disinfectant-cleaning-spray",
    "name": "Pine O Cleen Eucalyptus Burst Disinfectant Cleaning Spray 750ml",
    "image_url": "https://cdn1.woolworths.media/content/wowproductimages/large/790917.jpg",
    "source_id": "Woolworths - 790917",
    "barcode": "9300701488826",
    "category_id": "1_2432B58",
    "shop": "Woolworths",
    "weight": "100ML",
    "prices": [
      {
        "state": "NSW",
        "price": "700",
        "price_per_unit": "93",
        "price_unit": "ML"
      },
      {
        "state": "VIC",
        "price": "700",
        "price_per_unit": "93",
        "price_unit": "ML"
      },
      {
        "state": "QLD",
        "price": "700",
        "price_per_unit": "93",
        "price_unit": "ML"
      },
      {
        "state": "WA",
        "price": "700",
        "price_per_unit": "93",
        "price_unit": "ML"
      },
      {
        "state": "SA",
        "price": "700",
        "price_per_unit": "93",
        "price_unit": "ML"
      },
      {
        "state": "TAS",
        "price": "700",
        "price_per_unit": "93",
        "price_unit": "ML"
      },
      {
        "state": "ACT",
        "price": "700",
        "price_per_unit": "93",
        "price_unit": "ML"
      },
      {
        "state": "NT",
        "price": "735",
        "price_per_unit": "98",
        "price_unit": "ML"
      }
    ]
  },
  {
    "source_url": "https://www.woolworths.com.au/shop/productdetails/790906/pine-o-cleen-lemon-lime-burst-disinfectant-cleaning-spray",
    "name": "Pine O Cleen Lemon Lime Burst Disinfectant Cleaning Spray 750ml",
    "image_url": "https://cdn1.woolworths.media/content/wowproductimages/large/790906.jpg",
    "source_id": "Woolworths - 790906",
    "barcode": "9300701488819",
    "category_id": "1_2432B58",
    "shop": "Woolworths",
    "weight": "100ML",
    "prices": [
      {
        "state": "NSW",
        "price": "700",
        "price_per_unit": "93",
        "price_unit": "ML"
      },
      {
        "state": "VIC",
        "price": "700",
        "price_per_unit": "93",
        "price_unit": "ML"
      },
      {
        "state": "QLD",
        "price": "700",
        "price_per_unit": "93",
        "price_unit": "ML"
      },
      {
        "state": "WA",
        "price": "700",
        "price_per_unit": "93",
        "price_unit": "ML"
      },
      {
        "state": "SA",
        "price": "700",
        "price_per_unit": "93",
        "price_unit": "ML"
      },
      {
        "state": "TAS",
        "price": "700",
        "price_per_unit": "93",
        "price_unit": "ML"
      },
      {
        "state": "ACT",
        "price": "700",
        "price_per_unit": "93",
        "price_unit": "ML"
      },
      {
        "state": "NT",
        "price": "735",
        "price_per_unit": "98",
        "price_unit": "ML"
      }
    ]
  },
  {
    "source_url": "https://www.woolworths.com.au/shop/productdetails/296150/pine-o-cleen-lemon-lime-disinfectant-cleaning-wipes",
    "name": "Pine O Cleen Lemon Lime Disinfectant Cleaning Wipes 110 Pack",
    "image_url": "https://cdn1.woolworths.media/content/wowproductimages/large/296150.jpg",
    "source_id": "Woolworths - 296150",
    "barcode": "9300701457938",
    "category_id": "1_2432B58",
    "shop": "Woolworths",
    "weight": "1EA",
    "prices": [
      {
        "state": "NSW",
        "price": "840",
        "price_per_unit": "8",
        "price_unit": "EA"
      },
      {
        "state": "VIC",
        "price": "840",
        "price_per_unit": "8",
        "price_unit": "EA"
      },
      {
        "state": "QLD",
        "price": "840",
        "price_per_unit": "8",
        "price_unit": "EA"
      },
      {
        "state": "WA",
        "price": "840",
        "price_per_unit": "8",
        "price_unit": "EA"
      },
      {
        "state": "SA",
        "price": "840",
        "price_per_unit": "8",
        "price_unit": "EA"
      },
      {
        "state": "TAS",
        "price": "840",
        "price_per_unit": "8",
        "price_unit": "EA"
      },
      {
        "state": "ACT",
        "price": "840",
        "price_per_unit": "8",
        "price_unit": "EA"
      },
      {
        "state": "NT",
        "price": "840",
        "price_per_unit": "8",
        "price_unit": "EA"
      }
    ]
  },
  {
    "source_url": "https://www.woolworths.com.au/shop/productdetails/296736/pine-o-cleen-lemon-lime-disinfectant-cleaning-wipes",
    "name": "Pine O Cleen Lemon Lime Disinfectant Cleaning Wipes 2 x 110 Pack",
    "image_url": "https://cdn1.woolworths.media/content/wowproductimages/large/296736.jpg",
    "source_id": "Woolworths - 296736",
    "barcode": "9300701510398",
    "category_id": "1_2432B58",
    "shop": "Woolworths",
    "weight": "100EA",
    "prices": [
      {
        "state": "NSW",
        "price": "1800",
        "price_per_unit": "818",
        "price_unit": "EA"
      },
      {
        "state": "VIC",
        "price": "1800",
        "price_per_unit": "818",
        "price_unit": "EA"
      },
      {
        "state": "QLD",
        "price": "1800",
        "price_per_unit": "818",
        "price_unit": "EA"
      },
      {
        "state": "WA",
        "price": "1800",
        "price_per_unit": "818",
        "price_unit": "EA"
      },
      {
        "state": "SA",
        "price": "1800",
        "price_per_unit": "818",
        "price_unit": "EA"
      },
      {
        "state": "TAS",
        "price": "1800",
        "price_per_unit": "818",
        "price_unit": "EA"
      },
      {
        "state": "ACT",
        "price": "1800",
        "price_per_unit": "818",
        "price_unit": "EA"
      },
      {
        "state": "NT",
        "price": "1800",
        "price_per_unit": "818",
        "price_unit": "EA"
      }
    ]
  },
  {
    "source_url": "https://www.woolworths.com.au/shop/productdetails/309342/pine-o-cleen-lemon-lime-disinfectant-cleaning-wipes",
    "name": "Pine O Cleen Lemon Lime Disinfectant Cleaning Wipes 45 Pack",
    "image_url": "https://cdn1.woolworths.media/content/wowproductimages/large/309342.jpg",
    "source_id": "Woolworths - 309342",
    "barcode": "9300701457921",
    "category_id": "1_2432B58",
    "shop": "Woolworths",
    "weight": "1EA",
    "prices": [
      {
        "state": "NSW",
        "price": "600",
        "price_per_unit": "13",
        "price_unit": "EA"
      },
      {
        "state": "VIC",
        "price": "600",
        "price_per_unit": "13",
        "price_unit": "EA"
      },
      {
        "state": "QLD",
        "price": "600",
        "price_per_unit": "13",
        "price_unit": "EA"
      },
      {
        "state": "WA",
        "price": "600",
        "price_per_unit": "13",
        "price_unit": "EA"
      },
      {
        "state": "SA",
        "price": "600",
        "price_per_unit": "13",
        "price_unit": "EA"
      },
      {
        "state": "TAS",
        "price": "600",
        "price_per_unit": "13",
        "price_unit": "EA"
      },
      {
        "state": "ACT",
        "price": "600",
        "price_per_unit": "13",
        "price_unit": "EA"
      },
      {
        "state": "NT",
        "price": "630",
        "price_per_unit": "14",
        "price_unit": "EA"
      }
    ]
  },
  {
    "source_url": "https://www.woolworths.com.au/shop/productdetails/222271/pine-o-cleen-mandarin-ginger-lily-disinfectant-cleaning-spray",
    "name": "Pine O Cleen Mandarin & Ginger Lily Disinfectant Cleaning Spray 750ml",
    "image_url": "https://cdn1.woolworths.media/content/wowproductimages/large/222271.jpg",
    "source_id": "Woolworths - 222271",
    "barcode": "9300701128265",
    "category_id": "1_2432B58",
    "shop": "Woolworths",
    "weight": "100ML",
    "prices": [
      {
        "state": "NSW",
        "price": "700",
        "price_per_unit": "93",
        "price_unit": "ML"
      },
      {
        "state": "VIC",
        "price": "700",
        "price_per_unit": "93",
        "price_unit": "ML"
      },
      {
        "state": "QLD",
        "price": "700",
        "price_per_unit": "93",
        "price_unit": "ML"
      },
      {
        "state": "WA",
        "price": "700",
        "price_per_unit": "93",
        "price_unit": "ML"
      },
      {
        "state": "SA",
        "price": "700",
        "price_per_unit": "93",
        "price_unit": "ML"
      },
      {
        "state": "TAS",
        "price": "700",
        "price_per_unit": "93",
        "price_unit": "ML"
      },
      {
        "state": "ACT",
        "price": "700",
        "price_per_unit": "93",
        "price_unit": "ML"
      },
      {
        "state": "NT",
        "price": "730",
        "price_per_unit": "97",
        "price_unit": "ML"
      }
    ]
  },
  {
    "source_url": "https://www.woolworths.com.au/shop/productdetails/307058/pine-o-cleen-mandarin-ginger-lily-disinfectant-cleaning-wipes",
    "name": "Pine O Cleen Mandarin & Ginger Lily Disinfectant Cleaning Wipes 110 Pack",
    "image_url": "https://cdn1.woolworths.media/content/wowproductimages/large/307058.jpg",
    "source_id": "Woolworths - 307058",
    "barcode": "9300701434311",
    "category_id": "1_2432B58",
    "shop": "Woolworths",
    "weight": "1EA",
    "prices": [
      {
        "state": "NSW",
        "price": "840",
        "price_per_unit": "8",
        "price_unit": "EA"
      },
      {
        "state": "VIC",
        "price": "840",
        "price_per_unit": "8",
        "price_unit": "EA"
      },
      {
        "state": "QLD",
        "price": "840",
        "price_per_unit": "8",
        "price_unit": "EA"
      },
      {
        "state": "WA",
        "price": "840",
        "price_per_unit": "8",
        "price_unit": "EA"
      },
      {
        "state": "SA",
        "price": "840",
        "price_per_unit": "8",
        "price_unit": "EA"
      },
      {
        "state": "TAS",
        "price": "840",
        "price_per_unit": "8",
        "price_unit": "EA"
      },
      {
        "state": "ACT",
        "price": "840",
        "price_per_unit": "8",
        "price_unit": "EA"
      },
      {
        "state": "NT",
        "price": "840",
        "price_per_unit": "8",
        "price_unit": "EA"
      }
    ]
  },
  {
    "source_url": "https://www.woolworths.com.au/shop/productdetails/296151/pine-o-cleen-tropical-blossom-disinfectant-cleaning-wipes",
    "name": "Pine O Cleen Tropical Blossom Disinfectant Cleaning Wipes 110 Pack",
    "image_url": "https://cdn1.woolworths.media/content/wowproductimages/large/296151.jpg",
    "source_id": "Woolworths - 296151",
    "barcode": "9300701457945",
    "category_id": "1_2432B58",
    "shop": "Woolworths",
    "weight": "1EA",
    "prices": [
      {
        "state": "NSW",
        "price": "840",
        "price_per_unit": "8",
        "price_unit": "EA"
      },
      {
        "state": "VIC",
        "price": "840",
        "price_per_unit": "8",
        "price_unit": "EA"
      },
      {
        "state": "QLD",
        "price": "840",
        "price_per_unit": "8",
        "price_unit": "EA"
      },
      {
        "state": "WA",
        "price": "840",
        "price_per_unit": "8",
        "price_unit": "EA"
      },
      {
        "state": "SA",
        "price": "840",
        "price_per_unit": "8",
        "price_unit": "EA"
      },
      {
        "state": "TAS",
        "price": "840",
        "price_per_unit": "8",
        "price_unit": "EA"
      },
      {
        "state": "ACT",
        "price": "840",
        "price_per_unit": "8",
        "price_unit": "EA"
      },
      {
        "state": "NT",
        "price": "840",
        "price_per_unit": "8",
        "price_unit": "EA"
      }
    ]
  },
  {
    "source_url": "https://www.woolworths.com.au/shop/productdetails/906921/saba-organics-multi-purpose-wipes-lemon-burst",
    "name": "Saba Organics Multi Purpose Wipes Lemon Burst 120 Pack",
    "image_url": "https://cdn1.woolworths.media/content/wowproductimages/large/906921.jpg",
    "source_id": "Woolworths - 906921",
    "barcode": "9353548001703",
    "category_id": "1_2432B58",
    "shop": "Woolworths",
    "weight": "1EA",
    "prices": [
      {
        "state": "NSW",
        "price": "1200",
        "price_per_unit": "10",
        "price_unit": "EA"
      },
      {
        "state": "VIC",
        "price": "1200",
        "price_per_unit": "10",
        "price_unit": "EA"
      },
      {
        "state": "QLD",
        "price": "1200",
        "price_per_unit": "10",
        "price_unit": "EA"
      },
      {
        "state": "SA",
        "price": "1200",
        "price_per_unit": "10",
        "price_unit": "EA"
      },
      {
        "state": "TAS",
        "price": "1200",
        "price_per_unit": "10",
        "price_unit": "EA"
      },
      {
        "state": "ACT",
        "price": "1200",
        "price_per_unit": "10",
        "price_unit": "EA"
      },
      {
        "state": "NT",
        "price": "1200",
        "price_per_unit": "10",
        "price_unit": "EA"
      }
    ]
  },
  {
    "source_url": "https://www.woolworths.com.au/shop/productdetails/296214/saba-organics-multi-purpose-cleaning-spray-lemon-blast",
    "name": "Saba Organics Multi-Purpose Cleaning Spray Lemon Blast 500ml",
    "image_url": "https://cdn1.woolworths.media/content/wowproductimages/large/296214.jpg",
    "source_id": "Woolworths - 296214",
    "barcode": "9353548000355",
    "category_id": "1_2432B58",
    "shop": "Woolworths",
    "weight": "100ML",
    "prices": [
      {
        "state": "NSW",
        "price": "595",
        "price_per_unit": "119",
        "price_unit": "ML"
      },
      {
        "state": "VIC",
        "price": "595",
        "price_per_unit": "119",
        "price_unit": "ML"
      },
      {
        "state": "QLD",
        "price": "595",
        "price_per_unit": "119",
        "price_unit": "ML"
      },
      {
        "state": "WA",
        "price": "595",
        "price_per_unit": "119",
        "price_unit": "ML"
      },
      {
        "state": "SA",
        "price": "595",
        "price_per_unit": "119",
        "price_unit": "ML"
      },
      {
        "state": "TAS",
        "price": "595",
        "price_per_unit": "119",
        "price_unit": "ML"
      },
      {
        "state": "ACT",
        "price": "595",
        "price_per_unit": "119",
        "price_unit": "ML"
      },
      {
        "state": "NT",
        "price": "620",
        "price_per_unit": "124",
        "price_unit": "ML"
      }
    ]
  },
  {
    "source_url": "https://www.woolworths.com.au/shop/productdetails/11182/selley-s-sugar-soap-liquid",
    "name": "Selley's Sugar Soap Liquid 750mL",
    "image_url": "https://cdn1.woolworths.media/content/wowproductimages/large/011182.jpg",
    "source_id": "Woolworths - 11182",
    "barcode": "9300697106179",
    "category_id": "1_2432B58",
    "shop": "Woolworths",
    "weight": "100ML",
    "prices": [
      {
        "state": "NSW",
        "price": "460",
        "price_per_unit": "61",
        "price_unit": "ML"
      },
      {
        "state": "VIC",
        "price": "460",
        "price_per_unit": "61",
        "price_unit": "ML"
      },
      {
        "state": "QLD",
        "price": "460",
        "price_per_unit": "61",
        "price_unit": "ML"
      },
      {
        "state": "WA",
        "price": "460",
        "price_per_unit": "61",
        "price_unit": "ML"
      },
      {
        "state": "SA",
        "price": "460",
        "price_per_unit": "61",
        "price_unit": "ML"
      },
      {
        "state": "TAS",
        "price": "460",
        "price_per_unit": "61",
        "price_unit": "ML"
      },
      {
        "state": "ACT",
        "price": "460",
        "price_per_unit": "61",
        "price_unit": "ML"
      },
      {
        "state": "NT",
        "price": "480",
        "price_per_unit": "64",
        "price_unit": "ML"
      }
    ]
  },
  {
    "source_url": "https://www.woolworths.com.au/shop/productdetails/518437/strike-disinfectant-wipes-apple",
    "name": "Strike Disinfectant Wipes Apple 100 Pack",
    "image_url": "https://cdn1.woolworths.media/content/wowproductimages/large/518437.jpg",
    "source_id": "Woolworths - 518437",
    "barcode": "9300633608729",
    "category_id": "1_2432B58",
    "shop": "Woolworths",
    "weight": "1EA",
    "prices": [
      {
        "state": "NSW",
        "price": "450",
        "price_per_unit": "5",
        "price_unit": "EA"
      },
      {
        "state": "VIC",
        "price": "450",
        "price_per_unit": "5",
        "price_unit": "EA"
      },
      {
        "state": "QLD",
        "price": "450",
        "price_per_unit": "5",
        "price_unit": "EA"
      },
      {
        "state": "WA",
        "price": "450",
        "price_per_unit": "5",
        "price_unit": "EA"
      },
      {
        "state": "SA",
        "price": "450",
        "price_per_unit": "5",
        "price_unit": "EA"
      },
      {
        "state": "TAS",
        "price": "450",
        "price_per_unit": "5",
        "price_unit": "EA"
      },
      {
        "state": "ACT",
        "price": "450",
        "price_per_unit": "5",
        "price_unit": "EA"
      },
      {
        "state": "NT",
        "price": "450",
        "price_per_unit": "5",
        "price_unit": "EA"
      }
    ]
  },
  {
    "source_url": "https://www.woolworths.com.au/shop/productdetails/518438/strike-disinfectant-wipes-lemon",
    "name": "Strike Disinfectant Wipes Lemon 100 Pack",
    "image_url": "https://cdn1.woolworths.media/content/wowproductimages/large/518438.jpg",
    "source_id": "Woolworths - 518438",
    "barcode": "9300633608743",
    "category_id": "1_2432B58",
    "shop": "Woolworths",
    "weight": "100EA",
    "prices": [
      {
        "state": "NSW",
        "price": "450",
        "price_per_unit": "450",
        "price_unit": "EA"
      },
      {
        "state": "VIC",
        "price": "450",
        "price_per_unit": "450",
        "price_unit": "EA"
      },
      {
        "state": "QLD",
        "price": "450",
        "price_per_unit": "450",
        "price_unit": "EA"
      },
      {
        "state": "WA",
        "price": "450",
        "price_per_unit": "450",
        "price_unit": "EA"
      },
      {
        "state": "SA",
        "price": "450",
        "price_per_unit": "450",
        "price_unit": "EA"
      },
      {
        "state": "TAS",
        "price": "450",
        "price_per_unit": "450",
        "price_unit": "EA"
      },
      {
        "state": "ACT",
        "price": "450",
        "price_per_unit": "450",
        "price_unit": "EA"
      },
      {
        "state": "NT",
        "price": "450",
        "price_per_unit": "450",
        "price_unit": "EA"
      }
    ]
  },
  {
    "source_url": "https://www.woolworths.com.au/shop/productdetails/241952/strike-multipurpose-cleaner-refill-apple-cedarwood",
    "name": "Strike Multipurpose Cleaner Refill Apple & Cedarwood 20ml",
    "image_url": "https://cdn1.woolworths.media/content/wowproductimages/large/241952.jpg",
    "source_id": "Woolworths - 241952",
    "barcode": "9339687314690",
    "category_id": "1_2432B58",
    "shop": "Woolworths",
    "weight": "100ML",
    "prices": [
      {
        "state": "NSW",
        "price": "170",
        "price_per_unit": "850",
        "price_unit": "ML"
      },
      {
        "state": "VIC",
        "price": "170",
        "price_per_unit": "850",
        "price_unit": "ML"
      },
      {
        "state": "QLD",
        "price": "170",
        "price_per_unit": "850",
        "price_unit": "ML"
      },
      {
        "state": "WA",
        "price": "170",
        "price_per_unit": "850",
        "price_unit": "ML"
      },
      {
        "state": "SA",
        "price": "170",
        "price_per_unit": "850",
        "price_unit": "ML"
      },
      {
        "state": "TAS",
        "price": "170",
        "price_per_unit": "850",
        "price_unit": "ML"
      },
      {
        "state": "ACT",
        "price": "170",
        "price_per_unit": "850",
        "price_unit": "ML"
      },
      {
        "state": "NT",
        "price": "170",
        "price_per_unit": "850",
        "price_unit": "ML"
      }
    ]
  },
  {
    "source_url": "https://www.woolworths.com.au/shop/productdetails/183856/strike-pro-cream-cleanser-lemon",
    "name": "Strike Pro Cream Cleanser Lemon 500ml",
    "image_url": "https://cdn1.woolworths.media/content/wowproductimages/large/183856.jpg",
    "source_id": "Woolworths - 183856",
    "barcode": "9339687276721",
    "category_id": "1_2432B58",
    "shop": "Woolworths",
    "weight": "100ML",
    "prices": [
      {
        "state": "NSW",
        "price": "300",
        "price_per_unit": "60",
        "price_unit": "ML"
      },
      {
        "state": "VIC",
        "price": "300",
        "price_per_unit": "60",
        "price_unit": "ML"
      },
      {
        "state": "QLD",
        "price": "300",
        "price_per_unit": "60",
        "price_unit": "ML"
      },
      {
        "state": "WA",
        "price": "300",
        "price_per_unit": "60",
        "price_unit": "ML"
      },
      {
        "state": "SA",
        "price": "300",
        "price_per_unit": "60",
        "price_unit": "ML"
      },
      {
        "state": "TAS",
        "price": "300",
        "price_per_unit": "60",
        "price_unit": "ML"
      },
      {
        "state": "ACT",
        "price": "300",
        "price_per_unit": "60",
        "price_unit": "ML"
      },
      {
        "state": "NT",
        "price": "300",
        "price_per_unit": "60",
        "price_unit": "ML"
      }
    ]
  },
  {
    "source_url": "https://www.woolworths.com.au/shop/productdetails/182989/strike-pro-multipurpose-cleaner-spray-antibacterial",
    "name": "Strike Pro Multipurpose Cleaner Spray Antibacterial 750ml",
    "image_url": "https://cdn1.woolworths.media/content/wowproductimages/large/182989.jpg",
    "source_id": "Woolworths - 182989",
    "barcode": "9339687276660",
    "category_id": "1_2432B58",
    "shop": "Woolworths",
    "weight": "100ML",
    "prices": [
      {
        "state": "NSW",
        "price": "200",
        "price_per_unit": "27",
        "price_unit": "ML"
      },
      {
        "state": "VIC",
        "price": "200",
        "price_per_unit": "27",
        "price_unit": "ML"
      },
      {
        "state": "QLD",
        "price": "200",
        "price_per_unit": "27",
        "price_unit": "ML"
      },
      {
        "state": "WA",
        "price": "200",
        "price_per_unit": "27",
        "price_unit": "ML"
      },
      {
        "state": "SA",
        "price": "200",
        "price_per_unit": "27",
        "price_unit": "ML"
      },
      {
        "state": "TAS",
        "price": "200",
        "price_per_unit": "27",
        "price_unit": "ML"
      },
      {
        "state": "NT",
        "price": "200",
        "price_per_unit": "27",
        "price_unit": "ML"
      }
    ]
  },
  {
    "source_url": "https://www.woolworths.com.au/shop/productdetails/300904/undo-this-mess-almighty-antibacterial-multipurpose-cleaner",
    "name": "Undo This Mess Almighty Antibacterial Multipurpose Cleaner 475ml",
    "image_url": "https://cdn1.woolworths.media/content/wowproductimages/large/300904.jpg",
    "source_id": "Woolworths - 300904",
    "barcode": "9310692601647",
    "category_id": "1_2432B58",
    "shop": "Woolworths",
    "weight": "100ML",
    "prices": [
      {
        "state": "NSW",
        "price": "600",
        "price_per_unit": "126",
        "price_unit": "ML"
      },
      {
        "state": "VIC",
        "price": "600",
        "price_per_unit": "126",
        "price_unit": "ML"
      },
      {
        "state": "QLD",
        "price": "600",
        "price_per_unit": "126",
        "price_unit": "ML"
      },
      {
        "state": "WA",
        "price": "600",
        "price_per_unit": "126",
        "price_unit": "ML"
      },
      {
        "state": "SA",
        "price": "600",
        "price_per_unit": "126",
        "price_unit": "ML"
      },
      {
        "state": "TAS",
        "price": "600",
        "price_per_unit": "126",
        "price_unit": "ML"
      },
      {
        "state": "ACT",
        "price": "600",
        "price_per_unit": "126",
        "price_unit": "ML"
      },
      {
        "state": "NT",
        "price": "630",
        "price_per_unit": "133",
        "price_unit": "ML"
      }
    ]
  },
  {
    "source_url": "https://www.woolworths.com.au/shop/productdetails/296370/undo-this-mess-grease-blaster-cleaner",
    "name": "Undo This Mess Grease Blaster Cleaner 475ml",
    "image_url": "https://cdn1.woolworths.media/content/wowproductimages/large/296370.jpg",
    "source_id": "Woolworths - 296370",
    "barcode": "9310692601548",
    "category_id": "1_2432B58",
    "shop": "Woolworths",
    "weight": "100ML",
    "prices": [
      {
        "state": "NSW",
        "price": "600",
        "price_per_unit": "126",
        "price_unit": "ML"
      },
      {
        "state": "VIC",
        "price": "600",
        "price_per_unit": "126",
        "price_unit": "ML"
      },
      {
        "state": "QLD",
        "price": "600",
        "price_per_unit": "126",
        "price_unit": "ML"
      },
      {
        "state": "WA",
        "price": "600",
        "price_per_unit": "126",
        "price_unit": "ML"
      },
      {
        "state": "SA",
        "price": "600",
        "price_per_unit": "126",
        "price_unit": "ML"
      },
      {
        "state": "TAS",
        "price": "600",
        "price_per_unit": "126",
        "price_unit": "ML"
      },
      {
        "state": "ACT",
        "price": "600",
        "price_per_unit": "126",
        "price_unit": "ML"
      },
      {
        "state": "NT",
        "price": "630",
        "price_per_unit": "133",
        "price_unit": "ML"
      }
    ]
  },
  {
    "source_url": "https://www.woolworths.com.au/shop/productdetails/24472/vin-a-clean-cleaning-vinegar",
    "name": "Vin a Clean Cleaning Vinegar 2l",
    "image_url": "https://cdn1.woolworths.media/content/wowproductimages/large/024472.jpg",
    "source_id": "Woolworths - 24472",
    "barcode": "9300699000024",
    "category_id": "1_2432B58",
    "shop": "Woolworths",
    "weight": "100ML",
    "prices": [
      {
        "state": "NSW",
        "price": "300",
        "price_per_unit": "15",
        "price_unit": "ML"
      },
      {
        "state": "VIC",
        "price": "300",
        "price_per_unit": "15",
        "price_unit": "ML"
      },
      {
        "state": "QLD",
        "price": "300",
        "price_per_unit": "15",
        "price_unit": "ML"
      },
      {
        "state": "WA",
        "price": "300",
        "price_per_unit": "15",
        "price_unit": "ML"
      },
      {
        "state": "SA",
        "price": "300",
        "price_per_unit": "15",
        "price_unit": "ML"
      },
      {
        "state": "TAS",
        "price": "300",
        "price_per_unit": "15",
        "price_unit": "ML"
      },
      {
        "state": "ACT",
        "price": "300",
        "price_per_unit": "15",
        "price_unit": "ML"
      },
      {
        "state": "NT",
        "price": "300",
        "price_per_unit": "15",
        "price_unit": "ML"
      }
    ]
  },
  {
    "source_url": "https://www.woolworths.com.au/shop/productdetails/219896/white-king-bleach-spray-lemon",
    "name": "White King Bleach Spray Lemon 500ml",
    "image_url": "https://cdn1.woolworths.media/content/wowproductimages/large/219896.jpg",
    "source_id": "Woolworths - 219896",
    "barcode": "9333441000768",
    "category_id": "1_2432B58",
    "shop": "Woolworths",
    "weight": "100ML",
    "prices": [
      {
        "state": "NSW",
        "price": "480",
        "price_per_unit": "96",
        "price_unit": "ML"
      },
      {
        "state": "VIC",
        "price": "480",
        "price_per_unit": "96",
        "price_unit": "ML"
      },
      {
        "state": "QLD",
        "price": "480",
        "price_per_unit": "96",
        "price_unit": "ML"
      },
      {
        "state": "WA",
        "price": "480",
        "price_per_unit": "96",
        "price_unit": "ML"
      },
      {
        "state": "SA",
        "price": "480",
        "price_per_unit": "96",
        "price_unit": "ML"
      },
      {
        "state": "TAS",
        "price": "480",
        "price_per_unit": "96",
        "price_unit": "ML"
      },
      {
        "state": "ACT",
        "price": "480",
        "price_per_unit": "96",
        "price_unit": "ML"
      },
      {
        "state": "NT",
        "price": "480",
        "price_per_unit": "96",
        "price_unit": "ML"
      }
    ]
  },
  {
    "source_url": "https://www.woolworths.com.au/shop/productdetails/12413/windex-multi-purpose-cleaner-surface-glass-mountain-fresh",
    "name": "Windex Multi-Purpose Cleaner Surface & Glass Mountain Fresh 750ml",
    "image_url": "https://cdn1.woolworths.media/content/wowproductimages/large/012413.jpg",
    "source_id": "Woolworths - 12413",
    "barcode": "9300622003092",
    "category_id": "1_2432B58",
    "shop": "Woolworths",
    "weight": "100ML",
    "prices": [
      {
        "state": "NSW",
        "price": "450",
        "price_per_unit": "60",
        "price_unit": "ML"
      },
      {
        "state": "VIC",
        "price": "450",
        "price_per_unit": "60",
        "price_unit": "ML"
      },
      {
        "state": "QLD",
        "price": "450",
        "price_per_unit": "60",
        "price_unit": "ML"
      },
      {
        "state": "WA",
        "price": "450",
        "price_per_unit": "60",
        "price_unit": "ML"
      },
      {
        "state": "SA",
        "price": "450",
        "price_per_unit": "60",
        "price_unit": "ML"
      },
      {
        "state": "TAS",
        "price": "450",
        "price_per_unit": "60",
        "price_unit": "ML"
      },
      {
        "state": "ACT",
        "price": "450",
        "price_per_unit": "60",
        "price_unit": "ML"
      },
      {
        "state": "NT",
        "price": "450",
        "price_per_unit": "60",
        "price_unit": "ML"
      }
    ]
  },
  {
    "source_url": "https://www.woolworths.com.au/shop/productdetails/339702/windex-surface-glass-multi-purpose-cleaner-floral",
    "name": "Windex Surface & Glass Multi-Purpose Cleaner Floral 750ml",
    "image_url": "https://cdn1.woolworths.media/content/wowproductimages/large/339702.jpg",
    "source_id": "Woolworths - 339702",
    "barcode": "9300622703527",
    "category_id": "1_2432B58",
    "shop": "Woolworths",
    "weight": "100ML",
    "prices": [
      {
        "state": "NSW",
        "price": "450",
        "price_per_unit": "60",
        "price_unit": "ML"
      },
      {
        "state": "VIC",
        "price": "450",
        "price_per_unit": "60",
        "price_unit": "ML"
      },
      {
        "state": "QLD",
        "price": "450",
        "price_per_unit": "60",
        "price_unit": "ML"
      },
      {
        "state": "WA",
        "price": "450",
        "price_per_unit": "60",
        "price_unit": "ML"
      },
      {
        "state": "SA",
        "price": "450",
        "price_per_unit": "60",
        "price_unit": "ML"
      },
      {
        "state": "TAS",
        "price": "450",
        "price_per_unit": "60",
        "price_unit": "ML"
      },
      {
        "state": "ACT",
        "price": "450",
        "price_per_unit": "60",
        "price_unit": "ML"
      },
      {
        "state": "NT",
        "price": "450",
        "price_per_unit": "60",
        "price_unit": "ML"
      }
    ]
  },
  {
    "source_url": "https://www.woolworths.com.au/shop/productdetails/114324/woolworths-essentials-household-grade-disinfectant-wipes-fresh",
    "name": "Woolworths Essentials Household Grade Disinfectant Wipes Fresh 120 Pack",
    "image_url": "https://cdn1.woolworths.media/content/wowproductimages/large/114324.jpg",
    "source_id": "Woolworths - 114324",
    "barcode": "9339687207619",
    "category_id": "1_2432B58",
    "shop": "Woolworths",
    "weight": "1EA",
    "prices": [
      {
        "state": "NSW",
        "price": "300",
        "price_per_unit": "3",
        "price_unit": "EA"
      },
      {
        "state": "VIC",
        "price": "300",
        "price_per_unit": "3",
        "price_unit": "EA"
      },
      {
        "state": "QLD",
        "price": "300",
        "price_per_unit": "3",
        "price_unit": "EA"
      },
      {
        "state": "WA",
        "price": "300",
        "price_per_unit": "3",
        "price_unit": "EA"
      },
      {
        "state": "SA",
        "price": "300",
        "price_per_unit": "3",
        "price_unit": "EA"
      },
      {
        "state": "TAS",
        "price": "300",
        "price_per_unit": "3",
        "price_unit": "EA"
      },
      {
        "state": "ACT",
        "price": "300",
        "price_per_unit": "3",
        "price_unit": "EA"
      },
      {
        "state": "NT",
        "price": "300",
        "price_per_unit": "3",
        "price_unit": "EA"
      }
    ]
  },
  {
    "source_url": "https://www.woolworths.com.au/shop/productdetails/89313/ajax-eco-multipurpose-cleaner-coconut-lime",
    "name": "Ajax Eco Multipurpose Cleaner Coconut & Lime 450ml",
    "image_url": "https://cdn1.woolworths.media/content/wowproductimages/large/089313.jpg",
    "source_id": "Woolworths - 89313",
    "barcode": "8850006933787",
    "category_id": "1_2432B58",
    "shop": "Woolworths",
    "weight": "100ML",
    "prices": [
      {
        "state": "VIC",
        "price": "500",
        "price_per_unit": "111",
        "price_unit": "ML"
      },
      {
        "state": "SA",
        "price": "500",
        "price_per_unit": "111",
        "price_unit": "ML"
      },
      {
        "state": "NT",
        "price": "500",
        "price_per_unit": "111",
        "price_unit": "ML"
      }
    ]
  },
  {
    "source_url": "https://www.woolworths.com.au/shop/productdetails/339366/ajax-spray-wipe-multipurpose-lavender-citrus-refill",
    "name": "Ajax Spray & Wipe Multipurpose Lavender & Citrus Refill 750ml",
    "image_url": "https://cdn1.woolworths.media/content/wowproductimages/large/339366.jpg",
    "source_id": "Woolworths - 339366",
    "barcode": "9300632074143",
    "category_id": "1_2432B58",
    "shop": "Woolworths",
    "weight": "100ML",
    "prices": [
      {
        "state": "VIC",
        "price": "400",
        "price_per_unit": "53",
        "price_unit": "ML"
      },
      {
        "state": "SA",
        "price": "400",
        "price_per_unit": "53",
        "price_unit": "ML"
      },
      {
        "state": "NT",
        "price": "400",
        "price_per_unit": "53",
        "price_unit": "ML"
      }
    ]
  },
  {
    "source_url": "https://www.woolworths.com.au/shop/productdetails/311170/banyar-jagun-all-surface-cleaner-native-kakadu-plum-spray",
    "name": "Banyar Jagun All Surface Cleaner Native Kakadu Plum Spray 500ml",
    "image_url": "https://cdn1.woolworths.media/content/wowproductimages/large/311170.jpg",
    "source_id": "Woolworths - 311170",
    "barcode": "9309000930005",
    "category_id": "1_2432B58",
    "shop": "Woolworths",
    "weight": "100ML",
    "prices": [
      {
        "state": "VIC",
        "price": "695",
        "price_per_unit": "139",
        "price_unit": "ML"
      },
      {
        "state": "SA",
        "price": "695",
        "price_per_unit": "139",
        "price_unit": "ML"
      },
      {
        "state": "ACT",
        "price": "695",
        "price_per_unit": "139",
        "price_unit": "ML"
      },
      {
        "state": "NT",
        "price": "730",
        "price_per_unit": "146",
        "price_unit": "ML"
      }
    ]
  },
  {
    "source_url": "https://www.woolworths.com.au/shop/productdetails/905093/banyar-jagun-heavy-duty-cleaner-botanical-citrus",
    "name": "Banyar Jagun Heavy Duty Cleaner Botanical Citrus 500mL",
    "image_url": "https://cdn1.woolworths.media/content/wowproductimages/large/905093.jpg",
    "source_id": "Woolworths - 905093",
    "barcode": "9309000930180",
    "category_id": "1_2432B58",
    "shop": "Woolworths",
    "weight": "100ML",
    "prices": [
      {
        "state": "VIC",
        "price": "850",
        "price_per_unit": "170",
        "price_unit": "ML"
      },
      {
        "state": "SA",
        "price": "850",
        "price_per_unit": "170",
        "price_unit": "ML"
      },
      {
        "state": "ACT",
        "price": "850",
        "price_per_unit": "170",
        "price_unit": "ML"
      },
      {
        "state": "NT",
        "price": "850",
        "price_per_unit": "170",
        "price_unit": "ML"
      }
    ]
  },
  {
    "source_url": "https://www.woolworths.com.au/shop/productdetails/221058/cleanery-multipurpose-cleaner-refill-gardenia",
    "name": "Cleanery Multipurpose Cleaner Refill Gardenia 16g",
    "image_url": "https://cdn1.woolworths.media/content/wowproductimages/large/221058.jpg",
    "source_id": "Woolworths - 221058",
    "barcode": "9421036260120",
    "category_id": "1_2432B58",
    "shop": "Woolworths",
    "weight": "100G",
    "prices": [
      {
        "state": "VIC",
        "price": "250",
        "price_per_unit": "1563",
        "price_unit": "G"
      },
      {
        "state": "SA",
        "price": "250",
        "price_per_unit": "1563",
        "price_unit": "G"
      },
      {
        "state": "ACT",
        "price": "250",
        "price_per_unit": "1563",
        "price_unit": "G"
      },
      {
        "state": "NT",
        "price": "250",
        "price_per_unit": "1563",
        "price_unit": "G"
      }
    ]
  },
  {
    "source_url": "https://www.woolworths.com.au/shop/productdetails/221487/cleanery-reusable-spray-bottle",
    "name": "Cleanery Reusable Spray Bottle 500ml",
    "image_url": "https://cdn1.woolworths.media/content/wowproductimages/large/221487.jpg",
    "source_id": "Woolworths - 221487",
    "barcode": "9421036260267",
    "category_id": "1_2432B58",
    "shop": "Woolworths",
    "weight": "100ML",
    "prices": [
      {
        "state": "VIC",
        "price": "500",
        "price_per_unit": "100",
        "price_unit": "ML"
      },
      {
        "state": "SA",
        "price": "500",
        "price_per_unit": "100",
        "price_unit": "ML"
      },
      {
        "state": "ACT",
        "price": "500",
        "price_per_unit": "100",
        "price_unit": "ML"
      },
      {
        "state": "NT",
        "price": "500",
        "price_per_unit": "100",
        "price_unit": "ML"
      }
    ]
  },
  {
    "source_url": "https://www.woolworths.com.au/shop/productdetails/123696/cove-surface-all-purpose-refill",
    "name": "Cove Surface All Purpose Refill 125ml",
    "image_url": "https://cdn1.woolworths.media/content/wowproductimages/large/123696.jpg",
    "source_id": "Woolworths - 123696",
    "barcode": "9310692181118",
    "category_id": "1_2432B58",
    "shop": "Woolworths",
    "weight": "100ML",
    "prices": [
      {
        "state": "VIC",
        "price": "245",
        "price_per_unit": "196",
        "price_unit": "ML"
      },
      {
        "state": "SA",
        "price": "245",
        "price_per_unit": "196",
        "price_unit": "ML"
      },
      {
        "state": "ACT",
        "price": "245",
        "price_per_unit": "196",
        "price_unit": "ML"
      },
      {
        "state": "NT",
        "price": "245",
        "price_per_unit": "196",
        "price_unit": "ML"
      }
    ]
  },
  {
    "source_url": "https://www.woolworths.com.au/shop/productdetails/123686/cove-surface-cleaner",
    "name": "Cove Surface Cleaner 475ml",
    "image_url": "https://cdn1.woolworths.media/content/wowproductimages/large/123686.jpg",
    "source_id": "Woolworths - 123686",
    "barcode": "9310692181149",
    "category_id": "1_2432B58",
    "shop": "Woolworths",
    "weight": "100ML",
    "prices": [
      {
        "state": "VIC",
        "price": "1000",
        "price_per_unit": "211",
        "price_unit": "ML"
      },
      {
        "state": "ACT",
        "price": "1000",
        "price_per_unit": "211",
        "price_unit": "ML"
      },
      {
        "state": "NT",
        "price": "1000",
        "price_per_unit": "211",
        "price_unit": "ML"
      }
    ]
  },
  {
    "source_url": "https://www.woolworths.com.au/shop/productdetails/311044/dettol-multipurpose-disinfectant-cleaning-wipes-fresh",
    "name": "Dettol Multipurpose Disinfectant Cleaning Wipes Fresh 45 Pack",
    "image_url": "https://cdn1.woolworths.media/content/wowproductimages/large/311044.jpg",
    "source_id": "Woolworths - 311044",
    "barcode": "9300631430438",
    "category_id": "1_2432B58",
    "shop": "Woolworths",
    "weight": "1EA",
    "prices": [
      {
        "state": "VIC",
        "price": "600",
        "price_per_unit": "13",
        "price_unit": "EA"
      },
      {
        "state": "SA",
        "price": "600",
        "price_per_unit": "13",
        "price_unit": "EA"
      },
      {
        "state": "NT",
        "price": "630",
        "price_per_unit": "14",
        "price_unit": "EA"
      }
    ]
  },
  {
    "source_url": "https://www.woolworths.com.au/shop/productdetails/184696/eco-turtles-multipurpose-cleaning-tablet",
    "name": "Eco Turtles Multipurpose Cleaning Tablet 5g",
    "image_url": "https://cdn1.woolworths.media/content/wowproductimages/large/184696.jpg",
    "source_id": "Woolworths - 184696",
    "barcode": "9353327000200",
    "category_id": "1_2432B58",
    "shop": "Woolworths",
    "weight": "1EA",
    "prices": [
      {
        "state": "VIC",
        "price": "600",
        "price_per_unit": "600",
        "price_unit": "EA"
      },
      {
        "state": "ACT",
        "price": "600",
        "price_per_unit": "600",
        "price_unit": "EA"
      },
      {
        "state": "NT",
        "price": "600",
        "price_per_unit": "600",
        "price_unit": "EA"
      }
    ]
  },
  {
    "source_url": "https://www.woolworths.com.au/shop/productdetails/272657/ecostore-antibacterial-multipurpose-cleaner-spray",
    "name": "Ecostore Antibacterial Multipurpose Cleaner Spray 500ml",
    "image_url": "https://cdn1.woolworths.media/content/wowproductimages/large/272657.jpg",
    "source_id": "Woolworths - 272657",
    "barcode": "9420015000238",
    "category_id": "1_2432B58",
    "shop": "Woolworths",
    "weight": "100ML",
    "prices": [
      {
        "state": "VIC",
        "price": "650",
        "price_per_unit": "130",
        "price_unit": "ML"
      },
      {
        "state": "SA",
        "price": "650",
        "price_per_unit": "130",
        "price_unit": "ML"
      },
      {
        "state": "ACT",
        "price": "650",
        "price_per_unit": "130",
        "price_unit": "ML"
      },
      {
        "state": "NT",
        "price": "650",
        "price_per_unit": "130",
        "price_unit": "ML"
      }
    ]
  },
  {
    "source_url": "https://www.woolworths.com.au/shop/productdetails/162599/ecostore-multipurpose-cleaner-refill-concentrate-citrus",
    "name": "Ecostore Multipurpose Cleaner Refill Concentrate Citrus 50ml",
    "image_url": "https://cdn1.woolworths.media/content/wowproductimages/large/162599.jpg",
    "source_id": "Woolworths - 162599",
    "barcode": "9420015012026",
    "category_id": "1_2432B58",
    "shop": "Woolworths",
    "weight": "100ML",
    "prices": [
      {
        "state": "VIC",
        "price": "550",
        "price_per_unit": "1100",
        "price_unit": "ML"
      },
      {
        "state": "SA",
        "price": "550",
        "price_per_unit": "1100",
        "price_unit": "ML"
      },
      {
        "state": "ACT",
        "price": "550",
        "price_per_unit": "1100",
        "price_unit": "ML"
      },
      {
        "state": "NT",
        "price": "575",
        "price_per_unit": "1150",
        "price_unit": "ML"
      }
    ]
  },
  {
    "source_url": "https://www.woolworths.com.au/shop/productdetails/54789/essentials-household-sprayer-sprayer",
    "name": "Essentials Household Sprayer Each",
    "image_url": "https://cdn1.woolworths.media/content/wowproductimages/large/054789.jpg",
    "source_id": "Woolworths - 54789",
    "barcode": "9313786000036",
    "category_id": "1_2432B58",
    "shop": "Woolworths",
    "weight": "0",
    "prices": [
      {
        "state": "VIC",
        "price": "200",
        "price_per_unit": null,
        "price_unit": ""
      },
      {
        "state": "QLD",
        "price": "200",
        "price_per_unit": null,
        "price_unit": ""
      },
      {
        "state": "SA",
        "price": "200",
        "price_per_unit": null,
        "price_unit": ""
      },
      {
        "state": "TAS",
        "price": "200",
        "price_per_unit": null,
        "price_unit": ""
      },
      {
        "state": "ACT",
        "price": "200",
        "price_per_unit": null,
        "price_unit": ""
      },
      {
        "state": "NT",
        "price": "200",
        "price_per_unit": null,
        "price_unit": ""
      }
    ]
  },
  {
    "source_url": "https://www.woolworths.com.au/shop/productdetails/909263/good-change-all-purpose-cleaner-refill-tablet-green-tea-lily",
    "name": "Good Change All Purpose Cleaner Refill Tablet Green Tea & Lily each",
    "image_url": "https://cdn1.woolworths.media/content/wowproductimages/large/909263.jpg",
    "source_id": "Woolworths - 909263",
    "barcode": "9421905637282",
    "category_id": "1_2432B58",
    "shop": "Woolworths",
    "weight": "1EA",
    "prices": [
      {
        "state": "VIC",
        "price": "495",
        "price_per_unit": "495",
        "price_unit": "EA"
      },
      {
        "state": "SA",
        "price": "495",
        "price_per_unit": "495",
        "price_unit": "EA"
      },
      {
        "state": "ACT",
        "price": "495",
        "price_per_unit": "495",
        "price_unit": "EA"
      },
      {
        "state": "NT",
        "price": "520",
        "price_per_unit": "520",
        "price_unit": "EA"
      }
    ]
  },
  {
    "source_url": "https://www.woolworths.com.au/shop/productdetails/907624/good-change-glass-spray-bottle",
    "name": "Good Change Glass Spray Bottle each",
    "image_url": "https://cdn1.woolworths.media/content/wowproductimages/large/907624.jpg",
    "source_id": "Woolworths - 907624",
    "barcode": "9421905637510",
    "category_id": "1_2432B58",
    "shop": "Woolworths",
    "weight": "1EA",
    "prices": [
      {
        "state": "VIC",
        "price": "1495",
        "price_per_unit": "1495",
        "price_unit": "EA"
      },
      {
        "state": "SA",
        "price": "1495",
        "price_per_unit": "1495",
        "price_unit": "EA"
      },
      {
        "state": "ACT",
        "price": "1495",
        "price_per_unit": "1495",
        "price_unit": "EA"
      },
      {
        "state": "NT",
        "price": "1570",
        "price_per_unit": "1570",
        "price_unit": "EA"
      }
    ]
  },
  {
    "source_url": "https://www.woolworths.com.au/shop/productdetails/908241/jif-cream-multipurpose-spray",
    "name": "Jif Cream Multipurpose Spray 500mL",
    "image_url": "https://cdn1.woolworths.media/content/wowproductimages/large/908241.jpg",
    "source_id": "Woolworths - 908241",
    "barcode": "8683130057100",
    "category_id": "1_2432B58",
    "shop": "Woolworths",
    "weight": "100ML",
    "prices": [
      {
        "state": "VIC",
        "price": "550",
        "price_per_unit": "110",
        "price_unit": "ML"
      },
      {
        "state": "SA",
        "price": "550",
        "price_per_unit": "110",
        "price_unit": "ML"
      },
      {
        "state": "NT",
        "price": "550",
        "price_per_unit": "110",
        "price_unit": "ML"
      }
    ]
  },
  {
    "source_url": "https://www.woolworths.com.au/shop/productdetails/908858/koh-surface-cleaning-starter-kit",
    "name": "Koh Surface Cleaning Starter Kit each",
    "image_url": "https://cdn1.woolworths.media/content/wowproductimages/large/908858.jpg",
    "source_id": "Woolworths - 908858",
    "barcode": "5060611010985",
    "category_id": "1_2432B58",
    "shop": "Woolworths",
    "weight": "1EA",
    "prices": [
      {
        "state": "VIC",
        "price": "5500",
        "price_per_unit": "5500",
        "price_unit": "EA"
      },
      {
        "state": "SA",
        "price": "5500",
        "price_per_unit": "5500",
        "price_unit": "EA"
      },
      {
        "state": "ACT",
        "price": "5500",
        "price_per_unit": "5500",
        "price_unit": "EA"
      },
      {
        "state": "NT",
        "price": "5770",
        "price_per_unit": "5770",
        "price_unit": "EA"
      }
    ]
  },
  {
    "source_url": "https://www.woolworths.com.au/shop/productdetails/905330/magic-6-in-1-universal-cleaner-concentrate",
    "name": "Magic 6 in 1 Universal Cleaner Concentrate 500ml",
    "image_url": "https://cdn1.woolworths.media/content/wowproductimages/large/905330.jpg",
    "source_id": "Woolworths - 905330",
    "barcode": "9312066001015",
    "category_id": "1_2432B58",
    "shop": "Woolworths",
    "weight": "100ML",
    "prices": [
      {
        "state": "VIC",
        "price": "1500",
        "price_per_unit": "300",
        "price_unit": "ML"
      },
      {
        "state": "SA",
        "price": "1500",
        "price_per_unit": "300",
        "price_unit": "ML"
      },
      {
        "state": "NT",
        "price": "1575",
        "price_per_unit": "315",
        "price_unit": "ML"
      }
    ]
  },
  {
    "source_url": "https://www.woolworths.com.au/shop/productdetails/904749/maison-muse-all-purpose-cleaning-splay-lime-french-pear",
    "name": "Maison & Muse All Purpose Cleaning Splay Lime & French Pear 500mL",
    "image_url": "https://cdn1.woolworths.media/content/wowproductimages/large/904749.jpg",
    "source_id": "Woolworths - 904749",
    "barcode": "9421035733885",
    "category_id": "1_2432B58",
    "shop": "Woolworths",
    "weight": "100ML",
    "prices": [
      {
        "state": "VIC",
        "price": "590",
        "price_per_unit": "118",
        "price_unit": "ML"
      },
      {
        "state": "SA",
        "price": "590",
        "price_per_unit": "118",
        "price_unit": "ML"
      },
      {
        "state": "NT",
        "price": "590",
        "price_per_unit": "118",
        "price_unit": "ML"
      }
    ]
  },
  {
    "source_url": "https://www.woolworths.com.au/shop/productdetails/307716/pine-o-cleen-24h-protection-lemon-lime-disinfectant-cleaning-spray",
    "name": "Pine O Cleen 24h Protection Lemon Lime Disinfectant Cleaning Spray 500ml",
    "image_url": "https://cdn1.woolworths.media/content/wowproductimages/large/307716.jpg",
    "source_id": "Woolworths - 307716",
    "barcode": "9300701474713",
    "category_id": "1_2432B58",
    "shop": "Woolworths",
    "weight": "100ML",
    "prices": [
      {
        "state": "VIC",
        "price": "480",
        "price_per_unit": "96",
        "price_unit": "ML"
      },
      {
        "state": "QLD",
        "price": "480",
        "price_per_unit": "96",
        "price_unit": "ML"
      },
      {
        "state": "SA",
        "price": "480",
        "price_per_unit": "96",
        "price_unit": "ML"
      },
      {
        "state": "ACT",
        "price": "480",
        "price_per_unit": "96",
        "price_unit": "ML"
      },
      {
        "state": "NT",
        "price": "480",
        "price_per_unit": "96",
        "price_unit": "ML"
      }
    ]
  },
  {
    "source_url": "https://www.woolworths.com.au/shop/productdetails/306621/pine-o-cleen-lemon-lime-disinfectant-cleaning-wipes",
    "name": "Pine O Cleen Lemon Lime Disinfectant Cleaning Wipes 150 Pack",
    "image_url": "https://cdn1.woolworths.media/content/wowproductimages/large/306621.jpg",
    "source_id": "Woolworths - 306621",
    "barcode": "9300701457983",
    "category_id": "1_2432B58",
    "shop": "Woolworths",
    "weight": "1EA",
    "prices": [
      {
        "state": "VIC",
        "price": "800",
        "price_per_unit": "5",
        "price_unit": "EA"
      },
      {
        "state": "QLD",
        "price": "800",
        "price_per_unit": "5",
        "price_unit": "EA"
      },
      {
        "state": "WA",
        "price": "800",
        "price_per_unit": "5",
        "price_unit": "EA"
      },
      {
        "state": "SA",
        "price": "800",
        "price_per_unit": "5",
        "price_unit": "EA"
      },
      {
        "state": "TAS",
        "price": "800",
        "price_per_unit": "5",
        "price_unit": "EA"
      },
      {
        "state": "ACT",
        "price": "800",
        "price_per_unit": "5",
        "price_unit": "EA"
      },
      {
        "state": "NT",
        "price": "800",
        "price_per_unit": "5",
        "price_unit": "EA"
      }
    ]
  },
  {
    "source_url": "https://www.woolworths.com.au/shop/productdetails/166183/resolv-all-purpose-cleaner-pod-fresh-apple",
    "name": "Resolv All Purpose Cleaner Pod Fresh Apple 10ml",
    "image_url": "https://cdn1.woolworths.media/content/wowproductimages/large/166183.jpg",
    "source_id": "Woolworths - 166183",
    "barcode": "9420035619656",
    "category_id": "1_2432B58",
    "shop": "Woolworths",
    "weight": "100ML",
    "prices": [
      {
        "state": "VIC",
        "price": "400",
        "price_per_unit": "53",
        "price_unit": "ML"
      },
      {
        "state": "SA",
        "price": "400",
        "price_per_unit": "53",
        "price_unit": "ML"
      },
      {
        "state": "ACT",
        "price": "400",
        "price_per_unit": "53",
        "price_unit": "ML"
      },
      {
        "state": "NT",
        "price": "400",
        "price_per_unit": "53",
        "price_unit": "ML"
      }
    ]
  },
  {
    "source_url": "https://www.woolworths.com.au/shop/productdetails/190453/resolv-spray-bottle-reusable",
    "name": "Resolv Spray Bottle Reusable Each",
    "image_url": "https://cdn1.woolworths.media/content/wowproductimages/large/190453.jpg",
    "source_id": "Woolworths - 190453",
    "barcode": "9420035619694",
    "category_id": "1_2432B58",
    "shop": "Woolworths",
    "weight": "100ML",
    "prices": [
      {
        "state": "VIC",
        "price": "800",
        "price_per_unit": "107",
        "price_unit": "ML"
      },
      {
        "state": "SA",
        "price": "800",
        "price_per_unit": "107",
        "price_unit": "ML"
      },
      {
        "state": "ACT",
        "price": "800",
        "price_per_unit": "107",
        "price_unit": "ML"
      },
      {
        "state": "NT",
        "price": "800",
        "price_per_unit": "107",
        "price_unit": "ML"
      }
    ]
  },
  {
    "source_url": "https://www.woolworths.com.au/shop/productdetails/173879/restor-concentrated-cleaning-tablet-refill-bottle-all-purpose",
    "name": "Restor Concentrated Cleaning Tablet & Refill Bottle All Purpose Each",
    "image_url": "https://cdn1.woolworths.media/content/wowproductimages/large/173879.jpg",
    "source_id": "Woolworths - 173879",
    "barcode": "9421035731447",
    "category_id": "1_2432B58",
    "shop": "Woolworths",
    "weight": "100ML",
    "prices": [
      {
        "state": "VIC",
        "price": "600",
        "price_per_unit": "120",
        "price_unit": "ML"
      },
      {
        "state": "SA",
        "price": "600",
        "price_per_unit": "120",
        "price_unit": "ML"
      },
      {
        "state": "ACT",
        "price": "600",
        "price_per_unit": "120",
        "price_unit": "ML"
      },
      {
        "state": "NT",
        "price": "630",
        "price_per_unit": "126",
        "price_unit": "ML"
      }
    ]
  },
  {
    "source_url": "https://www.woolworths.com.au/shop/productdetails/173876/restor-concentrated-cleaning-tablet-all-purpose-citrus",
    "name": "Restor Concentrated Cleaning Tablet All Purpose Citrus 2 Pack",
    "image_url": "https://cdn1.woolworths.media/content/wowproductimages/large/173876.jpg",
    "source_id": "Woolworths - 173876",
    "barcode": "9421035731485",
    "category_id": "1_2432B58",
    "shop": "Woolworths",
    "weight": "100ML",
    "prices": [
      {
        "state": "VIC",
        "price": "700",
        "price_per_unit": "70000",
        "price_unit": "ML"
      },
      {
        "state": "SA",
        "price": "700",
        "price_per_unit": "70000",
        "price_unit": "ML"
      },
      {
        "state": "ACT",
        "price": "700",
        "price_per_unit": "70000",
        "price_unit": "ML"
      },
      {
        "state": "NT",
        "price": "700",
        "price_per_unit": "70000",
        "price_unit": "ML"
      }
    ]
  },
  {
    "source_url": "https://www.woolworths.com.au/shop/productdetails/906370/saba-organics-multipurpose-cleaner-refill-lemon",
    "name": "Saba Organics Multipurpose Cleaner Refill Lemon 2L",
    "image_url": "https://cdn1.woolworths.media/content/wowproductimages/large/906370.jpg",
    "source_id": "Woolworths - 906370",
    "barcode": "9353548001819",
    "category_id": "1_2432B58",
    "shop": "Woolworths",
    "weight": "100ML",
    "prices": [
      {
        "state": "VIC",
        "price": "1600",
        "price_per_unit": "80",
        "price_unit": "ML"
      },
      {
        "state": "SA",
        "price": "1600",
        "price_per_unit": "80",
        "price_unit": "ML"
      },
      {
        "state": "ACT",
        "price": "1600",
        "price_per_unit": "80",
        "price_unit": "ML"
      },
      {
        "state": "NT",
        "price": "1680",
        "price_per_unit": "84",
        "price_unit": "ML"
      }
    ]
  },
  {
    "source_url": "https://www.woolworths.com.au/shop/productdetails/182988/strike-pro-antibacterial-multipurpose-spray-cleaner-lemon-lime",
    "name": "Strike Pro Antibacterial Multipurpose Spray Cleaner Lemon & Lime 750ml",
    "image_url": "https://cdn1.woolworths.media/content/wowproductimages/large/182988.jpg",
    "source_id": "Woolworths - 182988",
    "barcode": "9339687276653",
    "category_id": "1_2432B58",
    "shop": "Woolworths",
    "weight": "100ML",
    "prices": [
      {
        "state": "VIC",
        "price": "200",
        "price_per_unit": "27",
        "price_unit": "ML"
      },
      {
        "state": "QLD",
        "price": "200",
        "price_per_unit": "27",
        "price_unit": "ML"
      },
      {
        "state": "WA",
        "price": "200",
        "price_per_unit": "27",
        "price_unit": "ML"
      },
      {
        "state": "SA",
        "price": "200",
        "price_per_unit": "27",
        "price_unit": "ML"
      },
      {
        "state": "TAS",
        "price": "200",
        "price_per_unit": "27",
        "price_unit": "ML"
      },
      {
        "state": "ACT",
        "price": "200",
        "price_per_unit": "27",
        "price_unit": "ML"
      },
      {
        "state": "NT",
        "price": "200",
        "price_per_unit": "27",
        "price_unit": "ML"
      }
    ]
  },
  {
    "source_url": "https://www.woolworths.com.au/shop/productdetails/199635/wash-wild-multipurpose-spray",
    "name": "Wash Wild Multipurpose Spray 1l",
    "image_url": "https://cdn1.woolworths.media/content/wowproductimages/large/199635.jpg",
    "source_id": "Woolworths - 199635",
    "barcode": "9349506002516",
    "category_id": "1_2432B58",
    "shop": "Woolworths",
    "weight": "100ML",
    "prices": [
      {
        "state": "VIC",
        "price": "950",
        "price_per_unit": "95",
        "price_unit": "ML"
      },
      {
        "state": "SA",
        "price": "950",
        "price_per_unit": "95",
        "price_unit": "ML"
      },
      {
        "state": "ACT",
        "price": "950",
        "price_per_unit": "95",
        "price_unit": "ML"
      },
      {
        "state": "NT",
        "price": "950",
        "price_per_unit": "95",
        "price_unit": "ML"
      }
    ]
  },
  {
    "source_url": "https://www.woolworths.com.au/shop/productdetails/199482/wash-wild-multipurpose-spray",
    "name": "Wash Wild Multipurpose Spray 300ml",
    "image_url": "https://cdn1.woolworths.media/content/wowproductimages/large/199482.jpg",
    "source_id": "Woolworths - 199482",
    "barcode": "9349506002448",
    "category_id": "1_2432B58",
    "shop": "Woolworths",
    "weight": "100ML",
    "prices": [
      {
        "state": "VIC",
        "price": "650",
        "price_per_unit": "217",
        "price_unit": "ML"
      },
      {
        "state": "SA",
        "price": "650",
        "price_per_unit": "217",
        "price_unit": "ML"
      },
      {
        "state": "ACT",
        "price": "650",
        "price_per_unit": "217",
        "price_unit": "ML"
      },
      {
        "state": "NT",
        "price": "650",
        "price_per_unit": "217",
        "price_unit": "ML"
      }
    ]
  },
  {
    "source_url": "https://www.woolworths.com.au/shop/productdetails/309479/white-king-4-in-1-multipurpose-cleaner-spray-lemon-lime",
    "name": "White King 4 In 1 Multipurpose Cleaner Spray Lemon Lime 500ml",
    "image_url": "https://cdn1.woolworths.media/content/wowproductimages/large/309479.jpg",
    "source_id": "Woolworths - 309479",
    "barcode": "9333441013867",
    "category_id": "1_2432B58",
    "shop": "Woolworths",
    "weight": "100ML",
    "prices": [
      {
        "state": "VIC",
        "price": "575",
        "price_per_unit": "115",
        "price_unit": "ML"
      },
      {
        "state": "SA",
        "price": "575",
        "price_per_unit": "115",
        "price_unit": "ML"
      },
      {
        "state": "NT",
        "price": "600",
        "price_per_unit": "120",
        "price_unit": "ML"
      }
    ]
  },
  {
    "source_url": "https://www.woolworths.com.au/shop/productdetails/909067/zero-plastic-free-reusable-cleaning-wipes-large",
    "name": "Zero Plastic Free Reusable Cleaning Wipes Large 60 pack",
    "image_url": "https://cdn1.woolworths.media/content/wowproductimages/large/909067.jpg",
    "source_id": "Woolworths - 909067",
    "barcode": "726684116058",
    "category_id": "1_2432B58",
    "shop": "Woolworths",
    "weight": "1EA",
    "prices": [
      {
        "state": "VIC",
        "price": "800",
        "price_per_unit": "13",
        "price_unit": "EA"
      },
      {
        "state": "SA",
        "price": "800",
        "price_per_unit": "13",
        "price_unit": "EA"
      },
      {
        "state": "ACT",
        "price": "800",
        "price_per_unit": "13",
        "price_unit": "EA"
      },
      {
        "state": "NT",
        "price": "840",
        "price_per_unit": "14",
        "price_unit": "EA"
      }
    ]
  },
  {
    "source_url": "https://www.woolworths.com.au/shop/productdetails/909125/zero-plastic-free-reusable-cleaning-wipes-roll-50-sheets",
    "name": "Zero Plastic Free Reusable Cleaning Wipes Roll 50 Sheets each",
    "image_url": "https://cdn1.woolworths.media/content/wowproductimages/large/909125.jpg",
    "source_id": "Woolworths - 909125",
    "barcode": "726684116126",
    "category_id": "1_2432B58",
    "shop": "Woolworths",
    "weight": "1EA",
    "prices": [
      {
        "state": "VIC",
        "price": "1200",
        "price_per_unit": "24",
        "price_unit": "EA"
      },
      {
        "state": "SA",
        "price": "1200",
        "price_per_unit": "24",
        "price_unit": "EA"
      },
      {
        "state": "ACT",
        "price": "1200",
        "price_per_unit": "24",
        "price_unit": "EA"
      },
      {
        "state": "NT",
        "price": "1260",
        "price_per_unit": "25",
        "price_unit": "EA"
      }
    ]
  },
  {
    "source_url": "https://www.woolworths.com.au/shop/productdetails/74379/jasol-all-purpose-cleaner-lemon-cleaner-lemon",
    "name": "Jasol All Purpose Cleaner Lemon Cleaner Lemon 1l",
    "image_url": "https://cdn1.woolworths.media/content/wowproductimages/large/074379.jpg",
    "source_id": "Woolworths - 74379",
    "barcode": "9312161000173",
    "category_id": "1_2432B58",
    "shop": "Woolworths",
    "weight": "100ML",
    "prices": [
      {
        "state": "SA",
        "price": "450",
        "price_per_unit": "45",
        "price_unit": "ML"
      },
      {
        "state": "NT",
        "price": "450",
        "price_per_unit": "45",
        "price_unit": "ML"
      }
    ]
  },
  {
    "source_url": "https://www.woolworths.com.au/shop/productdetails/74359/jasol-all-purpose-regular-cleaner-cleaner-regular",
    "name": "Jasol All Purpose Regular Cleaner Cleaner Regular 1l",
    "image_url": "https://cdn1.woolworths.media/content/wowproductimages/large/074359.jpg",
    "source_id": "Woolworths - 74359",
    "barcode": "9312161000081",
    "category_id": "1_2432B58",
    "shop": "Woolworths",
    "weight": "100ML",
    "prices": [
      {
        "state": "SA",
        "price": "450",
        "price_per_unit": "45",
        "price_unit": "ML"
      },
      {
        "state": "NT",
        "price": "450",
        "price_per_unit": "45",
        "price_unit": "ML"
      }
    ]
  },
  {
    "source_url": "https://www.woolworths.com.au/shop/productdetails/18289/bar-keeper-s-friend-cleanser-polish",
    "name": "Bar Keeper's Friend Cleanser & Polish 340g",
    "image_url": "https://cdn1.woolworths.media/content/wowproductimages/large/018289.jpg",
    "source_id": "Woolworths - 18289",
    "barcode": "71618115486",
    "category_id": "1_2432B58",
    "shop": "Woolworths",
    "weight": "100G",
    "prices": []
  },
  {
    "source_url": "https://www.woolworths.com.au/shop/productdetails/909080/elbow-grease-multipurpose-cleaner",
    "name": "Elbow Grease Multipurpose Cleaner 5L",
    "image_url": "https://cdn1.woolworths.media/content/wowproductimages/large/909080.jpg",
    "source_id": "Woolworths - 909080",
    "barcode": "5053249274645",
    "category_id": "1_2432B58",
    "shop": "Woolworths",
    "weight": "100ML",
    "prices": [
      {
        "state": "NT",
        "price": "1995",
        "price_per_unit": "40",
        "price_unit": "ML"
      }
    ]
  },
  {
    "source_url": "https://www.woolworths.com.au/shop/productdetails/713256/selley-s-sugar-soap-wipes",
    "name": "Selley's Sugar Soap Wipes 25 Pack",
    "image_url": "https://cdn1.woolworths.media/content/wowproductimages/large/713256.jpg",
    "source_id": "Woolworths - 713256",
    "barcode": "9300697123596",
    "category_id": "1_2432B58",
    "shop": "Woolworths",
    "weight": "1EA",
    "prices": [
      {
        "state": "NT",
        "price": "630",
        "price_per_unit": "25",
        "price_unit": "EA"
      }
    ]
  }
]