[
  {
    "source_url": "https://www.woolworths.com.au/shop/productdetails/206839/bosisto-s-antibacterial-solution-eucalyptus-lemon-myrtle",
    "name": "Bosisto's Antibacterial Solution Eucalyptus & Lemon Myrtle 500ml",
    "image_url": "https://cdn1.woolworths.media/content/wowproductimages/large/206839.jpg",
    "source_id": "Woolworths - 206839",
    "barcode": "9300710000712",
    "category_id": "1_2432B58",
    "shop": "Woolworths",
    "weight": "100ML",
    "prices": [
      {
        "state": "NSW",
        "price": "1400",
        "price_per_unit": "280",
        "price_unit": "ML"
      },
      {
        "state": "VIC",
        "price": "1400",
        "price_per_unit": "280",
        "price_unit": "ML"
      },
      {
        "state": "QLD",
        "price": "1400",
        "price_per_unit": "280",
        "price_unit": "ML"
      },
      {
        "state": "WA",
        "price": "1400",
        "price_per_unit": "280",
        "price_unit": "ML"
      },
      {
        "state": "SA",
        "price": "1400",
        "price_per_unit": "280",
        "price_unit": "ML"
      },
      {
        "state": "TAS",
        "price": "1400",
        "price_per_unit": "280",
        "price_unit": "ML"
      },
      {
        "state": "ACT",
        "price": "1400",
        "price_per_unit": "280",
        "price_unit": "ML"
      },
      {
        "state": "NT",
        "price": "1470",
        "price_per_unit": "294",
        "price_unit": "ML"
      }
    ]
  },
  {
    "source_url": "https://www.woolworths.com.au/shop/productdetails/78677/clean-air-manual-spray-air-freshener-alpine-refill",
    "name": "Clean Air Manual Spray Air Freshener Alpine Refill 125g",
    "image_url": "https://cdn1.woolworths.media/content/wowproductimages/large/078677.jpg",
    "source_id": "Woolworths - 78677",
    "barcode": "9314145002005",
    "category_id": "1_2432B58",
    "shop": "Woolworths",
    "weight": "10G",
    "prices": [
      {
        "state": "NSW",
        "price": "400",
        "price_per_unit": "32",
        "price_unit": "G"
      },
      {
        "state": "VIC",
        "price": "400",
        "price_per_unit": "32",
        "price_unit": "G"
      },
      {
        "state": "QLD",
        "price": "400",
        "price_per_unit": "32",
        "price_unit": "G"
      },
      {
        "state": "WA",
        "price": "400",
        "price_per_unit": "32",
        "price_unit": "G"
      },
      {
        "state": "SA",
        "price": "400",
        "price_per_unit": "32",
        "price_unit": "G"
      },
      {
        "state": "TAS",
        "price": "400",
        "price_per_unit": "32",
        "price_unit": "G"
      },
      {
        "state": "ACT",
        "price": "400",
        "price_per_unit": "32",
        "price_unit": "G"
      },
      {
        "state": "NT",
        "price": "420",
        "price_per_unit": "34",
        "price_unit": "G"
      }
    ]
  },
  {
    "source_url": "https://www.woolworths.com.au/shop/productdetails/151299/dettol-antibacterial-disinfectant-liquid-solution",
    "name": "Dettol Antibacterial Disinfectant Liquid Solution 2l",
    "image_url": "https://cdn1.woolworths.media/content/wowproductimages/large/151299.jpg",
    "source_id": "Woolworths - 151299",
    "barcode": "9300631651475",
    "category_id": "1_2432B58",
    "shop": "Woolworths",
    "weight": "100ML",
    "prices": [
      {
        "state": "NSW",
        "price": "2200",
        "price_per_unit": "110",
        "price_unit": "ML"
      },
      {
        "state": "VIC",
        "price": "2200",
        "price_per_unit": "110",
        "price_unit": "ML"
      },
      {
        "state": "WA",
        "price": "2200",
        "price_per_unit": "110",
        "price_unit": "ML"
      },
      {
        "state": "SA",
        "price": "2200",
        "price_per_unit": "110",
        "price_unit": "ML"
      },
      {
        "state": "TAS",
        "price": "2200",
        "price_per_unit": "110",
        "price_unit": "ML"
      },
      {
        "state": "NT",
        "price": "2200",
        "price_per_unit": "110",
        "price_unit": "ML"
      }
    ]
  },
  {
    "source_url": "https://www.woolworths.com.au/shop/productdetails/94094/domestos-disinfectant-bleach-mountain-fresh",
    "name": "Domestos Disinfectant Bleach Mountain Fresh 1.25l",
    "image_url": "https://cdn1.woolworths.media/content/wowproductimages/large/094094.jpg",
    "source_id": "Woolworths - 94094",
    "barcode": "8934868145301",
    "category_id": "1_2432B58",
    "shop": "Woolworths",
    "weight": "100ML",
    "prices": [
      {
        "state": "NSW",
        "price": "660",
        "price_per_unit": "53",
        "price_unit": "ML"
      },
      {
        "state": "VIC",
        "price": "660",
        "price_per_unit": "53",
        "price_unit": "ML"
      },
      {
        "state": "QLD",
        "price": "660",
        "price_per_unit": "53",
        "price_unit": "ML"
      },
      {
        "state": "WA",
        "price": "660",
        "price_per_unit": "53",
        "price_unit": "ML"
      },
      {
        "state": "SA",
        "price": "660",
        "price_per_unit": "53",
        "price_unit": "ML"
      },
      {
        "state": "TAS",
        "price": "660",
        "price_per_unit": "53",
        "price_unit": "ML"
      },
      {
        "state": "ACT",
        "price": "660",
        "price_per_unit": "53",
        "price_unit": "ML"
      },
      {
        "state": "NT",
        "price": "660",
        "price_per_unit": "53",
        "price_unit": "ML"
      }
    ]
  },
  {
    "source_url": "https://www.woolworths.com.au/shop/productdetails/94095/domestos-disinfectant-bleach-regular",
    "name": "Domestos Disinfectant Bleach Regular 1.25l",
    "image_url": "https://cdn1.woolworths.media/content/wowproductimages/large/094095.jpg",
    "source_id": "Woolworths - 94095",
    "barcode": "8934868145318",
    "category_id": "1_2432B58",
    "shop": "Woolworths",
    "weight": "100ML",
    "prices": [
      {
        "state": "NSW",
        "price": "660",
        "price_per_unit": "53",
        "price_unit": "ML"
      },
      {
        "state": "VIC",
        "price": "660",
        "price_per_unit": "53",
        "price_unit": "ML"
      },
      {
        "state": "QLD",
        "price": "660",
        "price_per_unit": "53",
        "price_unit": "ML"
      },
      {
        "state": "WA",
        "price": "660",
        "price_per_unit": "53",
        "price_unit": "ML"
      },
      {
        "state": "SA",
        "price": "660",
        "price_per_unit": "53",
        "price_unit": "ML"
      },
      {
        "state": "TAS",
        "price": "660",
        "price_per_unit": "53",
        "price_unit": "ML"
      },
      {
        "state": "ACT",
        "price": "660",
        "price_per_unit": "53",
        "price_unit": "ML"
      },
      {
        "state": "NT",
        "price": "660",
        "price_per_unit": "53",
        "price_unit": "ML"
      }
    ]
  },
  {
    "source_url": "https://www.woolworths.com.au/shop/productdetails/926827/floella-concentrated-disinfectant-linen-fresh",
    "name": "Floella Concentrated Disinfectant Linen Fresh 250ml",
    "image_url": "https://cdn1.woolworths.media/content/wowproductimages/large/926827.jpg",
    "source_id": "Woolworths - 926827",
    "barcode": "5053249277097",
    "category_id": "1_2432B58",
    "shop": "Woolworths",
    "weight": "100ML",
    "prices": [
      {
        "state": "NSW",
        "price": "550",
        "price_per_unit": "220",
        "price_unit": "ML"
      },
      {
        "state": "VIC",
        "price": "550",
        "price_per_unit": "220",
        "price_unit": "ML"
      },
      {
        "state": "QLD",
        "price": "550",
        "price_per_unit": "220",
        "price_unit": "ML"
      },
      {
        "state": "WA",
        "price": "550",
        "price_per_unit": "220",
        "price_unit": "ML"
      },
      {
        "state": "SA",
        "price": "550",
        "price_per_unit": "220",
        "price_unit": "ML"
      },
      {
        "state": "TAS",
        "price": "550",
        "price_per_unit": "220",
        "price_unit": "ML"
      },
      {
        "state": "ACT",
        "price": "550",
        "price_per_unit": "220",
        "price_unit": "ML"
      },
      {
        "state": "NT",
        "price": "550",
        "price_per_unit": "220",
        "price_unit": "ML"
      }
    ]
  },
  {
    "source_url": "https://www.woolworths.com.au/shop/productdetails/928775/floella-multipurpose-disinfectant-lavender-hills",
    "name": "Floella Multipurpose Disinfectant Lavender Hills 250mL",
    "image_url": "https://cdn1.woolworths.media/content/wowproductimages/large/928775.jpg",
    "source_id": "Woolworths - 928775",
    "barcode": "5053249277127",
    "category_id": "1_2432B58",
    "shop": "Woolworths",
    "weight": "100ML",
    "prices": [
      {
        "state": "NSW",
        "price": "550",
        "price_per_unit": "220",
        "price_unit": "ML"
      },
      {
        "state": "VIC",
        "price": "550",
        "price_per_unit": "220",
        "price_unit": "ML"
      },
      {
        "state": "QLD",
        "price": "550",
        "price_per_unit": "220",
        "price_unit": "ML"
      },
      {
        "state": "WA",
        "price": "550",
        "price_per_unit": "220",
        "price_unit": "ML"
      },
      {
        "state": "SA",
        "price": "550",
        "price_per_unit": "220",
        "price_unit": "ML"
      },
      {
        "state": "TAS",
        "price": "550",
        "price_per_unit": "220",
        "price_unit": "ML"
      },
      {
        "state": "ACT",
        "price": "550",
        "price_per_unit": "220",
        "price_unit": "ML"
      },
      {
        "state": "NT",
        "price": "550",
        "price_per_unit": "220",
        "price_unit": "ML"
      }
    ]
  },
  {
    "source_url": "https://www.woolworths.com.au/shop/productdetails/235525/glen-20-24h-protection-citrus-disinfectant-spray",
    "name": "Glen 20 24h Protection Citrus Disinfectant Spray 300g",
    "image_url": "https://cdn1.woolworths.media/content/wowproductimages/large/235525.jpg",
    "source_id": "Woolworths - 235525",
    "barcode": "9300701079901",
    "category_id": "1_2432B58",
    "shop": "Woolworths",
    "weight": "100G",
    "prices": [
      {
        "state": "NSW",
        "price": "1150",
        "price_per_unit": "383",
        "price_unit": "G"
      },
      {
        "state": "VIC",
        "price": "1150",
        "price_per_unit": "383",
        "price_unit": "G"
      },
      {
        "state": "QLD",
        "price": "1150",
        "price_per_unit": "383",
        "price_unit": "G"
      },
      {
        "state": "WA",
        "price": "1150",
        "price_per_unit": "383",
        "price_unit": "G"
      },
      {
        "state": "SA",
        "price": "1150",
        "price_per_unit": "383",
        "price_unit": "G"
      },
      {
        "state": "TAS",
        "price": "1150",
        "price_per_unit": "383",
        "price_unit": "G"
      },
      {
        "state": "ACT",
        "price": "1150",
        "price_per_unit": "383",
        "price_unit": "G"
      },
      {
        "state": "NT",
        "price": "1205",
        "price_per_unit": "402",
        "price_unit": "G"
      }
    ]
  },
  {
    "source_url": "https://www.woolworths.com.au/shop/productdetails/236072/glen-20-24h-protection-original-disinfectant-spray",
    "name": "Glen 20 24h Protection Original Disinfectant Spray 300g",
    "image_url": "https://cdn1.woolworths.media/content/wowproductimages/large/236072.jpg",
    "source_id": "Woolworths - 236072",
    "barcode": "9300701079888",
    "category_id": "1_2432B58",
    "shop": "Woolworths",
    "weight": "100G",
    "prices": [
      {
        "state": "NSW",
        "price": "1150",
        "price_per_unit": "383",
        "price_unit": "G"
      },
      {
        "state": "VIC",
        "price": "1150",
        "price_per_unit": "383",
        "price_unit": "G"
      },
      {
        "state": "QLD",
        "price": "1150",
        "price_per_unit": "383",
        "price_unit": "G"
      },
      {
        "state": "WA",
        "price": "1150",
        "price_per_unit": "383",
        "price_unit": "G"
      },
      {
        "state": "SA",
        "price": "1150",
        "price_per_unit": "383",
        "price_unit": "G"
      },
      {
        "state": "TAS",
        "price": "1150",
        "price_per_unit": "383",
        "price_unit": "G"
      },
      {
        "state": "ACT",
        "price": "1150",
        "price_per_unit": "383",
        "price_unit": "G"
      },
      {
        "state": "NT",
        "price": "1205",
        "price_per_unit": "402",
        "price_unit": "G"
      }
    ]
  },
  {
    "source_url": "https://www.woolworths.com.au/shop/productdetails/331029/glen-20-all-in-one-citrus-breeze-disinfectant-spray",
    "name": "Glen 20 All-In-One Citrus Breeze Disinfectant Spray 300g",
    "image_url": "https://cdn1.woolworths.media/content/wowproductimages/large/331029.jpg",
    "source_id": "Woolworths - 331029",
    "barcode": "9300701209032",
    "category_id": "1_2432B58",
    "shop": "Woolworths",
    "weight": "100G",
    "prices": [
      {
        "state": "NSW",
        "price": "950",
        "price_per_unit": "317",
        "price_unit": "G"
      },
      {
        "state": "VIC",
        "price": "950",
        "price_per_unit": "317",
        "price_unit": "G"
      },
      {
        "state": "QLD",
        "price": "950",
        "price_per_unit": "317",
        "price_unit": "G"
      },
      {
        "state": "WA",
        "price": "950",
        "price_per_unit": "317",
        "price_unit": "G"
      },
      {
        "state": "SA",
        "price": "950",
        "price_per_unit": "317",
        "price_unit": "G"
      },
      {
        "state": "TAS",
        "price": "950",
        "price_per_unit": "317",
        "price_unit": "G"
      },
      {
        "state": "ACT",
        "price": "950",
        "price_per_unit": "317",
        "price_unit": "G"
      },
      {
        "state": "NT",
        "price": "990",
        "price_per_unit": "330",
        "price_unit": "G"
      }
    ]
  },
  {
    "source_url": "https://www.woolworths.com.au/shop/productdetails/307802/glen-20-all-in-one-citrus-breeze-disinfectant-spray",
    "name": "Glen 20 All-In-One Citrus Breeze Disinfectant Spray 490g",
    "image_url": "https://cdn1.woolworths.media/content/wowproductimages/large/307802.jpg",
    "source_id": "Woolworths - 307802",
    "barcode": "9300701519674",
    "category_id": "1_2432B58",
    "shop": "Woolworths",
    "weight": "100G",
    "prices": [
      {
        "state": "NSW",
        "price": "1450",
        "price_per_unit": "296",
        "price_unit": "G"
      },
      {
        "state": "VIC",
        "price": "1450",
        "price_per_unit": "296",
        "price_unit": "G"
      },
      {
        "state": "QLD",
        "price": "1450",
        "price_per_unit": "296",
        "price_unit": "G"
      },
      {
        "state": "WA",
        "price": "1450",
        "price_per_unit": "296",
        "price_unit": "G"
      },
      {
        "state": "SA",
        "price": "1450",
        "price_per_unit": "296",
        "price_unit": "G"
      },
      {
        "state": "TAS",
        "price": "1450",
        "price_per_unit": "296",
        "price_unit": "G"
      },
      {
        "state": "ACT",
        "price": "1450",
        "price_per_unit": "296",
        "price_unit": "G"
      }
    ]
  },
  {
    "source_url": "https://www.woolworths.com.au/shop/productdetails/82503/glen-20-all-in-one-country-scent-disinfectant-spray",
    "name": "Glen 20 All-In-One Country Scent Disinfectant Spray 300g",
    "image_url": "https://cdn1.woolworths.media/content/wowproductimages/large/082503.jpg",
    "source_id": "Woolworths - 82503",
    "barcode": "9300701985455",
    "category_id": "1_2432B58",
    "shop": "Woolworths",
    "weight": "100G",
    "prices": [
      {
        "state": "NSW",
        "price": "950",
        "price_per_unit": "317",
        "price_unit": "G"
      },
      {
        "state": "VIC",
        "price": "950",
        "price_per_unit": "317",
        "price_unit": "G"
      },
      {
        "state": "QLD",
        "price": "950",
        "price_per_unit": "317",
        "price_unit": "G"
      },
      {
        "state": "WA",
        "price": "950",
        "price_per_unit": "317",
        "price_unit": "G"
      },
      {
        "state": "SA",
        "price": "950",
        "price_per_unit": "317",
        "price_unit": "G"
      },
      {
        "state": "TAS",
        "price": "950",
        "price_per_unit": "317",
        "price_unit": "G"
      },
      {
        "state": "ACT",
        "price": "950",
        "price_per_unit": "317",
        "price_unit": "G"
      },
      {
        "state": "NT",
        "price": "990",
        "price_per_unit": "330",
        "price_unit": "G"
      }
    ]
  },
  {
    "source_url": "https://www.woolworths.com.au/shop/productdetails/319745/glen-20-all-in-one-country-scent-disinfectant-spray",
    "name": "Glen 20 All-In-One Country Scent Disinfectant Spray 375g",
    "image_url": "https://cdn1.woolworths.media/content/wowproductimages/large/319745.jpg",
    "source_id": "Woolworths - 319745",
    "barcode": "9300701901264",
    "category_id": "1_2432B58",
    "shop": "Woolworths",
    "weight": "100G",
    "prices": [
      {
        "state": "NSW",
        "price": "575",
        "price_per_unit": "153",
        "price_unit": "G"
      },
      {
        "state": "VIC",
        "price": "575",
        "price_per_unit": "153",
        "price_unit": "G"
      },
      {
        "state": "QLD",
        "price": "575",
        "price_per_unit": "153",
        "price_unit": "G"
      },
      {
        "state": "WA",
        "price": "575",
        "price_per_unit": "153",
        "price_unit": "G"
      },
      {
        "state": "SA",
        "price": "575",
        "price_per_unit": "153",
        "price_unit": "G"
      },
      {
        "state": "TAS",
        "price": "575",
        "price_per_unit": "153",
        "price_unit": "G"
      },
      {
        "state": "ACT",
        "price": "575",
        "price_per_unit": "153",
        "price_unit": "G"
      },
      {
        "state": "NT",
        "price": "600",
        "price_per_unit": "160",
        "price_unit": "G"
      }
    ]
  },
  {
    "source_url": "https://www.woolworths.com.au/shop/productdetails/44727/glen-20-all-in-one-crisp-linen-disinfectant-spray",
    "name": "Glen 20 All-In-One Crisp Linen Disinfectant Spray 175g",
    "image_url": "https://cdn1.woolworths.media/content/wowproductimages/large/044727.jpg",
    "source_id": "Woolworths - 44727",
    "barcode": "9300701985448",
    "category_id": "1_2432B58",
    "shop": "Woolworths",
    "weight": "100G",
    "prices": [
      {
        "state": "NSW",
        "price": "450",
        "price_per_unit": "257",
        "price_unit": "G"
      },
      {
        "state": "VIC",
        "price": "450",
        "price_per_unit": "257",
        "price_unit": "G"
      },
      {
        "state": "QLD",
        "price": "450",
        "price_per_unit": "257",
        "price_unit": "G"
      },
      {
        "state": "WA",
        "price": "450",
        "price_per_unit": "257",
        "price_unit": "G"
      },
      {
        "state": "SA",
        "price": "450",
        "price_per_unit": "257",
        "price_unit": "G"
      },
      {
        "state": "TAS",
        "price": "450",
        "price_per_unit": "257",
        "price_unit": "G"
      },
      {
        "state": "ACT",
        "price": "450",
        "price_per_unit": "257",
        "price_unit": "G"
      },
      {
        "state": "NT",
        "price": "450",
        "price_per_unit": "257",
        "price_unit": "G"
      }
    ]
  },
  {
    "source_url": "https://www.woolworths.com.au/shop/productdetails/376857/glen-20-all-in-one-lavender-disinfectant-spray",
    "name": "Glen 20 All-In-One Lavender Disinfectant Spray 300g",
    "image_url": "https://cdn1.woolworths.media/content/wowproductimages/large/376857.jpg",
    "source_id": "Woolworths - 376857",
    "barcode": "9300701158392",
    "category_id": "1_2432B58",
    "shop": "Woolworths",
    "weight": "100G",
    "prices": [
      {
        "state": "NSW",
        "price": "950",
        "price_per_unit": "317",
        "price_unit": "G"
      },
      {
        "state": "VIC",
        "price": "950",
        "price_per_unit": "317",
        "price_unit": "G"
      },
      {
        "state": "QLD",
        "price": "950",
        "price_per_unit": "317",
        "price_unit": "G"
      },
      {
        "state": "WA",
        "price": "950",
        "price_per_unit": "317",
        "price_unit": "G"
      },
      {
        "state": "SA",
        "price": "950",
        "price_per_unit": "317",
        "price_unit": "G"
      },
      {
        "state": "TAS",
        "price": "950",
        "price_per_unit": "317",
        "price_unit": "G"
      },
      {
        "state": "ACT",
        "price": "950",
        "price_per_unit": "317",
        "price_unit": "G"
      },
      {
        "state": "NT",
        "price": "990",
        "price_per_unit": "330",
        "price_unit": "G"
      }
    ]
  },
  {
    "source_url": "https://www.woolworths.com.au/shop/productdetails/15587/glen-20-all-in-one-original-disinfectant-spray",
    "name": "Glen 20 All-In-One Original Disinfectant Spray 300g",
    "image_url": "https://cdn1.woolworths.media/content/wowproductimages/large/015587.jpg",
    "source_id": "Woolworths - 15587",
    "barcode": "9310045950255",
    "category_id": "1_2432B58",
    "shop": "Woolworths",
    "weight": "100G",
    "prices": [
      {
        "state": "NSW",
        "price": "950",
        "price_per_unit": "317",
        "price_unit": "G"
      },
      {
        "state": "VIC",
        "price": "950",
        "price_per_unit": "317",
        "price_unit": "G"
      },
      {
        "state": "QLD",
        "price": "950",
        "price_per_unit": "317",
        "price_unit": "G"
      },
      {
        "state": "WA",
        "price": "950",
        "price_per_unit": "317",
        "price_unit": "G"
      },
      {
        "state": "SA",
        "price": "950",
        "price_per_unit": "317",
        "price_unit": "G"
      },
      {
        "state": "TAS",
        "price": "950",
        "price_per_unit": "317",
        "price_unit": "G"
      },
      {
        "state": "ACT",
        "price": "950",
        "price_per_unit": "317",
        "price_unit": "G"
      },
      {
        "state": "NT",
        "price": "990",
        "price_per_unit": "330",
        "price_unit": "G"
      }
    ]
  },
  {
    "source_url": "https://www.woolworths.com.au/shop/productdetails/156543/glen-20-all-in-one-original-disinfectant-spray",
    "name": "Glen 20 All-In-One Original Disinfectant Spray 375g",
    "image_url": "https://cdn1.woolworths.media/content/wowproductimages/large/156543.jpg",
    "source_id": "Woolworths - 156543",
    "barcode": "9300701837297",
    "category_id": "1_2432B58",
    "shop": "Woolworths",
    "weight": "100G",
    "prices": [
      {
        "state": "NSW",
        "price": "575",
        "price_per_unit": "153",
        "price_unit": "G"
      },
      {
        "state": "VIC",
        "price": "575",
        "price_per_unit": "153",
        "price_unit": "G"
      },
      {
        "state": "QLD",
        "price": "575",
        "price_per_unit": "153",
        "price_unit": "G"
      },
      {
        "state": "WA",
        "price": "575",
        "price_per_unit": "153",
        "price_unit": "G"
      },
      {
        "state": "SA",
        "price": "575",
        "price_per_unit": "153",
        "price_unit": "G"
      },
      {
        "state": "TAS",
        "price": "575",
        "price_per_unit": "153",
        "price_unit": "G"
      },
      {
        "state": "ACT",
        "price": "575",
        "price_per_unit": "153",
        "price_unit": "G"
      },
      {
        "state": "NT",
        "price": "600",
        "price_per_unit": "160",
        "price_unit": "G"
      }
    ]
  },
  {
    "source_url": "https://www.woolworths.com.au/shop/productdetails/307868/glen-20-all-in-one-original-disinfectant-spray",
    "name": "Glen 20 All-In-One Original Disinfectant Spray 490g",
    "image_url": "https://cdn1.woolworths.media/content/wowproductimages/large/307868.jpg",
    "source_id": "Woolworths - 307868",
    "barcode": "9300701503383",
    "category_id": "1_2432B58",
    "shop": "Woolworths",
    "weight": "100G",
    "prices": [
      {
        "state": "NSW",
        "price": "1450",
        "price_per_unit": "296",
        "price_unit": "G"
      },
      {
        "state": "VIC",
        "price": "1450",
        "price_per_unit": "296",
        "price_unit": "G"
      },
      {
        "state": "QLD",
        "price": "1450",
        "price_per_unit": "296",
        "price_unit": "G"
      },
      {
        "state": "WA",
        "price": "1450",
        "price_per_unit": "296",
        "price_unit": "G"
      },
      {
        "state": "SA",
        "price": "1450",
        "price_per_unit": "296",
        "price_unit": "G"
      },
      {
        "state": "TAS",
        "price": "1450",
        "price_per_unit": "296",
        "price_unit": "G"
      },
      {
        "state": "ACT",
        "price": "1450",
        "price_per_unit": "296",
        "price_unit": "G"
      }
    ]
  },
  {
    "source_url": "https://www.woolworths.com.au/shop/productdetails/785902/glen-20-light-fresh-berry-breeze-disinfectant-spray",
    "name": "Glen 20 Light & Fresh Berry Breeze Disinfectant Spray 300g",
    "image_url": "https://cdn1.woolworths.media/content/wowproductimages/large/785902.jpg",
    "source_id": "Woolworths - 785902",
    "barcode": "9300701701499",
    "category_id": "1_2432B58",
    "shop": "Woolworths",
    "weight": "100G",
    "prices": [
      {
        "state": "NSW",
        "price": "950",
        "price_per_unit": "317",
        "price_unit": "G"
      },
      {
        "state": "VIC",
        "price": "950",
        "price_per_unit": "317",
        "price_unit": "G"
      },
      {
        "state": "QLD",
        "price": "950",
        "price_per_unit": "317",
        "price_unit": "G"
      },
      {
        "state": "WA",
        "price": "950",
        "price_per_unit": "317",
        "price_unit": "G"
      },
      {
        "state": "SA",
        "price": "950",
        "price_per_unit": "317",
        "price_unit": "G"
      },
      {
        "state": "TAS",
        "price": "950",
        "price_per_unit": "317",
        "price_unit": "G"
      },
      {
        "state": "ACT",
        "price": "950",
        "price_per_unit": "317",
        "price_unit": "G"
      },
      {
        "state": "NT",
        "price": "990",
        "price_per_unit": "330",
        "price_unit": "G"
      }
    ]
  },
  {
    "source_url": "https://www.woolworths.com.au/shop/productdetails/107085/glen-20-pure-fresh-water-disinfectant-spray",
    "name": "Glen 20 Pure Fresh Water Disinfectant Spray 283g",
    "image_url": "https://cdn1.woolworths.media/content/wowproductimages/large/107085.jpg",
    "source_id": "Woolworths - 107085",
    "barcode": "9300701127770",
    "category_id": "1_2432B58",
    "shop": "Woolworths",
    "weight": "100G",
    "prices": [
      {
        "state": "NSW",
        "price": "575",
        "price_per_unit": "203",
        "price_unit": "G"
      },
      {
        "state": "VIC",
        "price": "575",
        "price_per_unit": "203",
        "price_unit": "G"
      },
      {
        "state": "QLD",
        "price": "575",
        "price_per_unit": "203",
        "price_unit": "G"
      },
      {
        "state": "WA",
        "price": "575",
        "price_per_unit": "203",
        "price_unit": "G"
      },
      {
        "state": "SA",
        "price": "575",
        "price_per_unit": "203",
        "price_unit": "G"
      },
      {
        "state": "TAS",
        "price": "575",
        "price_per_unit": "203",
        "price_unit": "G"
      },
      {
        "state": "ACT",
        "price": "575",
        "price_per_unit": "203",
        "price_unit": "G"
      },
      {
        "state": "NT",
        "price": "575",
        "price_per_unit": "203",
        "price_unit": "G"
      }
    ]
  },
  {
    "source_url": "https://www.woolworths.com.au/shop/productdetails/108567/glen-20-pure-morning-breeze-disinfectant-spray",
    "name": "Glen 20 Pure Morning Breeze Disinfectant Spray 283g",
    "image_url": "https://cdn1.woolworths.media/content/wowproductimages/large/108567.jpg",
    "source_id": "Woolworths - 108567",
    "barcode": "9300701127787",
    "category_id": "1_2432B58",
    "shop": "Woolworths",
    "weight": "100G",
    "prices": [
      {
        "state": "NSW",
        "price": "575",
        "price_per_unit": "203",
        "price_unit": "G"
      },
      {
        "state": "VIC",
        "price": "575",
        "price_per_unit": "203",
        "price_unit": "G"
      },
      {
        "state": "QLD",
        "price": "575",
        "price_per_unit": "203",
        "price_unit": "G"
      },
      {
        "state": "WA",
        "price": "575",
        "price_per_unit": "203",
        "price_unit": "G"
      },
      {
        "state": "SA",
        "price": "575",
        "price_per_unit": "203",
        "price_unit": "G"
      },
      {
        "state": "ACT",
        "price": "575",
        "price_per_unit": "203",
        "price_unit": "G"
      },
      {
        "state": "NT",
        "price": "575",
        "price_per_unit": "203",
        "price_unit": "G"
      }
    ]
  },
  {
    "source_url": "https://www.woolworths.com.au/shop/productdetails/903739/glen-20-spray-disinfectant-brand-new-day-coconut-sea-salt",
    "name": "Glen 20 Spray Disinfectant Brand New Day Coconut & Sea Salt 375g",
    "image_url": "https://cdn1.woolworths.media/content/wowproductimages/large/903739.jpg",
    "source_id": "Woolworths - 903739",
    "barcode": "9300701768393",
    "category_id": "1_2432B58",
    "shop": "Woolworths",
    "weight": "100G",
    "prices": [
      {
        "state": "NSW",
        "price": "800",
        "price_per_unit": "213",
        "price_unit": "G"
      },
      {
        "state": "VIC",
        "price": "800",
        "price_per_unit": "213",
        "price_unit": "G"
      },
      {
        "state": "QLD",
        "price": "800",
        "price_per_unit": "213",
        "price_unit": "G"
      },
      {
        "state": "WA",
        "price": "800",
        "price_per_unit": "213",
        "price_unit": "G"
      },
      {
        "state": "SA",
        "price": "800",
        "price_per_unit": "213",
        "price_unit": "G"
      },
      {
        "state": "TAS",
        "price": "800",
        "price_per_unit": "213",
        "price_unit": "G"
      },
      {
        "state": "ACT",
        "price": "800",
        "price_per_unit": "213",
        "price_unit": "G"
      },
      {
        "state": "NT",
        "price": "800",
        "price_per_unit": "213",
        "price_unit": "G"
      }
    ]
  },
  {
    "source_url": "https://www.woolworths.com.au/shop/productdetails/905156/glen-20-spray-disinfectant-brand-new-day-mandarin-ginger-lily",
    "name": "Glen 20 Spray Disinfectant Brand New Day Mandarin & Ginger Lily 375g",
    "image_url": "https://cdn1.woolworths.media/content/wowproductimages/large/905156.jpg",
    "source_id": "Woolworths - 905156",
    "barcode": "9300701768409",
    "category_id": "1_2432B58",
    "shop": "Woolworths",
    "weight": "100G",
    "prices": [
      {
        "state": "NSW",
        "price": "800",
        "price_per_unit": "213",
        "price_unit": "G"
      },
      {
        "state": "VIC",
        "price": "800",
        "price_per_unit": "213",
        "price_unit": "G"
      },
      {
        "state": "QLD",
        "price": "800",
        "price_per_unit": "213",
        "price_unit": "G"
      },
      {
        "state": "WA",
        "price": "800",
        "price_per_unit": "213",
        "price_unit": "G"
      },
      {
        "state": "SA",
        "price": "800",
        "price_per_unit": "213",
        "price_unit": "G"
      },
      {
        "state": "ACT",
        "price": "800",
        "price_per_unit": "213",
        "price_unit": "G"
      },
      {
        "state": "NT",
        "price": "800",
        "price_per_unit": "213",
        "price_unit": "G"
      }
    ]
  },
  {
    "source_url": "https://www.woolworths.com.au/shop/productdetails/32024/white-king-bleach-lemon",
    "name": "White King Bleach Lemon 1.25l",
    "image_url": "https://cdn1.woolworths.media/content/wowproductimages/large/032024.jpg",
    "source_id": "Woolworths - 32024",
    "barcode": "9333441000935",
    "category_id": "1_2432B58",
    "shop": "Woolworths",
    "weight": "1L",
    "prices": [
      {
        "state": "NSW",
        "price": "300",
        "price_per_unit": "240",
        "price_unit": "L"
      },
      {
        "state": "VIC",
        "price": "300",
        "price_per_unit": "240",
        "price_unit": "L"
      },
      {
        "state": "QLD",
        "price": "300",
        "price_per_unit": "240",
        "price_unit": "L"
      },
      {
        "state": "WA",
        "price": "300",
        "price_per_unit": "240",
        "price_unit": "L"
      },
      {
        "state": "SA",
        "price": "300",
        "price_per_unit": "240",
        "price_unit": "L"
      },
      {
        "state": "TAS",
        "price": "300",
        "price_per_unit": "240",
        "price_unit": "L"
      },
      {
        "state": "ACT",
        "price": "300",
        "price_per_unit": "240",
        "price_unit": "L"
      },
      {
        "state": "NT",
        "price": "310",
        "price_per_unit": "248",
        "price_unit": "L"
      }
    ]
  },
  {
    "source_url": "https://www.woolworths.com.au/shop/productdetails/37801/white-king-premium-bleach-lemon",
    "name": "White King Premium Bleach Lemon 2.5L",
    "image_url": "https://cdn1.woolworths.media/content/wowproductimages/large/037801.jpg",
    "source_id": "Woolworths - 37801",
    "barcode": "9333441000973",
    "category_id": "1_2432B58",
    "shop": "Woolworths",
    "weight": "1L",
    "prices": [
      {
        "state": "NSW",
        "price": "480",
        "price_per_unit": "192",
        "price_unit": "L"
      },
      {
        "state": "VIC",
        "price": "480",
        "price_per_unit": "192",
        "price_unit": "L"
      },
      {
        "state": "QLD",
        "price": "480",
        "price_per_unit": "192",
        "price_unit": "L"
      },
      {
        "state": "WA",
        "price": "480",
        "price_per_unit": "192",
        "price_unit": "L"
      },
      {
        "state": "SA",
        "price": "480",
        "price_per_unit": "192",
        "price_unit": "L"
      },
      {
        "state": "TAS",
        "price": "480",
        "price_per_unit": "192",
        "price_unit": "L"
      },
      {
        "state": "ACT",
        "price": "480",
        "price_per_unit": "192",
        "price_unit": "L"
      },
      {
        "state": "NT",
        "price": "500",
        "price_per_unit": "200",
        "price_unit": "L"
      }
    ]
  },
  {
    "source_url": "https://www.woolworths.com.au/shop/productdetails/44100/white-king-premium-bleach-regular",
    "name": "White King Premium Bleach Regular 2.5L",
    "image_url": "https://cdn1.woolworths.media/content/wowproductimages/large/044100.jpg",
    "source_id": "Woolworths - 44100",
    "barcode": "9333441000959",
    "category_id": "1_2432B58",
    "shop": "Woolworths",
    "weight": "1L",
    "prices": [
      {
        "state": "NSW",
        "price": "480",
        "price_per_unit": "192",
        "price_unit": "L"
      },
      {
        "state": "VIC",
        "price": "480",
        "price_per_unit": "192",
        "price_unit": "L"
      },
      {
        "state": "QLD",
        "price": "480",
        "price_per_unit": "192",
        "price_unit": "L"
      },
      {
        "state": "WA",
        "price": "480",
        "price_per_unit": "192",
        "price_unit": "L"
      },
      {
        "state": "SA",
        "price": "480",
        "price_per_unit": "192",
        "price_unit": "L"
      },
      {
        "state": "TAS",
        "price": "480",
        "price_per_unit": "192",
        "price_unit": "L"
      },
      {
        "state": "ACT",
        "price": "480",
        "price_per_unit": "192",
        "price_unit": "L"
      },
      {
        "state": "NT",
        "price": "500",
        "price_per_unit": "200",
        "price_unit": "L"
      }
    ]
  },
  {
    "source_url": "https://www.woolworths.com.au/shop/productdetails/8304/pine-o-cleen-all-in-1-lemon-antibacterial-disinfectant-gel",
    "name": "Pine O Cleen All In 1 Lemon Antibacterial Disinfectant Gel 400ml",
    "image_url": "https://cdn1.woolworths.media/content/wowproductimages/large/008304.jpg",
    "source_id": "Woolworths - 8304",
    "barcode": "9300701825324",
    "category_id": "1_2432B58",
    "shop": "Woolworths",
    "weight": "100ML",
    "prices": [
      {
        "state": "NSW",
        "price": "300",
        "price_per_unit": "75",
        "price_unit": "ML"
      },
      {
        "state": "VIC",
        "price": "300",
        "price_per_unit": "75",
        "price_unit": "ML"
      },
      {
        "state": "QLD",
        "price": "300",
        "price_per_unit": "75",
        "price_unit": "ML"
      },
      {
        "state": "WA",
        "price": "300",
        "price_per_unit": "75",
        "price_unit": "ML"
      },
      {
        "state": "SA",
        "price": "300",
        "price_per_unit": "75",
        "price_unit": "ML"
      },
      {
        "state": "TAS",
        "price": "300",
        "price_per_unit": "75",
        "price_unit": "ML"
      },
      {
        "state": "ACT",
        "price": "300",
        "price_per_unit": "75",
        "price_unit": "ML"
      },
      {
        "state": "NT",
        "price": "315",
        "price_per_unit": "79",
        "price_unit": "ML"
      }
    ]
  },
  {
    "source_url": "https://www.woolworths.com.au/shop/productdetails/222532/pine-o-cleen-brand-new-day-coconut-disinfectant-liquid",
    "name": "Pine O Cleen Brand New Day Coconut Disinfectant Liquid 1.25l",
    "image_url": "https://cdn1.woolworths.media/content/wowproductimages/large/222532.jpg",
    "source_id": "Woolworths - 222532",
    "barcode": "9300701188351",
    "category_id": "1_2432B58",
    "shop": "Woolworths",
    "weight": "100ML",
    "prices": [
      {
        "state": "NSW",
        "price": "800",
        "price_per_unit": "64",
        "price_unit": "ML"
      },
      {
        "state": "VIC",
        "price": "800",
        "price_per_unit": "64",
        "price_unit": "ML"
      },
      {
        "state": "QLD",
        "price": "800",
        "price_per_unit": "64",
        "price_unit": "ML"
      },
      {
        "state": "WA",
        "price": "800",
        "price_per_unit": "64",
        "price_unit": "ML"
      },
      {
        "state": "SA",
        "price": "800",
        "price_per_unit": "64",
        "price_unit": "ML"
      },
      {
        "state": "TAS",
        "price": "800",
        "price_per_unit": "64",
        "price_unit": "ML"
      },
      {
        "state": "ACT",
        "price": "800",
        "price_per_unit": "64",
        "price_unit": "ML"
      },
      {
        "state": "NT",
        "price": "840",
        "price_per_unit": "67",
        "price_unit": "ML"
      }
    ]
  },
  {
    "source_url": "https://www.woolworths.com.au/shop/productdetails/222411/pine-o-cleen-brand-new-day-mandarin-disinfectant-liquid",
    "name": "Pine O Cleen Brand New Day Mandarin Disinfectant Liquid 1.25l",
    "image_url": "https://cdn1.woolworths.media/content/wowproductimages/large/222411.jpg",
    "source_id": "Woolworths - 222411",
    "barcode": "9300701188344",
    "category_id": "1_2432B58",
    "shop": "Woolworths",
    "weight": "100ML",
    "prices": [
      {
        "state": "NSW",
        "price": "800",
        "price_per_unit": "64",
        "price_unit": "ML"
      },
      {
        "state": "VIC",
        "price": "800",
        "price_per_unit": "64",
        "price_unit": "ML"
      },
      {
        "state": "QLD",
        "price": "800",
        "price_per_unit": "64",
        "price_unit": "ML"
      },
      {
        "state": "WA",
        "price": "800",
        "price_per_unit": "64",
        "price_unit": "ML"
      },
      {
        "state": "SA",
        "price": "800",
        "price_per_unit": "64",
        "price_unit": "ML"
      },
      {
        "state": "TAS",
        "price": "800",
        "price_per_unit": "64",
        "price_unit": "ML"
      },
      {
        "state": "ACT",
        "price": "800",
        "price_per_unit": "64",
        "price_unit": "ML"
      },
      {
        "state": "NT",
        "price": "840",
        "price_per_unit": "67",
        "price_unit": "ML"
      }
    ]
  },
  {
    "source_url": "https://www.woolworths.com.au/shop/productdetails/70022/pine-o-cleen-eucalyptus-disinfectant-liquid",
    "name": "Pine O Cleen Eucalyptus Disinfectant Liquid 1.25l",
    "image_url": "https://cdn1.woolworths.media/content/wowproductimages/large/070022.jpg",
    "source_id": "Woolworths - 70022",
    "barcode": "9300701400767",
    "category_id": "1_2432B58",
    "shop": "Woolworths",
    "weight": "100ML",
    "prices": [
      {
        "state": "NSW",
        "price": "800",
        "price_per_unit": "64",
        "price_unit": "ML"
      },
      {
        "state": "VIC",
        "price": "800",
        "price_per_unit": "64",
        "price_unit": "ML"
      },
      {
        "state": "QLD",
        "price": "800",
        "price_per_unit": "64",
        "price_unit": "ML"
      },
      {
        "state": "WA",
        "price": "800",
        "price_per_unit": "64",
        "price_unit": "ML"
      },
      {
        "state": "SA",
        "price": "800",
        "price_per_unit": "64",
        "price_unit": "ML"
      },
      {
        "state": "TAS",
        "price": "800",
        "price_per_unit": "64",
        "price_unit": "ML"
      },
      {
        "state": "ACT",
        "price": "800",
        "price_per_unit": "64",
        "price_unit": "ML"
      },
      {
        "state": "NT",
        "price": "840",
        "price_per_unit": "67",
        "price_unit": "ML"
      }
    ]
  },
  {
    "source_url": "https://www.woolworths.com.au/shop/productdetails/139515/pine-o-cleen-lavender-disinfectant-liquid",
    "name": "Pine O Cleen Lavender Disinfectant Liquid 1.25l",
    "image_url": "https://cdn1.woolworths.media/content/wowproductimages/large/139515.jpg",
    "source_id": "Woolworths - 139515",
    "barcode": "9300701001377",
    "category_id": "1_2432B58",
    "shop": "Woolworths",
    "weight": "100ML",
    "prices": [
      {
        "state": "NSW",
        "price": "800",
        "price_per_unit": "64",
        "price_unit": "ML"
      },
      {
        "state": "VIC",
        "price": "800",
        "price_per_unit": "64",
        "price_unit": "ML"
      },
      {
        "state": "QLD",
        "price": "800",
        "price_per_unit": "64",
        "price_unit": "ML"
      },
      {
        "state": "WA",
        "price": "800",
        "price_per_unit": "64",
        "price_unit": "ML"
      },
      {
        "state": "SA",
        "price": "800",
        "price_per_unit": "64",
        "price_unit": "ML"
      },
      {
        "state": "TAS",
        "price": "800",
        "price_per_unit": "64",
        "price_unit": "ML"
      },
      {
        "state": "ACT",
        "price": "800",
        "price_per_unit": "64",
        "price_unit": "ML"
      },
      {
        "state": "NT",
        "price": "840",
        "price_per_unit": "67",
        "price_unit": "ML"
      }
    ]
  },
  {
    "source_url": "https://www.woolworths.com.au/shop/productdetails/1846/pine-o-cleen-pine-disinfectant-liquid",
    "name": "Pine O Cleen Pine Disinfectant Liquid 1.25l",
    "image_url": "https://cdn1.woolworths.media/content/wowproductimages/large/001846.jpg",
    "source_id": "Woolworths - 1846",
    "barcode": "9300701404437",
    "category_id": "1_2432B58",
    "shop": "Woolworths",
    "weight": "100ML",
    "prices": [
      {
        "state": "NSW",
        "price": "800",
        "price_per_unit": "64",
        "price_unit": "ML"
      },
      {
        "state": "VIC",
        "price": "800",
        "price_per_unit": "64",
        "price_unit": "ML"
      },
      {
        "state": "QLD",
        "price": "800",
        "price_per_unit": "64",
        "price_unit": "ML"
      },
      {
        "state": "WA",
        "price": "800",
        "price_per_unit": "64",
        "price_unit": "ML"
      },
      {
        "state": "SA",
        "price": "800",
        "price_per_unit": "64",
        "price_unit": "ML"
      },
      {
        "state": "TAS",
        "price": "800",
        "price_per_unit": "64",
        "price_unit": "ML"
      },
      {
        "state": "ACT",
        "price": "800",
        "price_per_unit": "64",
        "price_unit": "ML"
      },
      {
        "state": "NT",
        "price": "840",
        "price_per_unit": "67",
        "price_unit": "ML"
      }
    ]
  },
  {
    "source_url": "https://www.woolworths.com.au/shop/productdetails/279742/strike-aerosol-disinfectant-hospital-grade-marine-fresh",
    "name": "Strike Aerosol Disinfectant Hospital Grade Marine Fresh 300g",
    "image_url": "https://cdn1.woolworths.media/content/wowproductimages/large/279742.jpg",
    "source_id": "Woolworths - 279742",
    "barcode": "9300633973872",
    "category_id": "1_2432B58",
    "shop": "Woolworths",
    "weight": "100G",
    "prices": [
      {
        "state": "NSW",
        "price": "350",
        "price_per_unit": "117",
        "price_unit": "G"
      },
      {
        "state": "VIC",
        "price": "350",
        "price_per_unit": "117",
        "price_unit": "G"
      },
      {
        "state": "WA",
        "price": "350",
        "price_per_unit": "117",
        "price_unit": "G"
      },
      {
        "state": "SA",
        "price": "350",
        "price_per_unit": "117",
        "price_unit": "G"
      },
      {
        "state": "TAS",
        "price": "350",
        "price_per_unit": "117",
        "price_unit": "G"
      },
      {
        "state": "ACT",
        "price": "350",
        "price_per_unit": "117",
        "price_unit": "G"
      },
      {
        "state": "NT",
        "price": "350",
        "price_per_unit": "117",
        "price_unit": "G"
      }
    ]
  },
  {
    "source_url": "https://www.woolworths.com.au/shop/productdetails/665353/strike-disinfectant-spray-eucalyptus",
    "name": "Strike Disinfectant Spray Eucalyptus 300g",
    "image_url": "https://cdn1.woolworths.media/content/wowproductimages/large/665353.jpg",
    "source_id": "Woolworths - 665353",
    "barcode": "9339687013487",
    "category_id": "1_2432B58",
    "shop": "Woolworths",
    "weight": "100G",
    "prices": [
      {
        "state": "NSW",
        "price": "350",
        "price_per_unit": "117",
        "price_unit": "G"
      },
      {
        "state": "VIC",
        "price": "350",
        "price_per_unit": "117",
        "price_unit": "G"
      },
      {
        "state": "QLD",
        "price": "350",
        "price_per_unit": "117",
        "price_unit": "G"
      },
      {
        "state": "WA",
        "price": "350",
        "price_per_unit": "117",
        "price_unit": "G"
      },
      {
        "state": "SA",
        "price": "350",
        "price_per_unit": "117",
        "price_unit": "G"
      },
      {
        "state": "TAS",
        "price": "350",
        "price_per_unit": "117",
        "price_unit": "G"
      },
      {
        "state": "ACT",
        "price": "350",
        "price_per_unit": "117",
        "price_unit": "G"
      },
      {
        "state": "NT",
        "price": "350",
        "price_per_unit": "117",
        "price_unit": "G"
      }
    ]
  },
  {
    "source_url": "https://www.woolworths.com.au/shop/productdetails/178479/strike-pro-disinfectant-lavender-hospital-grade",
    "name": "Strike Pro Disinfectant Lavender Hospital Grade 1.25l",
    "image_url": "https://cdn1.woolworths.media/content/wowproductimages/large/178479.jpg",
    "source_id": "Woolworths - 178479",
    "barcode": "9339687272235",
    "category_id": "1_2432B58",
    "shop": "Woolworths",
    "weight": "100ML",
    "prices": [
      {
        "state": "NSW",
        "price": "250",
        "price_per_unit": "20",
        "price_unit": "ML"
      },
      {
        "state": "VIC",
        "price": "250",
        "price_per_unit": "20",
        "price_unit": "ML"
      },
      {
        "state": "QLD",
        "price": "250",
        "price_per_unit": "20",
        "price_unit": "ML"
      },
      {
        "state": "WA",
        "price": "250",
        "price_per_unit": "20",
        "price_unit": "ML"
      },
      {
        "state": "SA",
        "price": "250",
        "price_per_unit": "20",
        "price_unit": "ML"
      },
      {
        "state": "TAS",
        "price": "250",
        "price_per_unit": "20",
        "price_unit": "ML"
      },
      {
        "state": "ACT",
        "price": "250",
        "price_per_unit": "20",
        "price_unit": "ML"
      },
      {
        "state": "NT",
        "price": "250",
        "price_per_unit": "20",
        "price_unit": "ML"
      }
    ]
  },
  {
    "source_url": "https://www.woolworths.com.au/shop/productdetails/183854/strike-pro-domestic-cleaner-antibacterial-thick-bleach",
    "name": "Strike Pro Domestic Cleaner Antibacterial Thick Bleach 1.25l",
    "image_url": "https://cdn1.woolworths.media/content/wowproductimages/large/183854.jpg",
    "source_id": "Woolworths - 183854",
    "barcode": "9339687276707",
    "category_id": "1_2432B58",
    "shop": "Woolworths",
    "weight": "100ML",
    "prices": [
      {
        "state": "NSW",
        "price": "250",
        "price_per_unit": "20",
        "price_unit": "ML"
      },
      {
        "state": "VIC",
        "price": "250",
        "price_per_unit": "20",
        "price_unit": "ML"
      },
      {
        "state": "WA",
        "price": "250",
        "price_per_unit": "20",
        "price_unit": "ML"
      },
      {
        "state": "SA",
        "price": "250",
        "price_per_unit": "20",
        "price_unit": "ML"
      },
      {
        "state": "TAS",
        "price": "250",
        "price_per_unit": "20",
        "price_unit": "ML"
      },
      {
        "state": "ACT",
        "price": "250",
        "price_per_unit": "20",
        "price_unit": "ML"
      },
      {
        "state": "NT",
        "price": "250",
        "price_per_unit": "20",
        "price_unit": "ML"
      }
    ]
  },
  {
    "source_url": "https://www.woolworths.com.au/shop/productdetails/235619/white-king-multipurpose-power-cleaner-lemon",
    "name": "White King Multipurpose Power Cleaner Lemon 1l",
    "image_url": "https://cdn1.woolworths.media/content/wowproductimages/large/235619.jpg",
    "source_id": "Woolworths - 235619",
    "barcode": "9300636017733",
    "category_id": "1_2432B58",
    "shop": "Woolworths",
    "weight": "100ML",
    "prices": [
      {
        "state": "NSW",
        "price": "440",
        "price_per_unit": "44",
        "price_unit": "ML"
      },
      {
        "state": "VIC",
        "price": "440",
        "price_per_unit": "44",
        "price_unit": "ML"
      },
      {
        "state": "QLD",
        "price": "440",
        "price_per_unit": "44",
        "price_unit": "ML"
      },
      {
        "state": "WA",
        "price": "440",
        "price_per_unit": "44",
        "price_unit": "ML"
      },
      {
        "state": "SA",
        "price": "440",
        "price_per_unit": "44",
        "price_unit": "ML"
      },
      {
        "state": "TAS",
        "price": "440",
        "price_per_unit": "44",
        "price_unit": "ML"
      },
      {
        "state": "ACT",
        "price": "440",
        "price_per_unit": "44",
        "price_unit": "ML"
      },
      {
        "state": "NT",
        "price": "440",
        "price_per_unit": "44",
        "price_unit": "ML"
      }
    ]
  },
  {
    "source_url": "https://www.woolworths.com.au/shop/productdetails/312003/banyar-jagun-hospital-grade-disinfectant-unscented-spray",
    "name": "Banyar Jagun Hospital Grade Disinfectant Unscented Spray 500ml",
    "image_url": "https://cdn1.woolworths.media/content/wowproductimages/large/312003.jpg",
    "source_id": "Woolworths - 312003",
    "barcode": "9309000930012",
    "category_id": "1_2432B58",
    "shop": "Woolworths",
    "weight": "100ML",
    "prices": [
      {
        "state": "VIC",
        "price": "695",
        "price_per_unit": "139",
        "price_unit": "ML"
      },
      {
        "state": "SA",
        "price": "695",
        "price_per_unit": "139",
        "price_unit": "ML"
      },
      {
        "state": "ACT",
        "price": "695",
        "price_per_unit": "139",
        "price_unit": "ML"
      },
      {
        "state": "NT",
        "price": "730",
        "price_per_unit": "146",
        "price_unit": "ML"
      }
    ]
  },
  {
    "source_url": "https://www.woolworths.com.au/shop/productdetails/69455/dettol-antibacterial-disinfectant-liquid-solution",
    "name": "Dettol Antibacterial Disinfectant Liquid Solution 750ml",
    "image_url": "https://cdn1.woolworths.media/content/wowproductimages/large/069455.jpg",
    "source_id": "Woolworths - 69455",
    "barcode": "9400528032179",
    "category_id": "1_2432B58",
    "shop": "Woolworths",
    "weight": "100ML",
    "prices": [
      {
        "state": "VIC",
        "price": "1170",
        "price_per_unit": "156",
        "price_unit": "ML"
      },
      {
        "state": "QLD",
        "price": "1170",
        "price_per_unit": "156",
        "price_unit": "ML"
      },
      {
        "state": "WA",
        "price": "1170",
        "price_per_unit": "156",
        "price_unit": "ML"
      },
      {
        "state": "SA",
        "price": "1170",
        "price_per_unit": "156",
        "price_unit": "ML"
      },
      {
        "state": "TAS",
        "price": "1170",
        "price_per_unit": "156",
        "price_unit": "ML"
      },
      {
        "state": "ACT",
        "price": "1170",
        "price_per_unit": "156",
        "price_unit": "ML"
      },
      {
        "state": "NT",
        "price": "1225",
        "price_per_unit": "163",
        "price_unit": "ML"
      }
    ]
  },
  {
    "source_url": "https://www.woolworths.com.au/shop/productdetails/785900/glen-20-light-fresh-summer-garden-disinfectant-spray",
    "name": "Glen 20 Light & Fresh Summer Garden Disinfectant Spray 300g",
    "image_url": "https://cdn1.woolworths.media/content/wowproductimages/large/785900.jpg",
    "source_id": "Woolworths - 785900",
    "barcode": "9300701701482",
    "category_id": "1_2432B58",
    "shop": "Woolworths",
    "weight": "100G",
    "prices": [
      {
        "state": "VIC",
        "price": "950",
        "price_per_unit": "317",
        "price_unit": "G"
      },
      {
        "state": "SA",
        "price": "950",
        "price_per_unit": "317",
        "price_unit": "G"
      },
      {
        "state": "NT",
        "price": "990",
        "price_per_unit": "330",
        "price_unit": "G"
      }
    ]
  }
]