[
  {
    "source_url": "https://www.woolworths.com.au/shop/productdetails/208934/biozet-attack-eliminator-liquid-refill",
    "name": "Biozet Attack Eliminator Liquid Refill 1.8l",
    "image_url": "https://cdn1.woolworths.media/content/wowproductimages/large/208934.jpg",
    "source_id": "Woolworths - 208934",
    "barcode": "4710363824835",
    "category_id": "1_2432B58",
    "shop": "Woolworths",
    "weight": "1L",
    "prices": [
      {
        "state": "NSW",
        "price": "2200",
        "price_per_unit": "1222",
        "price_unit": "L"
      },
      {
        "state": "VIC",
        "price": "2200",
        "price_per_unit": "1222",
        "price_unit": "L"
      },
      {
        "state": "QLD",
        "price": "2200",
        "price_per_unit": "1222",
        "price_unit": "L"
      },
      {
        "state": "WA",
        "price": "2200",
        "price_per_unit": "1222",
        "price_unit": "L"
      },
      {
        "state": "SA",
        "price": "2200",
        "price_per_unit": "1222",
        "price_unit": "L"
      },
      {
        "state": "TAS",
        "price": "2200",
        "price_per_unit": "1222",
        "price_unit": "L"
      },
      {
        "state": "ACT",
        "price": "2200",
        "price_per_unit": "1222",
        "price_unit": "L"
      }
    ]
  },
  {
    "source_url": "https://www.woolworths.com.au/shop/productdetails/425288/biozet-attack-front-top-loader-regular-laundry-liquid",
    "name": "Biozet Attack Front & Top Loader Regular Laundry Liquid 2l",
    "image_url": "https://cdn1.woolworths.media/content/wowproductimages/large/425288.jpg",
    "source_id": "Woolworths - 425288",
    "barcode": "4710363777698",
    "category_id": "1_2432B58",
    "shop": "Woolworths",
    "weight": "1L",
    "prices": [
      {
        "state": "NSW",
        "price": "2400",
        "price_per_unit": "1200",
        "price_unit": "L"
      },
      {
        "state": "VIC",
        "price": "2400",
        "price_per_unit": "1200",
        "price_unit": "L"
      },
      {
        "state": "QLD",
        "price": "2400",
        "price_per_unit": "1200",
        "price_unit": "L"
      },
      {
        "state": "WA",
        "price": "2400",
        "price_per_unit": "1200",
        "price_unit": "L"
      },
      {
        "state": "SA",
        "price": "2400",
        "price_per_unit": "1200",
        "price_unit": "L"
      },
      {
        "state": "TAS",
        "price": "2400",
        "price_per_unit": "1200",
        "price_unit": "L"
      },
      {
        "state": "ACT",
        "price": "2400",
        "price_per_unit": "1200",
        "price_unit": "L"
      },
      {
        "state": "NT",
        "price": "2520",
        "price_per_unit": "1260",
        "price_unit": "L"
      }
    ]
  },
  {
    "source_url": "https://www.woolworths.com.au/shop/productdetails/682037/biozet-attack-liquid-with-softener",
    "name": "Biozet Attack Liquid With Softener 2l",
    "image_url": "https://cdn1.woolworths.media/content/wowproductimages/large/682037.jpg",
    "source_id": "Woolworths - 682037",
    "barcode": "4710363527972",
    "category_id": "1_2432B58",
    "shop": "Woolworths",
    "weight": "1L",
    "prices": [
      {
        "state": "NSW",
        "price": "1300",
        "price_per_unit": "650",
        "price_unit": "L"
      },
      {
        "state": "VIC",
        "price": "1300",
        "price_per_unit": "650",
        "price_unit": "L"
      },
      {
        "state": "QLD",
        "price": "1300",
        "price_per_unit": "650",
        "price_unit": "L"
      },
      {
        "state": "WA",
        "price": "1300",
        "price_per_unit": "650",
        "price_unit": "L"
      },
      {
        "state": "SA",
        "price": "1300",
        "price_per_unit": "650",
        "price_unit": "L"
      },
      {
        "state": "TAS",
        "price": "1300",
        "price_per_unit": "650",
        "price_unit": "L"
      },
      {
        "state": "ACT",
        "price": "1300",
        "price_per_unit": "650",
        "price_unit": "L"
      },
      {
        "state": "NT",
        "price": "1360",
        "price_per_unit": "680",
        "price_unit": "L"
      }
    ]
  },
  {
    "source_url": "https://www.woolworths.com.au/shop/productdetails/803466/biozet-attack-plus-eliminator",
    "name": "Biozet Attack Plus Eliminator 2l",
    "image_url": "https://cdn1.woolworths.media/content/wowproductimages/large/803466.jpg",
    "source_id": "Woolworths - 803466",
    "barcode": "4710363556996",
    "category_id": "1_2432B58",
    "shop": "Woolworths",
    "weight": "1L",
    "prices": [
      {
        "state": "NSW",
        "price": "1300",
        "price_per_unit": "650",
        "price_unit": "L"
      },
      {
        "state": "VIC",
        "price": "1300",
        "price_per_unit": "650",
        "price_unit": "L"
      },
      {
        "state": "QLD",
        "price": "1300",
        "price_per_unit": "650",
        "price_unit": "L"
      },
      {
        "state": "WA",
        "price": "1300",
        "price_per_unit": "650",
        "price_unit": "L"
      },
      {
        "state": "SA",
        "price": "1300",
        "price_per_unit": "650",
        "price_unit": "L"
      },
      {
        "state": "TAS",
        "price": "1300",
        "price_per_unit": "650",
        "price_unit": "L"
      },
      {
        "state": "ACT",
        "price": "1300",
        "price_per_unit": "650",
        "price_unit": "L"
      },
      {
        "state": "NT",
        "price": "1360",
        "price_per_unit": "680",
        "price_unit": "L"
      }
    ]
  },
  {
    "source_url": "https://www.woolworths.com.au/shop/productdetails/141377/biozet-attack-plus-stain-power",
    "name": "Biozet Attack Plus Stain Power 2l",
    "image_url": "https://cdn1.woolworths.media/content/wowproductimages/large/141377.jpg",
    "source_id": "Woolworths - 141377",
    "barcode": "4710363014847",
    "category_id": "1_2432B58",
    "shop": "Woolworths",
    "weight": "1L",
    "prices": [
      {
        "state": "NSW",
        "price": "1300",
        "price_per_unit": "650",
        "price_unit": "L"
      },
      {
        "state": "VIC",
        "price": "1300",
        "price_per_unit": "650",
        "price_unit": "L"
      },
      {
        "state": "QLD",
        "price": "1300",
        "price_per_unit": "650",
        "price_unit": "L"
      },
      {
        "state": "WA",
        "price": "1300",
        "price_per_unit": "650",
        "price_unit": "L"
      },
      {
        "state": "SA",
        "price": "1300",
        "price_per_unit": "650",
        "price_unit": "L"
      },
      {
        "state": "TAS",
        "price": "1300",
        "price_per_unit": "650",
        "price_unit": "L"
      },
      {
        "state": "ACT",
        "price": "1300",
        "price_per_unit": "650",
        "price_unit": "L"
      },
      {
        "state": "NT",
        "price": "1360",
        "price_per_unit": "680",
        "price_unit": "L"
      }
    ]
  },
  {
    "source_url": "https://www.woolworths.com.au/shop/productdetails/208399/biozet-attack-regular-liquid-refill",
    "name": "Biozet Attack Regular Liquid Refill 1.8l",
    "image_url": "https://cdn1.woolworths.media/content/wowproductimages/large/208399.jpg",
    "source_id": "Woolworths - 208399",
    "barcode": "4710363824798",
    "category_id": "1_2432B58",
    "shop": "Woolworths",
    "weight": "1L",
    "prices": [
      {
        "state": "NSW",
        "price": "1000",
        "price_per_unit": "556",
        "price_unit": "L"
      },
      {
        "state": "VIC",
        "price": "1000",
        "price_per_unit": "556",
        "price_unit": "L"
      },
      {
        "state": "QLD",
        "price": "1000",
        "price_per_unit": "556",
        "price_unit": "L"
      },
      {
        "state": "WA",
        "price": "1000",
        "price_per_unit": "556",
        "price_unit": "L"
      },
      {
        "state": "SA",
        "price": "1000",
        "price_per_unit": "556",
        "price_unit": "L"
      },
      {
        "state": "TAS",
        "price": "1000",
        "price_per_unit": "556",
        "price_unit": "L"
      },
      {
        "state": "ACT",
        "price": "1000",
        "price_per_unit": "556",
        "price_unit": "L"
      },
      {
        "state": "NT",
        "price": "1050",
        "price_per_unit": "583",
        "price_unit": "L"
      }
    ]
  },
  {
    "source_url": "https://www.woolworths.com.au/shop/productdetails/864345/bosisto-s-sensitive-laundry-liquid",
    "name": "Bosisto's Sensitive Laundry Liquid 1.2L",
    "image_url": "https://cdn1.woolworths.media/content/wowproductimages/large/864345.jpg",
    "source_id": "Woolworths - 864345",
    "barcode": "9300710035127",
    "category_id": "1_2432B58",
    "shop": "Woolworths",
    "weight": "1L",
    "prices": [
      {
        "state": "NSW",
        "price": "1300",
        "price_per_unit": "1083",
        "price_unit": "L"
      },
      {
        "state": "VIC",
        "price": "1300",
        "price_per_unit": "1083",
        "price_unit": "L"
      },
      {
        "state": "QLD",
        "price": "1300",
        "price_per_unit": "1083",
        "price_unit": "L"
      },
      {
        "state": "WA",
        "price": "1300",
        "price_per_unit": "1083",
        "price_unit": "L"
      },
      {
        "state": "SA",
        "price": "1300",
        "price_per_unit": "1083",
        "price_unit": "L"
      },
      {
        "state": "TAS",
        "price": "1300",
        "price_per_unit": "1083",
        "price_unit": "L"
      },
      {
        "state": "NT",
        "price": "1365",
        "price_per_unit": "1138",
        "price_unit": "L"
      }
    ]
  },
  {
    "source_url": "https://www.woolworths.com.au/shop/productdetails/184423/clean-laundry-liquid-tropical-bloom",
    "name": "Clean Laundry Liquid  Tropical Bloom 2l",
    "image_url": "https://cdn1.woolworths.media/content/wowproductimages/large/184423.jpg",
    "source_id": "Woolworths - 184423",
    "barcode": "9339687276950",
    "category_id": "1_2432B58",
    "shop": "Woolworths",
    "weight": "1L",
    "prices": [
      {
        "state": "NSW",
        "price": "620",
        "price_per_unit": "310",
        "price_unit": "L"
      },
      {
        "state": "VIC",
        "price": "620",
        "price_per_unit": "310",
        "price_unit": "L"
      },
      {
        "state": "QLD",
        "price": "620",
        "price_per_unit": "310",
        "price_unit": "L"
      },
      {
        "state": "WA",
        "price": "620",
        "price_per_unit": "310",
        "price_unit": "L"
      },
      {
        "state": "SA",
        "price": "620",
        "price_per_unit": "310",
        "price_unit": "L"
      },
      {
        "state": "TAS",
        "price": "620",
        "price_per_unit": "310",
        "price_unit": "L"
      },
      {
        "state": "ACT",
        "price": "620",
        "price_per_unit": "310",
        "price_unit": "L"
      },
      {
        "state": "NT",
        "price": "620",
        "price_per_unit": "310",
        "price_unit": "L"
      }
    ]
  },
  {
    "source_url": "https://www.woolworths.com.au/shop/productdetails/184421/clean-laundry-liquid-apple-splash",
    "name": "Clean Laundry Liquid Apple Splash 2l",
    "image_url": "https://cdn1.woolworths.media/content/wowproductimages/large/184421.jpg",
    "source_id": "Woolworths - 184421",
    "barcode": "9339687276936",
    "category_id": "1_2432B58",
    "shop": "Woolworths",
    "weight": "1L",
    "prices": [
      {
        "state": "NSW",
        "price": "200",
        "price_per_unit": "100",
        "price_unit": "L"
      },
      {
        "state": "VIC",
        "price": "200",
        "price_per_unit": "100",
        "price_unit": "L"
      },
      {
        "state": "QLD",
        "price": "200",
        "price_per_unit": "100",
        "price_unit": "L"
      },
      {
        "state": "WA",
        "price": "200",
        "price_per_unit": "100",
        "price_unit": "L"
      },
      {
        "state": "SA",
        "price": "200",
        "price_per_unit": "100",
        "price_unit": "L"
      },
      {
        "state": "TAS",
        "price": "200",
        "price_per_unit": "100",
        "price_unit": "L"
      },
      {
        "state": "ACT",
        "price": "200",
        "price_per_unit": "100",
        "price_unit": "L"
      },
      {
        "state": "NT",
        "price": "200",
        "price_per_unit": "100",
        "price_unit": "L"
      }
    ]
  },
  {
    "source_url": "https://www.woolworths.com.au/shop/productdetails/385221/cold-power-advanced-clean-fabric-softener-laundry-liquid-detergent",
    "name": "Cold Power Advanced Clean Fabric Softener Laundry Liquid Detergent 2L",
    "image_url": "https://cdn1.woolworths.media/content/wowproductimages/large/385221.jpg",
    "source_id": "Woolworths - 385221",
    "barcode": "9350376006641",
    "category_id": "1_2432B58",
    "shop": "Woolworths",
    "weight": "1L",
    "prices": [
      {
        "state": "NSW",
        "price": "2400",
        "price_per_unit": "1200",
        "price_unit": "L"
      },
      {
        "state": "VIC",
        "price": "2400",
        "price_per_unit": "1200",
        "price_unit": "L"
      },
      {
        "state": "QLD",
        "price": "2400",
        "price_per_unit": "1200",
        "price_unit": "L"
      },
      {
        "state": "WA",
        "price": "2400",
        "price_per_unit": "1200",
        "price_unit": "L"
      },
      {
        "state": "SA",
        "price": "2400",
        "price_per_unit": "1200",
        "price_unit": "L"
      },
      {
        "state": "TAS",
        "price": "2400",
        "price_per_unit": "1200",
        "price_unit": "L"
      },
      {
        "state": "ACT",
        "price": "2400",
        "price_per_unit": "1200",
        "price_unit": "L"
      },
      {
        "state": "NT",
        "price": "2400",
        "price_per_unit": "1200",
        "price_unit": "L"
      }
    ]
  },
  {
    "source_url": "https://www.woolworths.com.au/shop/productdetails/88207/cold-power-advanced-clean-laundry-liquid-washing-detergent",
    "name": "Cold Power Advanced Clean Laundry Liquid Washing Detergent 4L",
    "image_url": "https://cdn1.woolworths.media/content/wowproductimages/large/088207.jpg",
    "source_id": "Woolworths - 88207",
    "barcode": "9350376003855",
    "category_id": "1_2432B58",
    "shop": "Woolworths",
    "weight": "1L",
    "prices": [
      {
        "state": "NSW",
        "price": "3600",
        "price_per_unit": "900",
        "price_unit": "L"
      },
      {
        "state": "VIC",
        "price": "3600",
        "price_per_unit": "900",
        "price_unit": "L"
      },
      {
        "state": "QLD",
        "price": "3600",
        "price_per_unit": "900",
        "price_unit": "L"
      },
      {
        "state": "WA",
        "price": "3600",
        "price_per_unit": "900",
        "price_unit": "L"
      },
      {
        "state": "SA",
        "price": "3600",
        "price_per_unit": "900",
        "price_unit": "L"
      },
      {
        "state": "TAS",
        "price": "3600",
        "price_per_unit": "900",
        "price_unit": "L"
      },
      {
        "state": "ACT",
        "price": "3600",
        "price_per_unit": "900",
        "price_unit": "L"
      },
      {
        "state": "NT",
        "price": "3600",
        "price_per_unit": "900",
        "price_unit": "L"
      }
    ]
  },
  {
    "source_url": "https://www.woolworths.com.au/shop/productdetails/386082/cold-power-advanced-clean-odour-fighter-laundry-liquid-detergent",
    "name": "Cold Power Advanced Clean Odour Fighter Laundry Liquid Detergent 2L",
    "image_url": "https://cdn1.woolworths.media/content/wowproductimages/large/386082.jpg",
    "source_id": "Woolworths - 386082",
    "barcode": "9350376006597",
    "category_id": "1_2432B58",
    "shop": "Woolworths",
    "weight": "1L",
    "prices": [
      {
        "state": "NSW",
        "price": "2400",
        "price_per_unit": "1200",
        "price_unit": "L"
      },
      {
        "state": "VIC",
        "price": "2400",
        "price_per_unit": "1200",
        "price_unit": "L"
      },
      {
        "state": "QLD",
        "price": "2400",
        "price_per_unit": "1200",
        "price_unit": "L"
      },
      {
        "state": "WA",
        "price": "2400",
        "price_per_unit": "1200",
        "price_unit": "L"
      },
      {
        "state": "SA",
        "price": "2400",
        "price_per_unit": "1200",
        "price_unit": "L"
      },
      {
        "state": "TAS",
        "price": "2400",
        "price_per_unit": "1200",
        "price_unit": "L"
      },
      {
        "state": "ACT",
        "price": "2400",
        "price_per_unit": "1200",
        "price_unit": "L"
      },
      {
        "state": "NT",
        "price": "2400",
        "price_per_unit": "1200",
        "price_unit": "L"
      }
    ]
  },
  {
    "source_url": "https://www.woolworths.com.au/shop/productdetails/385929/cold-power-advanced-clean-odour-fighter-laundry-liquid-detergent",
    "name": "Cold Power Advanced Clean Odour Fighter Laundry Liquid Detergent 4L",
    "image_url": "https://cdn1.woolworths.media/content/wowproductimages/large/385929.jpg",
    "source_id": "Woolworths - 385929",
    "barcode": "9350376006603",
    "category_id": "1_2432B58",
    "shop": "Woolworths",
    "weight": "1L",
    "prices": [
      {
        "state": "NSW",
        "price": "3600",
        "price_per_unit": "900",
        "price_unit": "L"
      },
      {
        "state": "VIC",
        "price": "3600",
        "price_per_unit": "900",
        "price_unit": "L"
      },
      {
        "state": "QLD",
        "price": "3600",
        "price_per_unit": "900",
        "price_unit": "L"
      },
      {
        "state": "WA",
        "price": "3600",
        "price_per_unit": "900",
        "price_unit": "L"
      },
      {
        "state": "SA",
        "price": "3600",
        "price_per_unit": "900",
        "price_unit": "L"
      },
      {
        "state": "TAS",
        "price": "3600",
        "price_per_unit": "900",
        "price_unit": "L"
      },
      {
        "state": "ACT",
        "price": "3600",
        "price_per_unit": "900",
        "price_unit": "L"
      },
      {
        "state": "NT",
        "price": "3600",
        "price_per_unit": "900",
        "price_unit": "L"
      }
    ]
  },
  {
    "source_url": "https://www.woolworths.com.au/shop/productdetails/385987/cold-power-extreme-clean-laundry-liquid-washing-detergent",
    "name": "Cold Power Extreme Clean Laundry Liquid Washing Detergent 2L",
    "image_url": "https://cdn1.woolworths.media/content/wowproductimages/large/385987.jpg",
    "source_id": "Woolworths - 385987",
    "barcode": "9350376006634",
    "category_id": "1_2432B58",
    "shop": "Woolworths",
    "weight": "1L",
    "prices": [
      {
        "state": "NSW",
        "price": "2400",
        "price_per_unit": "1200",
        "price_unit": "L"
      },
      {
        "state": "VIC",
        "price": "2400",
        "price_per_unit": "1200",
        "price_unit": "L"
      },
      {
        "state": "QLD",
        "price": "2400",
        "price_per_unit": "1200",
        "price_unit": "L"
      },
      {
        "state": "WA",
        "price": "2400",
        "price_per_unit": "1200",
        "price_unit": "L"
      },
      {
        "state": "SA",
        "price": "2400",
        "price_per_unit": "1200",
        "price_unit": "L"
      },
      {
        "state": "TAS",
        "price": "2400",
        "price_per_unit": "1200",
        "price_unit": "L"
      },
      {
        "state": "ACT",
        "price": "2400",
        "price_per_unit": "1200",
        "price_unit": "L"
      },
      {
        "state": "NT",
        "price": "2400",
        "price_per_unit": "1200",
        "price_unit": "L"
      }
    ]
  },
  {
    "source_url": "https://www.woolworths.com.au/shop/productdetails/88334/cold-power-sensitive-laundry-liquid-washing-detergent",
    "name": "Cold Power Sensitive Laundry Liquid Washing Detergent 2L",
    "image_url": "https://cdn1.woolworths.media/content/wowproductimages/large/088334.jpg",
    "source_id": "Woolworths - 88334",
    "barcode": "9350376003923",
    "category_id": "1_2432B58",
    "shop": "Woolworths",
    "weight": "1L",
    "prices": [
      {
        "state": "NSW",
        "price": "2400",
        "price_per_unit": "1200",
        "price_unit": "L"
      },
      {
        "state": "VIC",
        "price": "2400",
        "price_per_unit": "1200",
        "price_unit": "L"
      },
      {
        "state": "QLD",
        "price": "2400",
        "price_per_unit": "1200",
        "price_unit": "L"
      },
      {
        "state": "WA",
        "price": "2400",
        "price_per_unit": "1200",
        "price_unit": "L"
      },
      {
        "state": "SA",
        "price": "2400",
        "price_per_unit": "1200",
        "price_unit": "L"
      },
      {
        "state": "TAS",
        "price": "2400",
        "price_per_unit": "1200",
        "price_unit": "L"
      },
      {
        "state": "ACT",
        "price": "2400",
        "price_per_unit": "1200",
        "price_unit": "L"
      },
      {
        "state": "NT",
        "price": "2400",
        "price_per_unit": "1200",
        "price_unit": "L"
      }
    ]
  },
  {
    "source_url": "https://www.woolworths.com.au/shop/productdetails/904748/comfort-laundry-liquid-detergent-for-bright-clothes",
    "name": "Comfort Laundry Liquid Detergent For Bright Clothes 2L",
    "image_url": "https://cdn1.woolworths.media/content/wowproductimages/large/904748.jpg",
    "source_id": "Woolworths - 904748",
    "barcode": "9300830090662",
    "category_id": "1_2432B58",
    "shop": "Woolworths",
    "weight": "1L",
    "prices": [
      {
        "state": "NSW",
        "price": "2500",
        "price_per_unit": "1250",
        "price_unit": "L"
      },
      {
        "state": "VIC",
        "price": "2500",
        "price_per_unit": "1250",
        "price_unit": "L"
      },
      {
        "state": "QLD",
        "price": "2500",
        "price_per_unit": "1250",
        "price_unit": "L"
      },
      {
        "state": "WA",
        "price": "2500",
        "price_per_unit": "1250",
        "price_unit": "L"
      },
      {
        "state": "SA",
        "price": "2500",
        "price_per_unit": "1250",
        "price_unit": "L"
      },
      {
        "state": "TAS",
        "price": "2500",
        "price_per_unit": "1250",
        "price_unit": "L"
      },
      {
        "state": "ACT",
        "price": "2500",
        "price_per_unit": "1250",
        "price_unit": "L"
      },
      {
        "state": "NT",
        "price": "2500",
        "price_per_unit": "1250",
        "price_unit": "L"
      }
    ]
  },
  {
    "source_url": "https://www.woolworths.com.au/shop/productdetails/904885/comfort-laundry-liquid-detergent-pure",
    "name": "Comfort Laundry Liquid Detergent Pure 2L",
    "image_url": "https://cdn1.woolworths.media/content/wowproductimages/large/904885.jpg",
    "source_id": "Woolworths - 904885",
    "barcode": "9300830090655",
    "category_id": "1_2432B58",
    "shop": "Woolworths",
    "weight": "1L",
    "prices": [
      {
        "state": "NSW",
        "price": "2500",
        "price_per_unit": "1250",
        "price_unit": "L"
      },
      {
        "state": "VIC",
        "price": "2500",
        "price_per_unit": "1250",
        "price_unit": "L"
      },
      {
        "state": "QLD",
        "price": "2500",
        "price_per_unit": "1250",
        "price_unit": "L"
      },
      {
        "state": "WA",
        "price": "2500",
        "price_per_unit": "1250",
        "price_unit": "L"
      },
      {
        "state": "SA",
        "price": "2500",
        "price_per_unit": "1250",
        "price_unit": "L"
      },
      {
        "state": "TAS",
        "price": "2500",
        "price_per_unit": "1250",
        "price_unit": "L"
      },
      {
        "state": "ACT",
        "price": "2500",
        "price_per_unit": "1250",
        "price_unit": "L"
      },
      {
        "state": "NT",
        "price": "2500",
        "price_per_unit": "1250",
        "price_unit": "L"
      }
    ]
  },
  {
    "source_url": "https://www.woolworths.com.au/shop/productdetails/905463/comfort-liquid-detergent-floral-oasis",
    "name": "Comfort Liquid Detergent Floral Oasis 2L",
    "image_url": "https://cdn1.woolworths.media/content/wowproductimages/large/905463.jpg",
    "source_id": "Woolworths - 905463",
    "barcode": "9300830090679",
    "category_id": "1_2432B58",
    "shop": "Woolworths",
    "weight": "1L",
    "prices": [
      {
        "state": "NSW",
        "price": "2500",
        "price_per_unit": "1250",
        "price_unit": "L"
      },
      {
        "state": "VIC",
        "price": "2500",
        "price_per_unit": "1250",
        "price_unit": "L"
      },
      {
        "state": "QLD",
        "price": "2500",
        "price_per_unit": "1250",
        "price_unit": "L"
      },
      {
        "state": "WA",
        "price": "2500",
        "price_per_unit": "1250",
        "price_unit": "L"
      },
      {
        "state": "SA",
        "price": "2500",
        "price_per_unit": "1250",
        "price_unit": "L"
      },
      {
        "state": "TAS",
        "price": "2500",
        "price_per_unit": "1250",
        "price_unit": "L"
      },
      {
        "state": "ACT",
        "price": "2500",
        "price_per_unit": "1250",
        "price_unit": "L"
      },
      {
        "state": "NT",
        "price": "2500",
        "price_per_unit": "1250",
        "price_unit": "L"
      }
    ]
  },
  {
    "source_url": "https://www.woolworths.com.au/shop/productdetails/385222/dynamo-professional-laundry-liquid-7-in-1-action",
    "name": "Dynamo Professional Laundry Liquid 7 In 1 Action 2L",
    "image_url": "https://cdn1.woolworths.media/content/wowproductimages/large/385222.jpg",
    "source_id": "Woolworths - 385222",
    "barcode": "9350376006702",
    "category_id": "1_2432B58",
    "shop": "Woolworths",
    "weight": "1L",
    "prices": [
      {
        "state": "NSW",
        "price": "1450",
        "price_per_unit": "725",
        "price_unit": "L"
      },
      {
        "state": "VIC",
        "price": "1450",
        "price_per_unit": "725",
        "price_unit": "L"
      },
      {
        "state": "QLD",
        "price": "1450",
        "price_per_unit": "725",
        "price_unit": "L"
      },
      {
        "state": "WA",
        "price": "1450",
        "price_per_unit": "725",
        "price_unit": "L"
      },
      {
        "state": "SA",
        "price": "1450",
        "price_per_unit": "725",
        "price_unit": "L"
      },
      {
        "state": "TAS",
        "price": "1450",
        "price_per_unit": "725",
        "price_unit": "L"
      },
      {
        "state": "ACT",
        "price": "1450",
        "price_per_unit": "725",
        "price_unit": "L"
      },
      {
        "state": "NT",
        "price": "1520",
        "price_per_unit": "760",
        "price_unit": "L"
      }
    ]
  },
  {
    "source_url": "https://www.woolworths.com.au/shop/productdetails/385232/dynamo-professional-laundry-liquid-7-in-1-action",
    "name": "Dynamo Professional Laundry Liquid 7 In 1 Action 4L",
    "image_url": "https://cdn1.woolworths.media/content/wowproductimages/large/385232.jpg",
    "source_id": "Woolworths - 385232",
    "barcode": "9350376006672",
    "category_id": "1_2432B58",
    "shop": "Woolworths",
    "weight": "1L",
    "prices": [
      {
        "state": "NSW",
        "price": "2050",
        "price_per_unit": "513",
        "price_unit": "L"
      },
      {
        "state": "VIC",
        "price": "2050",
        "price_per_unit": "513",
        "price_unit": "L"
      },
      {
        "state": "QLD",
        "price": "2050",
        "price_per_unit": "513",
        "price_unit": "L"
      },
      {
        "state": "WA",
        "price": "2050",
        "price_per_unit": "513",
        "price_unit": "L"
      },
      {
        "state": "SA",
        "price": "2050",
        "price_per_unit": "513",
        "price_unit": "L"
      },
      {
        "state": "TAS",
        "price": "2050",
        "price_per_unit": "513",
        "price_unit": "L"
      },
      {
        "state": "ACT",
        "price": "2050",
        "price_per_unit": "513",
        "price_unit": "L"
      },
      {
        "state": "NT",
        "price": "2050",
        "price_per_unit": "513",
        "price_unit": "L"
      }
    ]
  },
  {
    "source_url": "https://www.woolworths.com.au/shop/productdetails/385187/dynamo-professional-laundry-liquid-odour-eliminator",
    "name": "Dynamo Professional Laundry Liquid Odour Eliminator 2L",
    "image_url": "https://cdn1.woolworths.media/content/wowproductimages/large/385187.jpg",
    "source_id": "Woolworths - 385187",
    "barcode": "9350376006719",
    "category_id": "1_2432B58",
    "shop": "Woolworths",
    "weight": "1L",
    "prices": [
      {
        "state": "NSW",
        "price": "1450",
        "price_per_unit": "725",
        "price_unit": "L"
      },
      {
        "state": "VIC",
        "price": "1450",
        "price_per_unit": "725",
        "price_unit": "L"
      },
      {
        "state": "QLD",
        "price": "1450",
        "price_per_unit": "725",
        "price_unit": "L"
      },
      {
        "state": "WA",
        "price": "1450",
        "price_per_unit": "725",
        "price_unit": "L"
      },
      {
        "state": "SA",
        "price": "1450",
        "price_per_unit": "725",
        "price_unit": "L"
      },
      {
        "state": "TAS",
        "price": "1450",
        "price_per_unit": "725",
        "price_unit": "L"
      },
      {
        "state": "ACT",
        "price": "1450",
        "price_per_unit": "725",
        "price_unit": "L"
      },
      {
        "state": "NT",
        "price": "1520",
        "price_per_unit": "760",
        "price_unit": "L"
      }
    ]
  },
  {
    "source_url": "https://www.woolworths.com.au/shop/productdetails/385684/dynamo-professional-laundry-liquid-odour-eliminator",
    "name": "Dynamo Professional Laundry Liquid Odour Eliminator 4L",
    "image_url": "https://cdn1.woolworths.media/content/wowproductimages/large/385684.jpg",
    "source_id": "Woolworths - 385684",
    "barcode": "9350376006689",
    "category_id": "1_2432B58",
    "shop": "Woolworths",
    "weight": "1L",
    "prices": [
      {
        "state": "NSW",
        "price": "2050",
        "price_per_unit": "513",
        "price_unit": "L"
      },
      {
        "state": "VIC",
        "price": "2050",
        "price_per_unit": "513",
        "price_unit": "L"
      },
      {
        "state": "QLD",
        "price": "2050",
        "price_per_unit": "513",
        "price_unit": "L"
      },
      {
        "state": "WA",
        "price": "2050",
        "price_per_unit": "513",
        "price_unit": "L"
      },
      {
        "state": "SA",
        "price": "2050",
        "price_per_unit": "513",
        "price_unit": "L"
      },
      {
        "state": "TAS",
        "price": "2050",
        "price_per_unit": "513",
        "price_unit": "L"
      },
      {
        "state": "ACT",
        "price": "2050",
        "price_per_unit": "513",
        "price_unit": "L"
      },
      {
        "state": "NT",
        "price": "2050",
        "price_per_unit": "513",
        "price_unit": "L"
      }
    ]
  },
  {
    "source_url": "https://www.woolworths.com.au/shop/productdetails/385305/dynamo-professional-laundry-liquid-oxi-plus",
    "name": "Dynamo Professional Laundry Liquid Oxi Plus 2L",
    "image_url": "https://cdn1.woolworths.media/content/wowproductimages/large/385305.jpg",
    "source_id": "Woolworths - 385305",
    "barcode": "9350376006726",
    "category_id": "1_2432B58",
    "shop": "Woolworths",
    "weight": "1L",
    "prices": [
      {
        "state": "NSW",
        "price": "1450",
        "price_per_unit": "725",
        "price_unit": "L"
      },
      {
        "state": "VIC",
        "price": "1450",
        "price_per_unit": "725",
        "price_unit": "L"
      },
      {
        "state": "QLD",
        "price": "1450",
        "price_per_unit": "725",
        "price_unit": "L"
      },
      {
        "state": "WA",
        "price": "1450",
        "price_per_unit": "725",
        "price_unit": "L"
      },
      {
        "state": "SA",
        "price": "1450",
        "price_per_unit": "725",
        "price_unit": "L"
      },
      {
        "state": "TAS",
        "price": "1450",
        "price_per_unit": "725",
        "price_unit": "L"
      },
      {
        "state": "ACT",
        "price": "1450",
        "price_per_unit": "725",
        "price_unit": "L"
      },
      {
        "state": "NT",
        "price": "1520",
        "price_per_unit": "760",
        "price_unit": "L"
      }
    ]
  },
  {
    "source_url": "https://www.woolworths.com.au/shop/productdetails/780324/earth-choice-front-loader-liquid",
    "name": "Earth Choice Front Loader Liquid 1l",
    "image_url": "https://cdn1.woolworths.media/content/wowproductimages/large/780324.jpg",
    "source_id": "Woolworths - 780324",
    "barcode": "9310692122012",
    "category_id": "1_2432B58",
    "shop": "Woolworths",
    "weight": "1L",
    "prices": [
      {
        "state": "NSW",
        "price": "770",
        "price_per_unit": "770",
        "price_unit": "L"
      },
      {
        "state": "VIC",
        "price": "770",
        "price_per_unit": "770",
        "price_unit": "L"
      },
      {
        "state": "QLD",
        "price": "770",
        "price_per_unit": "770",
        "price_unit": "L"
      },
      {
        "state": "WA",
        "price": "770",
        "price_per_unit": "770",
        "price_unit": "L"
      },
      {
        "state": "SA",
        "price": "770",
        "price_per_unit": "770",
        "price_unit": "L"
      },
      {
        "state": "TAS",
        "price": "770",
        "price_per_unit": "770",
        "price_unit": "L"
      },
      {
        "state": "ACT",
        "price": "770",
        "price_per_unit": "770",
        "price_unit": "L"
      },
      {
        "state": "NT",
        "price": "770",
        "price_per_unit": "770",
        "price_unit": "L"
      }
    ]
  },
  {
    "source_url": "https://www.woolworths.com.au/shop/productdetails/65008/earth-choice-top-front-loader",
    "name": "Earth Choice Top & Front Loader 1l",
    "image_url": "https://cdn1.woolworths.media/content/wowproductimages/large/065008.jpg",
    "source_id": "Woolworths - 65008",
    "barcode": "9310692122210",
    "category_id": "1_2432B58",
    "shop": "Woolworths",
    "weight": "1L",
    "prices": [
      {
        "state": "NSW",
        "price": "300",
        "price_per_unit": "300",
        "price_unit": "L"
      },
      {
        "state": "VIC",
        "price": "300",
        "price_per_unit": "300",
        "price_unit": "L"
      },
      {
        "state": "QLD",
        "price": "300",
        "price_per_unit": "300",
        "price_unit": "L"
      },
      {
        "state": "WA",
        "price": "300",
        "price_per_unit": "300",
        "price_unit": "L"
      },
      {
        "state": "SA",
        "price": "300",
        "price_per_unit": "300",
        "price_unit": "L"
      },
      {
        "state": "TAS",
        "price": "300",
        "price_per_unit": "300",
        "price_unit": "L"
      },
      {
        "state": "ACT",
        "price": "300",
        "price_per_unit": "300",
        "price_unit": "L"
      },
      {
        "state": "NT",
        "price": "300",
        "price_per_unit": "300",
        "price_unit": "L"
      }
    ]
  },
  {
    "source_url": "https://www.woolworths.com.au/shop/productdetails/783362/earth-choice-top-front-loader-liquid",
    "name": "Earth Choice Top & Front Loader Liquid 2l",
    "image_url": "https://cdn1.woolworths.media/content/wowproductimages/large/783362.jpg",
    "source_id": "Woolworths - 783362",
    "barcode": "9310692161523",
    "category_id": "1_2432B58",
    "shop": "Woolworths",
    "weight": "1L",
    "prices": [
      {
        "state": "NSW",
        "price": "1000",
        "price_per_unit": "500",
        "price_unit": "L"
      },
      {
        "state": "VIC",
        "price": "1000",
        "price_per_unit": "500",
        "price_unit": "L"
      },
      {
        "state": "QLD",
        "price": "1000",
        "price_per_unit": "500",
        "price_unit": "L"
      },
      {
        "state": "WA",
        "price": "1000",
        "price_per_unit": "500",
        "price_unit": "L"
      },
      {
        "state": "SA",
        "price": "1000",
        "price_per_unit": "500",
        "price_unit": "L"
      },
      {
        "state": "TAS",
        "price": "1000",
        "price_per_unit": "500",
        "price_unit": "L"
      },
      {
        "state": "ACT",
        "price": "1000",
        "price_per_unit": "500",
        "price_unit": "L"
      },
      {
        "state": "NT",
        "price": "1000",
        "price_per_unit": "500",
        "price_unit": "L"
      }
    ]
  },
  {
    "source_url": "https://www.woolworths.com.au/shop/productdetails/783347/earth-choice-top-front-loader-liquid",
    "name": "Earth Choice Top & Front Loader Liquid 4l",
    "image_url": "https://cdn1.woolworths.media/content/wowproductimages/large/783347.jpg",
    "source_id": "Woolworths - 783347",
    "barcode": "9310692161448",
    "category_id": "1_2432B58",
    "shop": "Woolworths",
    "weight": "1L",
    "prices": [
      {
        "state": "NSW",
        "price": "1850",
        "price_per_unit": "463",
        "price_unit": "L"
      },
      {
        "state": "VIC",
        "price": "1850",
        "price_per_unit": "463",
        "price_unit": "L"
      },
      {
        "state": "QLD",
        "price": "1850",
        "price_per_unit": "463",
        "price_unit": "L"
      },
      {
        "state": "WA",
        "price": "1850",
        "price_per_unit": "463",
        "price_unit": "L"
      },
      {
        "state": "SA",
        "price": "1850",
        "price_per_unit": "463",
        "price_unit": "L"
      },
      {
        "state": "TAS",
        "price": "1850",
        "price_per_unit": "463",
        "price_unit": "L"
      },
      {
        "state": "ACT",
        "price": "1850",
        "price_per_unit": "463",
        "price_unit": "L"
      },
      {
        "state": "NT",
        "price": "1850",
        "price_per_unit": "463",
        "price_unit": "L"
      }
    ]
  },
  {
    "source_url": "https://www.woolworths.com.au/shop/productdetails/905284/earthwise-orange-eucalyptus-laundry-liquid-washing-detergent",
    "name": "Earthwise Orange & Eucalyptus Laundry Liquid Washing Detergent 2L",
    "image_url": "https://cdn1.woolworths.media/content/wowproductimages/large/905284.jpg",
    "source_id": "Woolworths - 905284",
    "barcode": "9350376007044",
    "category_id": "1_2432B58",
    "shop": "Woolworths",
    "weight": "1L",
    "prices": [
      {
        "state": "NSW",
        "price": "2000",
        "price_per_unit": "1000",
        "price_unit": "L"
      },
      {
        "state": "VIC",
        "price": "2000",
        "price_per_unit": "1000",
        "price_unit": "L"
      },
      {
        "state": "QLD",
        "price": "2000",
        "price_per_unit": "1000",
        "price_unit": "L"
      },
      {
        "state": "SA",
        "price": "2000",
        "price_per_unit": "1000",
        "price_unit": "L"
      },
      {
        "state": "TAS",
        "price": "2000",
        "price_per_unit": "1000",
        "price_unit": "L"
      },
      {
        "state": "ACT",
        "price": "2000",
        "price_per_unit": "1000",
        "price_unit": "L"
      },
      {
        "state": "NT",
        "price": "2000",
        "price_per_unit": "1000",
        "price_unit": "L"
      }
    ]
  },
  {
    "source_url": "https://www.woolworths.com.au/shop/productdetails/660453/earthwise-orange-eucalyptus-laundry-liquid-washing-detergent",
    "name": "Earthwise Orange & Eucalyptus Laundry Liquid Washing Detergent 4L",
    "image_url": "https://cdn1.woolworths.media/content/wowproductimages/large/660453.jpg",
    "source_id": "Woolworths - 660453",
    "barcode": "9350376007037",
    "category_id": "1_2432B58",
    "shop": "Woolworths",
    "weight": "1L",
    "prices": [
      {
        "state": "NSW",
        "price": "1700",
        "price_per_unit": "425",
        "price_unit": "L"
      },
      {
        "state": "VIC",
        "price": "1700",
        "price_per_unit": "425",
        "price_unit": "L"
      },
      {
        "state": "QLD",
        "price": "1700",
        "price_per_unit": "425",
        "price_unit": "L"
      },
      {
        "state": "WA",
        "price": "1700",
        "price_per_unit": "425",
        "price_unit": "L"
      },
      {
        "state": "SA",
        "price": "1700",
        "price_per_unit": "425",
        "price_unit": "L"
      },
      {
        "state": "TAS",
        "price": "1700",
        "price_per_unit": "425",
        "price_unit": "L"
      },
      {
        "state": "NT",
        "price": "1700",
        "price_per_unit": "425",
        "price_unit": "L"
      }
    ]
  },
  {
    "source_url": "https://www.woolworths.com.au/shop/productdetails/271853/ecostore-laundry-liquid-concentrate-eucalyptus",
    "name": "Ecostore Laundry Liquid Concentrate Eucalyptus 480ml",
    "image_url": "https://cdn1.woolworths.media/content/wowproductimages/large/271853.jpg",
    "source_id": "Woolworths - 271853",
    "barcode": "9420015000566",
    "category_id": "1_2432B58",
    "shop": "Woolworths",
    "weight": "1L",
    "prices": [
      {
        "state": "NSW",
        "price": "1500",
        "price_per_unit": "3125",
        "price_unit": "L"
      },
      {
        "state": "QLD",
        "price": "1500",
        "price_per_unit": "3125",
        "price_unit": "L"
      },
      {
        "state": "WA",
        "price": "1500",
        "price_per_unit": "3125",
        "price_unit": "L"
      },
      {
        "state": "SA",
        "price": "1500",
        "price_per_unit": "3125",
        "price_unit": "L"
      },
      {
        "state": "TAS",
        "price": "1500",
        "price_per_unit": "3125",
        "price_unit": "L"
      },
      {
        "state": "NT",
        "price": "1575",
        "price_per_unit": "3281",
        "price_unit": "L"
      }
    ]
  },
  {
    "source_url": "https://www.woolworths.com.au/shop/productdetails/337966/ecostore-laundry-liquid-eucalyptus",
    "name": "Ecostore Laundry Liquid Eucalyptus 1l",
    "image_url": "https://cdn1.woolworths.media/content/wowproductimages/large/337966.jpg",
    "source_id": "Woolworths - 337966",
    "barcode": "9420015000139",
    "category_id": "1_2432B58",
    "shop": "Woolworths",
    "weight": "1L",
    "prices": [
      {
        "state": "NSW",
        "price": "770",
        "price_per_unit": "770",
        "price_unit": "L"
      },
      {
        "state": "VIC",
        "price": "770",
        "price_per_unit": "770",
        "price_unit": "L"
      },
      {
        "state": "QLD",
        "price": "770",
        "price_per_unit": "770",
        "price_unit": "L"
      },
      {
        "state": "WA",
        "price": "770",
        "price_per_unit": "770",
        "price_unit": "L"
      },
      {
        "state": "SA",
        "price": "770",
        "price_per_unit": "770",
        "price_unit": "L"
      },
      {
        "state": "TAS",
        "price": "770",
        "price_per_unit": "770",
        "price_unit": "L"
      },
      {
        "state": "ACT",
        "price": "770",
        "price_per_unit": "770",
        "price_unit": "L"
      },
      {
        "state": "NT",
        "price": "800",
        "price_per_unit": "800",
        "price_unit": "L"
      }
    ]
  },
  {
    "source_url": "https://www.woolworths.com.au/shop/productdetails/862708/fab-laundry-liquid-fresh-blossoms",
    "name": "Fab Laundry Liquid Fresh Blossoms 2L",
    "image_url": "https://cdn1.woolworths.media/content/wowproductimages/large/862708.jpg",
    "source_id": "Woolworths - 862708",
    "barcode": "9350376003046",
    "category_id": "1_2432B58",
    "shop": "Woolworths",
    "weight": "1L",
    "prices": [
      {
        "state": "NSW",
        "price": "900",
        "price_per_unit": "450",
        "price_unit": "L"
      },
      {
        "state": "VIC",
        "price": "900",
        "price_per_unit": "450",
        "price_unit": "L"
      },
      {
        "state": "QLD",
        "price": "900",
        "price_per_unit": "450",
        "price_unit": "L"
      },
      {
        "state": "WA",
        "price": "900",
        "price_per_unit": "450",
        "price_unit": "L"
      },
      {
        "state": "SA",
        "price": "900",
        "price_per_unit": "450",
        "price_unit": "L"
      },
      {
        "state": "TAS",
        "price": "900",
        "price_per_unit": "450",
        "price_unit": "L"
      },
      {
        "state": "ACT",
        "price": "900",
        "price_per_unit": "450",
        "price_unit": "L"
      },
      {
        "state": "NT",
        "price": "900",
        "price_per_unit": "450",
        "price_unit": "L"
      }
    ]
  },
  {
    "source_url": "https://www.woolworths.com.au/shop/productdetails/598746/fab-laundry-liquid-fresh-frangipani",
    "name": "Fab Laundry Liquid Fresh Frangipani 2L",
    "image_url": "https://cdn1.woolworths.media/content/wowproductimages/large/598746.jpg",
    "source_id": "Woolworths - 598746",
    "barcode": "9350376001936",
    "category_id": "1_2432B58",
    "shop": "Woolworths",
    "weight": "1L",
    "prices": [
      {
        "state": "NSW",
        "price": "900",
        "price_per_unit": "450",
        "price_unit": "L"
      },
      {
        "state": "VIC",
        "price": "900",
        "price_per_unit": "450",
        "price_unit": "L"
      },
      {
        "state": "QLD",
        "price": "900",
        "price_per_unit": "450",
        "price_unit": "L"
      },
      {
        "state": "WA",
        "price": "900",
        "price_per_unit": "450",
        "price_unit": "L"
      },
      {
        "state": "SA",
        "price": "900",
        "price_per_unit": "450",
        "price_unit": "L"
      },
      {
        "state": "TAS",
        "price": "900",
        "price_per_unit": "450",
        "price_unit": "L"
      },
      {
        "state": "ACT",
        "price": "900",
        "price_per_unit": "450",
        "price_unit": "L"
      },
      {
        "state": "NT",
        "price": "900",
        "price_per_unit": "450",
        "price_unit": "L"
      }
    ]
  },
  {
    "source_url": "https://www.woolworths.com.au/shop/productdetails/88165/fab-laundry-liquid-gold-absolute",
    "name": "Fab Laundry Liquid Gold Absolute 1.8L",
    "image_url": "https://cdn1.woolworths.media/content/wowproductimages/large/088165.jpg",
    "source_id": "Woolworths - 88165",
    "barcode": "9350376004081",
    "category_id": "1_2432B58",
    "shop": "Woolworths",
    "weight": "1L",
    "prices": [
      {
        "state": "NSW",
        "price": "900",
        "price_per_unit": "500",
        "price_unit": "L"
      },
      {
        "state": "VIC",
        "price": "900",
        "price_per_unit": "500",
        "price_unit": "L"
      },
      {
        "state": "QLD",
        "price": "900",
        "price_per_unit": "500",
        "price_unit": "L"
      },
      {
        "state": "WA",
        "price": "900",
        "price_per_unit": "500",
        "price_unit": "L"
      },
      {
        "state": "SA",
        "price": "900",
        "price_per_unit": "500",
        "price_unit": "L"
      },
      {
        "state": "TAS",
        "price": "900",
        "price_per_unit": "500",
        "price_unit": "L"
      },
      {
        "state": "ACT",
        "price": "900",
        "price_per_unit": "500",
        "price_unit": "L"
      },
      {
        "state": "NT",
        "price": "900",
        "price_per_unit": "500",
        "price_unit": "L"
      }
    ]
  },
  {
    "source_url": "https://www.woolworths.com.au/shop/productdetails/468551/omo-active-clean-laundry-liquid-front-top-loader-40-washes",
    "name": "OMO Active Clean Laundry Liquid 2L",
    "image_url": "https://cdn1.woolworths.media/content/wowproductimages/large/468551.jpg",
    "source_id": "Woolworths - 468551",
    "barcode": "9300830037070",
    "category_id": "1_2432B58",
    "shop": "Woolworths",
    "weight": "1L",
    "prices": [
      {
        "state": "NSW",
        "price": "1400",
        "price_per_unit": "700",
        "price_unit": "L"
      },
      {
        "state": "VIC",
        "price": "1400",
        "price_per_unit": "700",
        "price_unit": "L"
      },
      {
        "state": "QLD",
        "price": "1400",
        "price_per_unit": "700",
        "price_unit": "L"
      },
      {
        "state": "WA",
        "price": "1400",
        "price_per_unit": "700",
        "price_unit": "L"
      },
      {
        "state": "SA",
        "price": "1400",
        "price_per_unit": "700",
        "price_unit": "L"
      },
      {
        "state": "TAS",
        "price": "1400",
        "price_per_unit": "700",
        "price_unit": "L"
      },
      {
        "state": "ACT",
        "price": "1400",
        "price_per_unit": "700",
        "price_unit": "L"
      },
      {
        "state": "NT",
        "price": "1400",
        "price_per_unit": "700",
        "price_unit": "L"
      }
    ]
  },
  {
    "source_url": "https://www.woolworths.com.au/shop/productdetails/430627/omo-active-clean-laundry-liquid-washing-detergent-40-washes",
    "name": "OMO Active Clean Laundry Liquid 4L",
    "image_url": "https://cdn1.woolworths.media/content/wowproductimages/large/430627.jpg",
    "source_id": "Woolworths - 430627",
    "barcode": "9300830037124",
    "category_id": "1_2432B58",
    "shop": "Woolworths",
    "weight": "1L",
    "prices": [
      {
        "state": "NSW",
        "price": "2250",
        "price_per_unit": "563",
        "price_unit": "L"
      },
      {
        "state": "VIC",
        "price": "2250",
        "price_per_unit": "563",
        "price_unit": "L"
      },
      {
        "state": "QLD",
        "price": "2250",
        "price_per_unit": "563",
        "price_unit": "L"
      },
      {
        "state": "WA",
        "price": "2250",
        "price_per_unit": "563",
        "price_unit": "L"
      },
      {
        "state": "SA",
        "price": "2250",
        "price_per_unit": "563",
        "price_unit": "L"
      },
      {
        "state": "TAS",
        "price": "2250",
        "price_per_unit": "563",
        "price_unit": "L"
      },
      {
        "state": "ACT",
        "price": "2250",
        "price_per_unit": "563",
        "price_unit": "L"
      },
      {
        "state": "NT",
        "price": "2360",
        "price_per_unit": "590",
        "price_unit": "L"
      }
    ]
  },
  {
    "source_url": "https://www.woolworths.com.au/shop/productdetails/208437/omo-expert-laundry-liquid-odour-eliminator",
    "name": "OMO Expert Laundry Liquid Odour Eliminator 2L",
    "image_url": "https://cdn1.woolworths.media/content/wowproductimages/large/208437.jpg",
    "source_id": "Woolworths - 208437",
    "barcode": "9300830070459",
    "category_id": "1_2432B58",
    "shop": "Woolworths",
    "weight": "1L",
    "prices": [
      {
        "state": "NSW",
        "price": "1600",
        "price_per_unit": "800",
        "price_unit": "L"
      },
      {
        "state": "VIC",
        "price": "1600",
        "price_per_unit": "800",
        "price_unit": "L"
      },
      {
        "state": "QLD",
        "price": "1600",
        "price_per_unit": "800",
        "price_unit": "L"
      },
      {
        "state": "WA",
        "price": "1600",
        "price_per_unit": "800",
        "price_unit": "L"
      },
      {
        "state": "SA",
        "price": "1600",
        "price_per_unit": "800",
        "price_unit": "L"
      },
      {
        "state": "TAS",
        "price": "1600",
        "price_per_unit": "800",
        "price_unit": "L"
      },
      {
        "state": "ACT",
        "price": "1600",
        "price_per_unit": "800",
        "price_unit": "L"
      },
      {
        "state": "NT",
        "price": "1600",
        "price_per_unit": "800",
        "price_unit": "L"
      }
    ]
  },
  {
    "source_url": "https://www.woolworths.com.au/shop/productdetails/142982/omo-laundry-liquid-refill-dilute-at-home",
    "name": "OMO Laundry Liquid Refill Dilute at Home 665 ml",
    "image_url": "https://cdn1.woolworths.media/content/wowproductimages/large/142982.jpg",
    "source_id": "Woolworths - 142982",
    "barcode": "9300830065097",
    "category_id": "1_2432B58",
    "shop": "Woolworths",
    "weight": "1L",
    "prices": [
      {
        "state": "NSW",
        "price": "1100",
        "price_per_unit": "1654",
        "price_unit": "L"
      },
      {
        "state": "VIC",
        "price": "1100",
        "price_per_unit": "1654",
        "price_unit": "L"
      },
      {
        "state": "QLD",
        "price": "1100",
        "price_per_unit": "1654",
        "price_unit": "L"
      },
      {
        "state": "WA",
        "price": "1100",
        "price_per_unit": "1654",
        "price_unit": "L"
      },
      {
        "state": "SA",
        "price": "1100",
        "price_per_unit": "1654",
        "price_unit": "L"
      },
      {
        "state": "TAS",
        "price": "1100",
        "price_per_unit": "1654",
        "price_unit": "L"
      },
      {
        "state": "NT",
        "price": "1155",
        "price_per_unit": "1737",
        "price_unit": "L"
      }
    ]
  },
  {
    "source_url": "https://www.woolworths.com.au/shop/productdetails/468552/omo-sensitive-laundry-liquid-front-top-loader",
    "name": "OMO Sensitive Laundry Liquid 2L",
    "image_url": "https://cdn1.woolworths.media/content/wowproductimages/large/468552.jpg",
    "source_id": "Woolworths - 468552",
    "barcode": "9300830037179",
    "category_id": "1_2432B58",
    "shop": "Woolworths",
    "weight": "1L",
    "prices": [
      {
        "state": "NSW",
        "price": "1400",
        "price_per_unit": "700",
        "price_unit": "L"
      },
      {
        "state": "VIC",
        "price": "1400",
        "price_per_unit": "700",
        "price_unit": "L"
      },
      {
        "state": "QLD",
        "price": "1400",
        "price_per_unit": "700",
        "price_unit": "L"
      },
      {
        "state": "WA",
        "price": "1400",
        "price_per_unit": "700",
        "price_unit": "L"
      },
      {
        "state": "SA",
        "price": "1400",
        "price_per_unit": "700",
        "price_unit": "L"
      },
      {
        "state": "TAS",
        "price": "1400",
        "price_per_unit": "700",
        "price_unit": "L"
      },
      {
        "state": "ACT",
        "price": "1400",
        "price_per_unit": "700",
        "price_unit": "L"
      },
      {
        "state": "NT",
        "price": "1400",
        "price_per_unit": "700",
        "price_unit": "L"
      }
    ]
  },
  {
    "source_url": "https://www.woolworths.com.au/shop/productdetails/430625/omo-sensitive-laundry-liquid-front-top-loader",
    "name": "OMO Sensitive Laundry Liquid 4L",
    "image_url": "https://cdn1.woolworths.media/content/wowproductimages/large/430625.jpg",
    "source_id": "Woolworths - 430625",
    "barcode": "9300830037193",
    "category_id": "1_2432B58",
    "shop": "Woolworths",
    "weight": "1L",
    "prices": [
      {
        "state": "NSW",
        "price": "2250",
        "price_per_unit": "563",
        "price_unit": "L"
      },
      {
        "state": "VIC",
        "price": "2250",
        "price_per_unit": "563",
        "price_unit": "L"
      },
      {
        "state": "QLD",
        "price": "2250",
        "price_per_unit": "563",
        "price_unit": "L"
      },
      {
        "state": "WA",
        "price": "2250",
        "price_per_unit": "563",
        "price_unit": "L"
      },
      {
        "state": "SA",
        "price": "2250",
        "price_per_unit": "563",
        "price_unit": "L"
      },
      {
        "state": "TAS",
        "price": "2250",
        "price_per_unit": "563",
        "price_unit": "L"
      },
      {
        "state": "ACT",
        "price": "2250",
        "price_per_unit": "563",
        "price_unit": "L"
      },
      {
        "state": "NT",
        "price": "2360",
        "price_per_unit": "590",
        "price_unit": "L"
      }
    ]
  },
  {
    "source_url": "https://www.woolworths.com.au/shop/productdetails/141941/omo-sensitive-laundry-liquid-refill-dilute-at-home",
    "name": "OMO Sensitive Laundry Liquid Refill Dilute at Home 665 ml",
    "image_url": "https://cdn1.woolworths.media/content/wowproductimages/large/141941.jpg",
    "source_id": "Woolworths - 141941",
    "barcode": "9300830065103",
    "category_id": "1_2432B58",
    "shop": "Woolworths",
    "weight": "1L",
    "prices": [
      {
        "state": "NSW",
        "price": "1100",
        "price_per_unit": "1654",
        "price_unit": "L"
      },
      {
        "state": "VIC",
        "price": "1100",
        "price_per_unit": "1654",
        "price_unit": "L"
      },
      {
        "state": "QLD",
        "price": "1100",
        "price_per_unit": "1654",
        "price_unit": "L"
      },
      {
        "state": "WA",
        "price": "1100",
        "price_per_unit": "1654",
        "price_unit": "L"
      },
      {
        "state": "SA",
        "price": "1100",
        "price_per_unit": "1654",
        "price_unit": "L"
      },
      {
        "state": "TAS",
        "price": "1100",
        "price_per_unit": "1654",
        "price_unit": "L"
      },
      {
        "state": "ACT",
        "price": "1100",
        "price_per_unit": "1654",
        "price_unit": "L"
      },
      {
        "state": "NT",
        "price": "1155",
        "price_per_unit": "1737",
        "price_unit": "L"
      }
    ]
  },
  {
    "source_url": "https://www.woolworths.com.au/shop/productdetails/659939/omo-touch-of-comfort-laundry-liquid",
    "name": "OMO Touch of Comfort Laundry Liquid 2L",
    "image_url": "https://cdn1.woolworths.media/content/wowproductimages/large/659939.jpg",
    "source_id": "Woolworths - 659939",
    "barcode": "9300830041596",
    "category_id": "1_2432B58",
    "shop": "Woolworths",
    "weight": "1L",
    "prices": [
      {
        "state": "NSW",
        "price": "1400",
        "price_per_unit": "700",
        "price_unit": "L"
      },
      {
        "state": "VIC",
        "price": "1400",
        "price_per_unit": "700",
        "price_unit": "L"
      },
      {
        "state": "QLD",
        "price": "1400",
        "price_per_unit": "700",
        "price_unit": "L"
      },
      {
        "state": "WA",
        "price": "1400",
        "price_per_unit": "700",
        "price_unit": "L"
      },
      {
        "state": "SA",
        "price": "1400",
        "price_per_unit": "700",
        "price_unit": "L"
      },
      {
        "state": "TAS",
        "price": "1400",
        "price_per_unit": "700",
        "price_unit": "L"
      },
      {
        "state": "ACT",
        "price": "1400",
        "price_per_unit": "700",
        "price_unit": "L"
      },
      {
        "state": "NT",
        "price": "1400",
        "price_per_unit": "700",
        "price_unit": "L"
      }
    ]
  },
  {
    "source_url": "https://www.woolworths.com.au/shop/productdetails/267220/omo-ultimate-dilute-at-home-laundry-liquid",
    "name": "OMO Ultimate Dilute At Home Laundry Liquid 665ml",
    "image_url": "https://cdn1.woolworths.media/content/wowproductimages/large/267220.jpg",
    "source_id": "Woolworths - 267220",
    "barcode": "9300830079155",
    "category_id": "1_2432B58",
    "shop": "Woolworths",
    "weight": "1L",
    "prices": [
      {
        "state": "NSW",
        "price": "1250",
        "price_per_unit": "1880",
        "price_unit": "L"
      },
      {
        "state": "VIC",
        "price": "1250",
        "price_per_unit": "1880",
        "price_unit": "L"
      },
      {
        "state": "QLD",
        "price": "1250",
        "price_per_unit": "1880",
        "price_unit": "L"
      },
      {
        "state": "WA",
        "price": "1250",
        "price_per_unit": "1880",
        "price_unit": "L"
      },
      {
        "state": "SA",
        "price": "1250",
        "price_per_unit": "1880",
        "price_unit": "L"
      },
      {
        "state": "TAS",
        "price": "1250",
        "price_per_unit": "1880",
        "price_unit": "L"
      },
      {
        "state": "ACT",
        "price": "1250",
        "price_per_unit": "1880",
        "price_unit": "L"
      },
      {
        "state": "NT",
        "price": "1310",
        "price_per_unit": "1970",
        "price_unit": "L"
      }
    ]
  },
  {
    "source_url": "https://www.woolworths.com.au/shop/productdetails/208873/omo-ultimate-laundry-liquid-front-top-loader-40-washes",
    "name": "OMO Ultimate Laundry Liquid 2L",
    "image_url": "https://cdn1.woolworths.media/content/wowproductimages/large/208873.jpg",
    "source_id": "Woolworths - 208873",
    "barcode": "9300830070411",
    "category_id": "1_2432B58",
    "shop": "Woolworths",
    "weight": "1L",
    "prices": [
      {
        "state": "NSW",
        "price": "1600",
        "price_per_unit": "800",
        "price_unit": "L"
      },
      {
        "state": "VIC",
        "price": "1600",
        "price_per_unit": "800",
        "price_unit": "L"
      },
      {
        "state": "QLD",
        "price": "1600",
        "price_per_unit": "800",
        "price_unit": "L"
      },
      {
        "state": "WA",
        "price": "1600",
        "price_per_unit": "800",
        "price_unit": "L"
      },
      {
        "state": "SA",
        "price": "1600",
        "price_per_unit": "800",
        "price_unit": "L"
      },
      {
        "state": "TAS",
        "price": "1600",
        "price_per_unit": "800",
        "price_unit": "L"
      },
      {
        "state": "ACT",
        "price": "1600",
        "price_per_unit": "800",
        "price_unit": "L"
      },
      {
        "state": "NT",
        "price": "1600",
        "price_per_unit": "800",
        "price_unit": "L"
      }
    ]
  },
  {
    "source_url": "https://www.woolworths.com.au/shop/productdetails/205508/omo-ultimate-sensitive-laundry-liquid",
    "name": "OMO Ultimate Sensitive Laundry Liquid 2L",
    "image_url": "https://cdn1.woolworths.media/content/wowproductimages/large/205508.jpg",
    "source_id": "Woolworths - 205508",
    "barcode": "9300830070428",
    "category_id": "1_2432B58",
    "shop": "Woolworths",
    "weight": "1L",
    "prices": [
      {
        "state": "NSW",
        "price": "1600",
        "price_per_unit": "800",
        "price_unit": "L"
      },
      {
        "state": "VIC",
        "price": "1600",
        "price_per_unit": "800",
        "price_unit": "L"
      },
      {
        "state": "QLD",
        "price": "1600",
        "price_per_unit": "800",
        "price_unit": "L"
      },
      {
        "state": "WA",
        "price": "1600",
        "price_per_unit": "800",
        "price_unit": "L"
      },
      {
        "state": "SA",
        "price": "1600",
        "price_per_unit": "800",
        "price_unit": "L"
      },
      {
        "state": "TAS",
        "price": "1600",
        "price_per_unit": "800",
        "price_unit": "L"
      },
      {
        "state": "ACT",
        "price": "1600",
        "price_per_unit": "800",
        "price_unit": "L"
      },
      {
        "state": "NT",
        "price": "1600",
        "price_per_unit": "800",
        "price_unit": "L"
      }
    ]
  },
  {
    "source_url": "https://www.woolworths.com.au/shop/productdetails/896744/purity-laundry-liquid-sensitive",
    "name": "Purity Laundry Liquid Sensitive 4L",
    "image_url": "https://cdn1.woolworths.media/content/wowproductimages/large/896744.jpg",
    "source_id": "Woolworths - 896744",
    "barcode": "9310692901143",
    "category_id": "1_2432B58",
    "shop": "Woolworths",
    "weight": "1L",
    "prices": [
      {
        "state": "NSW",
        "price": "1350",
        "price_per_unit": "338",
        "price_unit": "L"
      },
      {
        "state": "VIC",
        "price": "1350",
        "price_per_unit": "338",
        "price_unit": "L"
      },
      {
        "state": "QLD",
        "price": "1350",
        "price_per_unit": "338",
        "price_unit": "L"
      },
      {
        "state": "SA",
        "price": "1350",
        "price_per_unit": "338",
        "price_unit": "L"
      },
      {
        "state": "TAS",
        "price": "1350",
        "price_per_unit": "338",
        "price_unit": "L"
      },
      {
        "state": "ACT",
        "price": "1350",
        "price_per_unit": "338",
        "price_unit": "L"
      },
      {
        "state": "NT",
        "price": "1410",
        "price_per_unit": "353",
        "price_unit": "L"
      }
    ]
  },
  {
    "source_url": "https://www.woolworths.com.au/shop/productdetails/88870/purity-sensitive-laundry-liquid",
    "name": "Purity Sensitive Laundry Liquid 2l",
    "image_url": "https://cdn1.woolworths.media/content/wowproductimages/large/088870.jpg",
    "source_id": "Woolworths - 88870",
    "barcode": "9310692702320",
    "category_id": "1_2432B58",
    "shop": "Woolworths",
    "weight": "1L",
    "prices": [
      {
        "state": "NSW",
        "price": "700",
        "price_per_unit": "350",
        "price_unit": "L"
      },
      {
        "state": "VIC",
        "price": "700",
        "price_per_unit": "350",
        "price_unit": "L"
      },
      {
        "state": "QLD",
        "price": "700",
        "price_per_unit": "350",
        "price_unit": "L"
      },
      {
        "state": "WA",
        "price": "700",
        "price_per_unit": "350",
        "price_unit": "L"
      },
      {
        "state": "SA",
        "price": "700",
        "price_per_unit": "350",
        "price_unit": "L"
      },
      {
        "state": "TAS",
        "price": "700",
        "price_per_unit": "350",
        "price_unit": "L"
      },
      {
        "state": "NT",
        "price": "700",
        "price_per_unit": "350",
        "price_unit": "L"
      }
    ]
  },
  {
    "source_url": "https://www.woolworths.com.au/shop/productdetails/905588/radiant-advanced-odour-eliminator-6-in-1",
    "name": "Radiant Advanced Odour Eliminator 6-In-1 1.8L",
    "image_url": "https://cdn1.woolworths.media/content/wowproductimages/large/905588.jpg",
    "source_id": "Woolworths - 905588",
    "barcode": "9300615003986",
    "category_id": "1_2432B58",
    "shop": "Woolworths",
    "weight": "1L",
    "prices": [
      {
        "state": "NSW",
        "price": "2200",
        "price_per_unit": "1222",
        "price_unit": "L"
      },
      {
        "state": "VIC",
        "price": "2200",
        "price_per_unit": "1222",
        "price_unit": "L"
      },
      {
        "state": "QLD",
        "price": "2200",
        "price_per_unit": "1222",
        "price_unit": "L"
      },
      {
        "state": "WA",
        "price": "2200",
        "price_per_unit": "1222",
        "price_unit": "L"
      },
      {
        "state": "SA",
        "price": "2200",
        "price_per_unit": "1222",
        "price_unit": "L"
      },
      {
        "state": "TAS",
        "price": "2200",
        "price_per_unit": "1222",
        "price_unit": "L"
      },
      {
        "state": "ACT",
        "price": "2200",
        "price_per_unit": "1222",
        "price_unit": "L"
      }
    ]
  },
  {
    "source_url": "https://www.woolworths.com.au/shop/productdetails/143235/radiant-advanced-cleans-softens-5-in-1-laundry-liquid-detergent",
    "name": "Radiant Advanced+ Cleans & Softens 5- In-1 Laundry Liquid Detergent 1.8l",
    "image_url": "https://cdn1.woolworths.media/content/wowproductimages/large/143235.jpg",
    "source_id": "Woolworths - 143235",
    "barcode": "9300615092560",
    "category_id": "1_2432B58",
    "shop": "Woolworths",
    "weight": "1L",
    "prices": [
      {
        "state": "NSW",
        "price": "2200",
        "price_per_unit": "1222",
        "price_unit": "L"
      },
      {
        "state": "QLD",
        "price": "2200",
        "price_per_unit": "1222",
        "price_unit": "L"
      },
      {
        "state": "WA",
        "price": "2200",
        "price_per_unit": "1222",
        "price_unit": "L"
      },
      {
        "state": "SA",
        "price": "2200",
        "price_per_unit": "1222",
        "price_unit": "L"
      },
      {
        "state": "TAS",
        "price": "2200",
        "price_per_unit": "1222",
        "price_unit": "L"
      },
      {
        "state": "ACT",
        "price": "2200",
        "price_per_unit": "1222",
        "price_unit": "L"
      },
      {
        "state": "NT",
        "price": "2200",
        "price_per_unit": "1222",
        "price_unit": "L"
      }
    ]
  },
  {
    "source_url": "https://www.woolworths.com.au/shop/productdetails/143145/radiant-advanced-ultra-power-laundry-liquid-detergent",
    "name": "Radiant Advanced+ Ultra Power Laundry Liquid Detergent 1.8l",
    "image_url": "https://cdn1.woolworths.media/content/wowproductimages/large/143145.jpg",
    "source_id": "Woolworths - 143145",
    "barcode": "9300615092461",
    "category_id": "1_2432B58",
    "shop": "Woolworths",
    "weight": "1L",
    "prices": [
      {
        "state": "NSW",
        "price": "2200",
        "price_per_unit": "1222",
        "price_unit": "L"
      },
      {
        "state": "VIC",
        "price": "2200",
        "price_per_unit": "1222",
        "price_unit": "L"
      },
      {
        "state": "QLD",
        "price": "2200",
        "price_per_unit": "1222",
        "price_unit": "L"
      },
      {
        "state": "WA",
        "price": "2200",
        "price_per_unit": "1222",
        "price_unit": "L"
      },
      {
        "state": "SA",
        "price": "2200",
        "price_per_unit": "1222",
        "price_unit": "L"
      },
      {
        "state": "TAS",
        "price": "2200",
        "price_per_unit": "1222",
        "price_unit": "L"
      },
      {
        "state": "ACT",
        "price": "2200",
        "price_per_unit": "1222",
        "price_unit": "L"
      },
      {
        "state": "NT",
        "price": "2200",
        "price_per_unit": "1222",
        "price_unit": "L"
      }
    ]
  },
  {
    "source_url": "https://www.woolworths.com.au/shop/productdetails/660226/radiant-blacks-darks-laundry-liquid-detergent-black-wash",
    "name": "Radiant Blacks & Darks Laundry Liquid Detergent Black Wash 1l",
    "image_url": "https://cdn1.woolworths.media/content/wowproductimages/large/660226.jpg",
    "source_id": "Woolworths - 660226",
    "barcode": "9300615412900",
    "category_id": "1_2432B58",
    "shop": "Woolworths",
    "weight": "1L",
    "prices": [
      {
        "state": "NSW",
        "price": "1100",
        "price_per_unit": "1100",
        "price_unit": "L"
      },
      {
        "state": "VIC",
        "price": "1100",
        "price_per_unit": "1100",
        "price_unit": "L"
      },
      {
        "state": "QLD",
        "price": "1100",
        "price_per_unit": "1100",
        "price_unit": "L"
      },
      {
        "state": "WA",
        "price": "1100",
        "price_per_unit": "1100",
        "price_unit": "L"
      },
      {
        "state": "SA",
        "price": "1100",
        "price_per_unit": "1100",
        "price_unit": "L"
      },
      {
        "state": "TAS",
        "price": "1100",
        "price_per_unit": "1100",
        "price_unit": "L"
      },
      {
        "state": "ACT",
        "price": "1100",
        "price_per_unit": "1100",
        "price_unit": "L"
      },
      {
        "state": "NT",
        "price": "1100",
        "price_per_unit": "1100",
        "price_unit": "L"
      }
    ]
  },
  {
    "source_url": "https://www.woolworths.com.au/shop/productdetails/143227/radiant-mixed-colours-laundry-liquid-detergent",
    "name": "Radiant Mixed Colours Laundry Liquid Detergent 2l",
    "image_url": "https://cdn1.woolworths.media/content/wowproductimages/large/143227.jpg",
    "source_id": "Woolworths - 143227",
    "barcode": "9300615092980",
    "category_id": "1_2432B58",
    "shop": "Woolworths",
    "weight": "1L",
    "prices": [
      {
        "state": "NSW",
        "price": "1000",
        "price_per_unit": "500",
        "price_unit": "L"
      },
      {
        "state": "VIC",
        "price": "1000",
        "price_per_unit": "500",
        "price_unit": "L"
      },
      {
        "state": "QLD",
        "price": "1000",
        "price_per_unit": "500",
        "price_unit": "L"
      },
      {
        "state": "WA",
        "price": "1000",
        "price_per_unit": "500",
        "price_unit": "L"
      },
      {
        "state": "SA",
        "price": "1000",
        "price_per_unit": "500",
        "price_unit": "L"
      },
      {
        "state": "TAS",
        "price": "1000",
        "price_per_unit": "500",
        "price_unit": "L"
      },
      {
        "state": "NT",
        "price": "1000",
        "price_per_unit": "500",
        "price_unit": "L"
      }
    ]
  },
  {
    "source_url": "https://www.woolworths.com.au/shop/productdetails/904801/radiant-whites-colours-laundry-liquid-refill",
    "name": "Radiant Whites & Colours Laundry Liquid Refill 1.8L",
    "image_url": "https://cdn1.woolworths.media/content/wowproductimages/large/904801.jpg",
    "source_id": "Woolworths - 904801",
    "barcode": "9300615027050",
    "category_id": "1_2432B58",
    "shop": "Woolworths",
    "weight": "1L",
    "prices": [
      {
        "state": "NSW",
        "price": "1800",
        "price_per_unit": "1000",
        "price_unit": "L"
      },
      {
        "state": "VIC",
        "price": "1800",
        "price_per_unit": "1000",
        "price_unit": "L"
      },
      {
        "state": "QLD",
        "price": "1800",
        "price_per_unit": "1000",
        "price_unit": "L"
      },
      {
        "state": "WA",
        "price": "1800",
        "price_per_unit": "1000",
        "price_unit": "L"
      },
      {
        "state": "SA",
        "price": "1800",
        "price_per_unit": "1000",
        "price_unit": "L"
      },
      {
        "state": "TAS",
        "price": "1800",
        "price_per_unit": "1000",
        "price_unit": "L"
      },
      {
        "state": "ACT",
        "price": "1800",
        "price_per_unit": "1000",
        "price_unit": "L"
      },
      {
        "state": "NT",
        "price": "1800",
        "price_per_unit": "1000",
        "price_unit": "L"
      }
    ]
  },
  {
    "source_url": "https://www.woolworths.com.au/shop/productdetails/160209/restor-concentrated-laundry-detergent-sheets-fresh-linen",
    "name": "Restor Concentrated Laundry Detergent Sheets Fresh Linen 60 Pack",
    "image_url": "https://cdn1.woolworths.media/content/wowproductimages/large/160209.jpg",
    "source_id": "Woolworths - 160209",
    "barcode": "9421035731027",
    "category_id": "1_2432B58",
    "shop": "Woolworths",
    "weight": "1EA",
    "prices": [
      {
        "state": "NSW",
        "price": "1400",
        "price_per_unit": "23",
        "price_unit": "EA"
      },
      {
        "state": "VIC",
        "price": "1400",
        "price_per_unit": "23",
        "price_unit": "EA"
      },
      {
        "state": "QLD",
        "price": "1400",
        "price_per_unit": "23",
        "price_unit": "EA"
      },
      {
        "state": "WA",
        "price": "1400",
        "price_per_unit": "23",
        "price_unit": "EA"
      },
      {
        "state": "SA",
        "price": "1400",
        "price_per_unit": "23",
        "price_unit": "EA"
      },
      {
        "state": "TAS",
        "price": "1400",
        "price_per_unit": "23",
        "price_unit": "EA"
      },
      {
        "state": "ACT",
        "price": "1400",
        "price_per_unit": "23",
        "price_unit": "EA"
      },
      {
        "state": "NT",
        "price": "1400",
        "price_per_unit": "23",
        "price_unit": "EA"
      }
    ]
  },
  {
    "source_url": "https://www.woolworths.com.au/shop/productdetails/164887/restor-concentrated-laundry-detergent-sheets-tropical",
    "name": "Restor Concentrated Laundry Detergent Sheets Tropical 60 Pack",
    "image_url": "https://cdn1.woolworths.media/content/wowproductimages/large/164887.jpg",
    "source_id": "Woolworths - 164887",
    "barcode": "9421035731010",
    "category_id": "1_2432B58",
    "shop": "Woolworths",
    "weight": "1EA",
    "prices": [
      {
        "state": "NSW",
        "price": "1400",
        "price_per_unit": "23",
        "price_unit": "EA"
      },
      {
        "state": "VIC",
        "price": "1400",
        "price_per_unit": "23",
        "price_unit": "EA"
      },
      {
        "state": "QLD",
        "price": "1400",
        "price_per_unit": "23",
        "price_unit": "EA"
      },
      {
        "state": "WA",
        "price": "1400",
        "price_per_unit": "23",
        "price_unit": "EA"
      },
      {
        "state": "SA",
        "price": "1400",
        "price_per_unit": "23",
        "price_unit": "EA"
      },
      {
        "state": "TAS",
        "price": "1400",
        "price_per_unit": "23",
        "price_unit": "EA"
      },
      {
        "state": "ACT",
        "price": "1400",
        "price_per_unit": "23",
        "price_unit": "EA"
      }
    ]
  },
  {
    "source_url": "https://www.woolworths.com.au/shop/productdetails/475333/surf-liquid-washing-detergent-tropical-80-washes",
    "name": "Surf Liquid Washing Detergent Tropical 80 Washes 4 l",
    "image_url": "https://cdn1.woolworths.media/content/wowproductimages/large/475333.jpg",
    "source_id": "Woolworths - 475333",
    "barcode": "9300830023356",
    "category_id": "1_2432B58",
    "shop": "Woolworths",
    "weight": "1L",
    "prices": [
      {
        "state": "NSW",
        "price": "1800",
        "price_per_unit": "450",
        "price_unit": "L"
      },
      {
        "state": "VIC",
        "price": "1800",
        "price_per_unit": "450",
        "price_unit": "L"
      },
      {
        "state": "QLD",
        "price": "1800",
        "price_per_unit": "450",
        "price_unit": "L"
      },
      {
        "state": "WA",
        "price": "1800",
        "price_per_unit": "450",
        "price_unit": "L"
      },
      {
        "state": "SA",
        "price": "1800",
        "price_per_unit": "450",
        "price_unit": "L"
      },
      {
        "state": "TAS",
        "price": "1800",
        "price_per_unit": "450",
        "price_unit": "L"
      },
      {
        "state": "ACT",
        "price": "1800",
        "price_per_unit": "450",
        "price_unit": "L"
      },
      {
        "state": "NT",
        "price": "1890",
        "price_per_unit": "473",
        "price_unit": "L"
      }
    ]
  },
  {
    "source_url": "https://www.woolworths.com.au/shop/productdetails/681576/surf-washing-liquid-coastal-luxury-40-washes",
    "name": "Surf Washing Liquid Coastal Luxury 40 Washes 2 l",
    "image_url": "https://cdn1.woolworths.media/content/wowproductimages/large/681576.jpg",
    "source_id": "Woolworths - 681576",
    "barcode": "9300830045389",
    "category_id": "1_2432B58",
    "shop": "Woolworths",
    "weight": "1L",
    "prices": [
      {
        "state": "NSW",
        "price": "1000",
        "price_per_unit": "500",
        "price_unit": "L"
      },
      {
        "state": "VIC",
        "price": "1000",
        "price_per_unit": "500",
        "price_unit": "L"
      },
      {
        "state": "QLD",
        "price": "1000",
        "price_per_unit": "500",
        "price_unit": "L"
      },
      {
        "state": "WA",
        "price": "1000",
        "price_per_unit": "500",
        "price_unit": "L"
      },
      {
        "state": "SA",
        "price": "1000",
        "price_per_unit": "500",
        "price_unit": "L"
      },
      {
        "state": "TAS",
        "price": "1000",
        "price_per_unit": "500",
        "price_unit": "L"
      },
      {
        "state": "ACT",
        "price": "1000",
        "price_per_unit": "500",
        "price_unit": "L"
      },
      {
        "state": "NT",
        "price": "1040",
        "price_per_unit": "520",
        "price_unit": "L"
      }
    ]
  },
  {
    "source_url": "https://www.woolworths.com.au/shop/productdetails/841319/surf-washing-liquid-tropical-lily-40-washes",
    "name": "Surf Washing Liquid Tropical Lily 40 Washes 2 l",
    "image_url": "https://cdn1.woolworths.media/content/wowproductimages/large/841319.jpg",
    "source_id": "Woolworths - 841319",
    "barcode": "9300830023271",
    "category_id": "1_2432B58",
    "shop": "Woolworths",
    "weight": "1L",
    "prices": [
      {
        "state": "NSW",
        "price": "1000",
        "price_per_unit": "500",
        "price_unit": "L"
      },
      {
        "state": "VIC",
        "price": "1000",
        "price_per_unit": "500",
        "price_unit": "L"
      },
      {
        "state": "QLD",
        "price": "1000",
        "price_per_unit": "500",
        "price_unit": "L"
      },
      {
        "state": "WA",
        "price": "1000",
        "price_per_unit": "500",
        "price_unit": "L"
      },
      {
        "state": "SA",
        "price": "1000",
        "price_per_unit": "500",
        "price_unit": "L"
      },
      {
        "state": "TAS",
        "price": "1000",
        "price_per_unit": "500",
        "price_unit": "L"
      },
      {
        "state": "ACT",
        "price": "1000",
        "price_per_unit": "500",
        "price_unit": "L"
      },
      {
        "state": "NT",
        "price": "1040",
        "price_per_unit": "520",
        "price_unit": "L"
      }
    ]
  },
  {
    "source_url": "https://www.woolworths.com.au/shop/productdetails/141995/undo-this-mess-deep-clean-laundry-liquid",
    "name": "Undo This Mess Deep Clean Laundry Liquid 2l",
    "image_url": "https://cdn1.woolworths.media/content/wowproductimages/large/141995.jpg",
    "source_id": "Woolworths - 141995",
    "barcode": "9310692602125",
    "category_id": "1_2432B58",
    "shop": "Woolworths",
    "weight": "1L",
    "prices": [
      {
        "state": "NSW",
        "price": "1800",
        "price_per_unit": "900",
        "price_unit": "L"
      },
      {
        "state": "VIC",
        "price": "1800",
        "price_per_unit": "900",
        "price_unit": "L"
      },
      {
        "state": "QLD",
        "price": "1800",
        "price_per_unit": "900",
        "price_unit": "L"
      },
      {
        "state": "WA",
        "price": "1800",
        "price_per_unit": "900",
        "price_unit": "L"
      },
      {
        "state": "SA",
        "price": "1800",
        "price_per_unit": "900",
        "price_unit": "L"
      },
      {
        "state": "TAS",
        "price": "1800",
        "price_per_unit": "900",
        "price_unit": "L"
      },
      {
        "state": "ACT",
        "price": "1800",
        "price_per_unit": "900",
        "price_unit": "L"
      },
      {
        "state": "NT",
        "price": "1800",
        "price_per_unit": "900",
        "price_unit": "L"
      }
    ]
  },
  {
    "source_url": "https://www.woolworths.com.au/shop/productdetails/269084/undo-this-mess-laundry-liquid",
    "name": "Undo This Mess Laundry Liquid 2l",
    "image_url": "https://cdn1.woolworths.media/content/wowproductimages/large/269084.jpg",
    "source_id": "Woolworths - 269084",
    "barcode": "9310692602729",
    "category_id": "1_2432B58",
    "shop": "Woolworths",
    "weight": "1L",
    "prices": [
      {
        "state": "NSW",
        "price": "2000",
        "price_per_unit": "1000",
        "price_unit": "L"
      },
      {
        "state": "VIC",
        "price": "2000",
        "price_per_unit": "1000",
        "price_unit": "L"
      },
      {
        "state": "QLD",
        "price": "2000",
        "price_per_unit": "1000",
        "price_unit": "L"
      },
      {
        "state": "WA",
        "price": "2000",
        "price_per_unit": "1000",
        "price_unit": "L"
      },
      {
        "state": "SA",
        "price": "2000",
        "price_per_unit": "1000",
        "price_unit": "L"
      },
      {
        "state": "TAS",
        "price": "2000",
        "price_per_unit": "1000",
        "price_unit": "L"
      },
      {
        "state": "ACT",
        "price": "2000",
        "price_per_unit": "1000",
        "price_unit": "L"
      },
      {
        "state": "NT",
        "price": "2100",
        "price_per_unit": "1050",
        "price_unit": "L"
      }
    ]
  },
  {
    "source_url": "https://www.woolworths.com.au/shop/productdetails/893478/undo-this-mess-odour-terminator-laundry-liquid",
    "name": "Undo This Mess Odour Terminator Laundry Liquid 2L",
    "image_url": "https://cdn1.woolworths.media/content/wowproductimages/large/893478.jpg",
    "source_id": "Woolworths - 893478",
    "barcode": "9310692602828",
    "category_id": "1_2432B58",
    "shop": "Woolworths",
    "weight": "1L",
    "prices": [
      {
        "state": "NSW",
        "price": "2000",
        "price_per_unit": "1000",
        "price_unit": "L"
      },
      {
        "state": "VIC",
        "price": "2000",
        "price_per_unit": "1000",
        "price_unit": "L"
      },
      {
        "state": "QLD",
        "price": "2000",
        "price_per_unit": "1000",
        "price_unit": "L"
      },
      {
        "state": "WA",
        "price": "2000",
        "price_per_unit": "1000",
        "price_unit": "L"
      },
      {
        "state": "SA",
        "price": "2000",
        "price_per_unit": "1000",
        "price_unit": "L"
      },
      {
        "state": "TAS",
        "price": "2000",
        "price_per_unit": "1000",
        "price_unit": "L"
      },
      {
        "state": "ACT",
        "price": "2000",
        "price_per_unit": "1000",
        "price_unit": "L"
      },
      {
        "state": "NT",
        "price": "2100",
        "price_per_unit": "1050",
        "price_unit": "L"
      }
    ]
  },
  {
    "source_url": "https://www.woolworths.com.au/shop/productdetails/142176/undo-this-mess-stain-blaster-laundry-liquid",
    "name": "Undo This Mess Stain Blaster Laundry Liquid 2l",
    "image_url": "https://cdn1.woolworths.media/content/wowproductimages/large/142176.jpg",
    "source_id": "Woolworths - 142176",
    "barcode": "9310692602422",
    "category_id": "1_2432B58",
    "shop": "Woolworths",
    "weight": "1L",
    "prices": [
      {
        "state": "NSW",
        "price": "1800",
        "price_per_unit": "900",
        "price_unit": "L"
      },
      {
        "state": "VIC",
        "price": "1800",
        "price_per_unit": "900",
        "price_unit": "L"
      },
      {
        "state": "QLD",
        "price": "1800",
        "price_per_unit": "900",
        "price_unit": "L"
      },
      {
        "state": "WA",
        "price": "1800",
        "price_per_unit": "900",
        "price_unit": "L"
      },
      {
        "state": "SA",
        "price": "1800",
        "price_per_unit": "900",
        "price_unit": "L"
      },
      {
        "state": "TAS",
        "price": "1800",
        "price_per_unit": "900",
        "price_unit": "L"
      },
      {
        "state": "ACT",
        "price": "1800",
        "price_per_unit": "900",
        "price_unit": "L"
      },
      {
        "state": "NT",
        "price": "1800",
        "price_per_unit": "900",
        "price_unit": "L"
      }
    ]
  },
  {
    "source_url": "https://www.woolworths.com.au/shop/productdetails/270638/biozet-attack-sensitive-laundry-liquid",
    "name": "Biozet Attack+ Sensitive Laundry Liquid 2l",
    "image_url": "https://cdn1.woolworths.media/content/wowproductimages/large/270638.jpg",
    "source_id": "Woolworths - 270638",
    "barcode": "4710363061544",
    "category_id": "1_2432B58",
    "shop": "Woolworths",
    "weight": "1L",
    "prices": [
      {
        "state": "VIC",
        "price": "1300",
        "price_per_unit": "650",
        "price_unit": "L"
      },
      {
        "state": "QLD",
        "price": "1300",
        "price_per_unit": "650",
        "price_unit": "L"
      },
      {
        "state": "WA",
        "price": "1300",
        "price_per_unit": "650",
        "price_unit": "L"
      },
      {
        "state": "SA",
        "price": "1300",
        "price_per_unit": "650",
        "price_unit": "L"
      },
      {
        "state": "TAS",
        "price": "1300",
        "price_per_unit": "650",
        "price_unit": "L"
      },
      {
        "state": "ACT",
        "price": "1300",
        "price_per_unit": "650",
        "price_unit": "L"
      },
      {
        "state": "NT",
        "price": "1360",
        "price_per_unit": "680",
        "price_unit": "L"
      }
    ]
  },
  {
    "source_url": "https://www.woolworths.com.au/shop/productdetails/197587/bosisto-s-laundry-liquid-power-with-australian-eucalyptus-oil",
    "name": "Bosisto's Laundry Liquid Power+ With Australian Eucalyptus Oil 1.2L",
    "image_url": "https://cdn1.woolworths.media/content/wowproductimages/large/197587.jpg",
    "source_id": "Woolworths - 197587",
    "barcode": "9300710035134",
    "category_id": "1_2432B58",
    "shop": "Woolworths",
    "weight": "1L",
    "prices": [
      {
        "state": "VIC",
        "price": "1400",
        "price_per_unit": "1167",
        "price_unit": "L"
      },
      {
        "state": "QLD",
        "price": "1400",
        "price_per_unit": "1167",
        "price_unit": "L"
      },
      {
        "state": "WA",
        "price": "1400",
        "price_per_unit": "1167",
        "price_unit": "L"
      },
      {
        "state": "SA",
        "price": "1400",
        "price_per_unit": "1167",
        "price_unit": "L"
      },
      {
        "state": "TAS",
        "price": "1400",
        "price_per_unit": "1167",
        "price_unit": "L"
      },
      {
        "state": "ACT",
        "price": "1400",
        "price_per_unit": "1167",
        "price_unit": "L"
      },
      {
        "state": "NT",
        "price": "1455",
        "price_per_unit": "1213",
        "price_unit": "L"
      }
    ]
  },
  {
    "source_url": "https://www.woolworths.com.au/shop/productdetails/184422/clean-laundry-liquid-fresh-getaway",
    "name": "Clean Laundry Liquid Fresh Getaway 2l",
    "image_url": "https://cdn1.woolworths.media/content/wowproductimages/large/184422.jpg",
    "source_id": "Woolworths - 184422",
    "barcode": "9339687276943",
    "category_id": "1_2432B58",
    "shop": "Woolworths",
    "weight": "1L",
    "prices": [
      {
        "state": "VIC",
        "price": "620",
        "price_per_unit": "310",
        "price_unit": "L"
      },
      {
        "state": "QLD",
        "price": "620",
        "price_per_unit": "310",
        "price_unit": "L"
      },
      {
        "state": "WA",
        "price": "620",
        "price_per_unit": "310",
        "price_unit": "L"
      },
      {
        "state": "SA",
        "price": "620",
        "price_per_unit": "310",
        "price_unit": "L"
      },
      {
        "state": "TAS",
        "price": "620",
        "price_per_unit": "310",
        "price_unit": "L"
      },
      {
        "state": "ACT",
        "price": "620",
        "price_per_unit": "310",
        "price_unit": "L"
      },
      {
        "state": "NT",
        "price": "620",
        "price_per_unit": "310",
        "price_unit": "L"
      }
    ]
  },
  {
    "source_url": "https://www.woolworths.com.au/shop/productdetails/88675/cold-power-advanced-clean-laundry-liquid-washing-detergent",
    "name": "Cold Power Advanced Clean Laundry Liquid Washing Detergent 1L",
    "image_url": "https://cdn1.woolworths.media/content/wowproductimages/large/088675.jpg",
    "source_id": "Woolworths - 88675",
    "barcode": "9350376003831",
    "category_id": "1_2432B58",
    "shop": "Woolworths",
    "weight": "1L",
    "prices": [
      {
        "state": "VIC",
        "price": "1000",
        "price_per_unit": "1000",
        "price_unit": "L"
      },
      {
        "state": "QLD",
        "price": "1000",
        "price_per_unit": "1000",
        "price_unit": "L"
      },
      {
        "state": "WA",
        "price": "1000",
        "price_per_unit": "1000",
        "price_unit": "L"
      },
      {
        "state": "SA",
        "price": "1000",
        "price_per_unit": "1000",
        "price_unit": "L"
      },
      {
        "state": "TAS",
        "price": "1000",
        "price_per_unit": "1000",
        "price_unit": "L"
      },
      {
        "state": "ACT",
        "price": "1000",
        "price_per_unit": "1000",
        "price_unit": "L"
      },
      {
        "state": "NT",
        "price": "1000",
        "price_per_unit": "1000",
        "price_unit": "L"
      }
    ]
  },
  {
    "source_url": "https://www.woolworths.com.au/shop/productdetails/88163/cold-power-advanced-clean-laundry-liquid-washing-detergent",
    "name": "Cold Power Advanced Clean Laundry Liquid Washing Detergent 2L",
    "image_url": "https://cdn1.woolworths.media/content/wowproductimages/large/088163.jpg",
    "source_id": "Woolworths - 88163",
    "barcode": "9350376003848",
    "category_id": "1_2432B58",
    "shop": "Woolworths",
    "weight": "1L",
    "prices": [
      {
        "state": "VIC",
        "price": "2400",
        "price_per_unit": "1200",
        "price_unit": "L"
      },
      {
        "state": "QLD",
        "price": "2400",
        "price_per_unit": "1200",
        "price_unit": "L"
      },
      {
        "state": "WA",
        "price": "2400",
        "price_per_unit": "1200",
        "price_unit": "L"
      },
      {
        "state": "SA",
        "price": "2400",
        "price_per_unit": "1200",
        "price_unit": "L"
      },
      {
        "state": "TAS",
        "price": "2400",
        "price_per_unit": "1200",
        "price_unit": "L"
      },
      {
        "state": "ACT",
        "price": "2400",
        "price_per_unit": "1200",
        "price_unit": "L"
      }
    ]
  },
  {
    "source_url": "https://www.woolworths.com.au/shop/productdetails/87848/cold-power-advanced-clean-lemon-laundry-liquid-washing-detergent",
    "name": "Cold Power Advanced Clean Lemon Laundry Liquid Washing Detergent 2L",
    "image_url": "https://cdn1.woolworths.media/content/wowproductimages/large/087848.jpg",
    "source_id": "Woolworths - 87848",
    "barcode": "9350376003886",
    "category_id": "1_2432B58",
    "shop": "Woolworths",
    "weight": "1L",
    "prices": [
      {
        "state": "VIC",
        "price": "2400",
        "price_per_unit": "1200",
        "price_unit": "L"
      },
      {
        "state": "QLD",
        "price": "2400",
        "price_per_unit": "1200",
        "price_unit": "L"
      },
      {
        "state": "WA",
        "price": "2400",
        "price_per_unit": "1200",
        "price_unit": "L"
      },
      {
        "state": "SA",
        "price": "2400",
        "price_per_unit": "1200",
        "price_unit": "L"
      },
      {
        "state": "TAS",
        "price": "2400",
        "price_per_unit": "1200",
        "price_unit": "L"
      },
      {
        "state": "ACT",
        "price": "2400",
        "price_per_unit": "1200",
        "price_unit": "L"
      },
      {
        "state": "NT",
        "price": "2400",
        "price_per_unit": "1200",
        "price_unit": "L"
      }
    ]
  },
  {
    "source_url": "https://www.woolworths.com.au/shop/productdetails/903711/cold-power-sensitive-laundry-liquid-washing-detergent",
    "name": "Cold Power Sensitive Laundry Liquid Washing Detergent 4L",
    "image_url": "https://cdn1.woolworths.media/content/wowproductimages/large/903711.jpg",
    "source_id": "Woolworths - 903711",
    "barcode": "9350376007020",
    "category_id": "1_2432B58",
    "shop": "Woolworths",
    "weight": "1L",
    "prices": [
      {
        "state": "VIC",
        "price": "3600",
        "price_per_unit": "900",
        "price_unit": "L"
      },
      {
        "state": "QLD",
        "price": "3600",
        "price_per_unit": "900",
        "price_unit": "L"
      },
      {
        "state": "WA",
        "price": "3600",
        "price_per_unit": "900",
        "price_unit": "L"
      },
      {
        "state": "SA",
        "price": "3600",
        "price_per_unit": "900",
        "price_unit": "L"
      },
      {
        "state": "TAS",
        "price": "3600",
        "price_per_unit": "900",
        "price_unit": "L"
      },
      {
        "state": "ACT",
        "price": "3600",
        "price_per_unit": "900",
        "price_unit": "L"
      },
      {
        "state": "NT",
        "price": "3600",
        "price_per_unit": "900",
        "price_unit": "L"
      }
    ]
  },
  {
    "source_url": "https://www.woolworths.com.au/shop/productdetails/385130/dynamo-professional-laundry-liquid-7-in-1-action",
    "name": "Dynamo Professional Laundry Liquid 7 In 1 Action 1L",
    "image_url": "https://cdn1.woolworths.media/content/wowproductimages/large/385130.jpg",
    "source_id": "Woolworths - 385130",
    "barcode": "9350376006665",
    "category_id": "1_2432B58",
    "shop": "Woolworths",
    "weight": "1L",
    "prices": [
      {
        "state": "VIC",
        "price": "1200",
        "price_per_unit": "1200",
        "price_unit": "L"
      },
      {
        "state": "QLD",
        "price": "1200",
        "price_per_unit": "1200",
        "price_unit": "L"
      },
      {
        "state": "WA",
        "price": "1200",
        "price_per_unit": "1200",
        "price_unit": "L"
      },
      {
        "state": "SA",
        "price": "1200",
        "price_per_unit": "1200",
        "price_unit": "L"
      },
      {
        "state": "TAS",
        "price": "1200",
        "price_per_unit": "1200",
        "price_unit": "L"
      },
      {
        "state": "ACT",
        "price": "1200",
        "price_per_unit": "1200",
        "price_unit": "L"
      },
      {
        "state": "NT",
        "price": "1260",
        "price_per_unit": "1260",
        "price_unit": "L"
      }
    ]
  },
  {
    "source_url": "https://www.woolworths.com.au/shop/productdetails/385322/dynamo-professional-laundry-liquid-clean-fresh-machine",
    "name": "Dynamo Professional Laundry Liquid Clean & Fresh Machine 2L",
    "image_url": "https://cdn1.woolworths.media/content/wowproductimages/large/385322.jpg",
    "source_id": "Woolworths - 385322",
    "barcode": "9350376006535",
    "category_id": "1_2432B58",
    "shop": "Woolworths",
    "weight": "1L",
    "prices": [
      {
        "state": "VIC",
        "price": "1450",
        "price_per_unit": "725",
        "price_unit": "L"
      },
      {
        "state": "QLD",
        "price": "1450",
        "price_per_unit": "725",
        "price_unit": "L"
      },
      {
        "state": "WA",
        "price": "1450",
        "price_per_unit": "725",
        "price_unit": "L"
      },
      {
        "state": "SA",
        "price": "1450",
        "price_per_unit": "725",
        "price_unit": "L"
      },
      {
        "state": "TAS",
        "price": "1450",
        "price_per_unit": "725",
        "price_unit": "L"
      },
      {
        "state": "ACT",
        "price": "1450",
        "price_per_unit": "725",
        "price_unit": "L"
      },
      {
        "state": "NT",
        "price": "1520",
        "price_per_unit": "760",
        "price_unit": "L"
      }
    ]
  },
  {
    "source_url": "https://www.woolworths.com.au/shop/productdetails/197821/earth-choice-6-in-1-multi-action-bergamot-mint-myrtle-laundry-liquid",
    "name": "Earth Choice 6 In 1 Multi-Action Bergamot, Mint & Myrtle Laundry Liquid 1l",
    "image_url": "https://cdn1.woolworths.media/content/wowproductimages/large/197821.jpg",
    "source_id": "Woolworths - 197821",
    "barcode": "9310692125112",
    "category_id": "1_2432B58",
    "shop": "Woolworths",
    "weight": "1L",
    "prices": [
      {
        "state": "VIC",
        "price": "1000",
        "price_per_unit": "1000",
        "price_unit": "L"
      },
      {
        "state": "WA",
        "price": "1000",
        "price_per_unit": "1000",
        "price_unit": "L"
      },
      {
        "state": "SA",
        "price": "1000",
        "price_per_unit": "1000",
        "price_unit": "L"
      },
      {
        "state": "TAS",
        "price": "1000",
        "price_per_unit": "1000",
        "price_unit": "L"
      },
      {
        "state": "ACT",
        "price": "1000",
        "price_per_unit": "1000",
        "price_unit": "L"
      },
      {
        "state": "NT",
        "price": "1000",
        "price_per_unit": "1000",
        "price_unit": "L"
      }
    ]
  },
  {
    "source_url": "https://www.woolworths.com.au/shop/productdetails/905143/earthwise-sensitive-clean-laundry-liquid-washing-detergent",
    "name": "Earthwise Sensitive Clean Laundry Liquid Washing Detergent 2L",
    "image_url": "https://cdn1.woolworths.media/content/wowproductimages/large/905143.jpg",
    "source_id": "Woolworths - 905143",
    "barcode": "9350376007075",
    "category_id": "1_2432B58",
    "shop": "Woolworths",
    "weight": "1L",
    "prices": [
      {
        "state": "VIC",
        "price": "2000",
        "price_per_unit": "1000",
        "price_unit": "L"
      },
      {
        "state": "QLD",
        "price": "2000",
        "price_per_unit": "1000",
        "price_unit": "L"
      },
      {
        "state": "WA",
        "price": "2000",
        "price_per_unit": "1000",
        "price_unit": "L"
      },
      {
        "state": "SA",
        "price": "2000",
        "price_per_unit": "1000",
        "price_unit": "L"
      },
      {
        "state": "TAS",
        "price": "2000",
        "price_per_unit": "1000",
        "price_unit": "L"
      },
      {
        "state": "ACT",
        "price": "2000",
        "price_per_unit": "1000",
        "price_unit": "L"
      },
      {
        "state": "NT",
        "price": "2000",
        "price_per_unit": "1000",
        "price_unit": "L"
      }
    ]
  },
  {
    "source_url": "https://www.woolworths.com.au/shop/productdetails/660712/earthwise-sensitive-clean-laundry-liquid-washing-detergent",
    "name": "Earthwise Sensitive Clean Laundry Liquid Washing Detergent 4L",
    "image_url": "https://cdn1.woolworths.media/content/wowproductimages/large/660712.jpg",
    "source_id": "Woolworths - 660712",
    "barcode": "9350376007068",
    "category_id": "1_2432B58",
    "shop": "Woolworths",
    "weight": "1L",
    "prices": [
      {
        "state": "VIC",
        "price": "1700",
        "price_per_unit": "425",
        "price_unit": "L"
      },
      {
        "state": "QLD",
        "price": "1700",
        "price_per_unit": "425",
        "price_unit": "L"
      },
      {
        "state": "WA",
        "price": "1700",
        "price_per_unit": "425",
        "price_unit": "L"
      },
      {
        "state": "SA",
        "price": "1700",
        "price_per_unit": "425",
        "price_unit": "L"
      },
      {
        "state": "TAS",
        "price": "1700",
        "price_per_unit": "425",
        "price_unit": "L"
      },
      {
        "state": "ACT",
        "price": "1700",
        "price_per_unit": "425",
        "price_unit": "L"
      },
      {
        "state": "NT",
        "price": "1700",
        "price_per_unit": "425",
        "price_unit": "L"
      }
    ]
  },
  {
    "source_url": "https://www.woolworths.com.au/shop/productdetails/757031/ecostore-ultra-sensitive-fragrance-free-laundry-liquid",
    "name": "Ecostore Ultra Sensitive Fragrance Free Laundry Liquid 1l",
    "image_url": "https://cdn1.woolworths.media/content/wowproductimages/large/757031.jpg",
    "source_id": "Woolworths - 757031",
    "barcode": "9420015010206",
    "category_id": "1_2432B58",
    "shop": "Woolworths",
    "weight": "1L",
    "prices": [
      {
        "state": "VIC",
        "price": "1100",
        "price_per_unit": "1100",
        "price_unit": "L"
      },
      {
        "state": "QLD",
        "price": "1100",
        "price_per_unit": "1100",
        "price_unit": "L"
      },
      {
        "state": "WA",
        "price": "1100",
        "price_per_unit": "1100",
        "price_unit": "L"
      },
      {
        "state": "SA",
        "price": "1100",
        "price_per_unit": "1100",
        "price_unit": "L"
      },
      {
        "state": "TAS",
        "price": "1100",
        "price_per_unit": "1100",
        "price_unit": "L"
      },
      {
        "state": "ACT",
        "price": "1100",
        "price_per_unit": "1100",
        "price_unit": "L"
      },
      {
        "state": "NT",
        "price": "1150",
        "price_per_unit": "1150",
        "price_unit": "L"
      }
    ]
  },
  {
    "source_url": "https://www.woolworths.com.au/shop/productdetails/112684/fab-laundry-liquid-gold-absolute",
    "name": "Fab Laundry Liquid Gold Absolute 3.6L",
    "image_url": "https://cdn1.woolworths.media/content/wowproductimages/large/112684.jpg",
    "source_id": "Woolworths - 112684",
    "barcode": "9350376005002",
    "category_id": "1_2432B58",
    "shop": "Woolworths",
    "weight": "1L",
    "prices": [
      {
        "state": "VIC",
        "price": "1650",
        "price_per_unit": "458",
        "price_unit": "L"
      },
      {
        "state": "WA",
        "price": "1650",
        "price_per_unit": "458",
        "price_unit": "L"
      },
      {
        "state": "SA",
        "price": "1650",
        "price_per_unit": "458",
        "price_unit": "L"
      },
      {
        "state": "TAS",
        "price": "1650",
        "price_per_unit": "458",
        "price_unit": "L"
      },
      {
        "state": "ACT",
        "price": "1650",
        "price_per_unit": "458",
        "price_unit": "L"
      },
      {
        "state": "NT",
        "price": "1650",
        "price_per_unit": "458",
        "price_unit": "L"
      }
    ]
  },
  {
    "source_url": "https://www.woolworths.com.au/shop/productdetails/87866/fab-laundry-liquid-intense-fresh-odour-control",
    "name": "Fab Laundry Liquid Intense Fresh Odour Control 1.8L",
    "image_url": "https://cdn1.woolworths.media/content/wowproductimages/large/087866.jpg",
    "source_id": "Woolworths - 87866",
    "barcode": "9350376004753",
    "category_id": "1_2432B58",
    "shop": "Woolworths",
    "weight": "1L",
    "prices": [
      {
        "state": "VIC",
        "price": "900",
        "price_per_unit": "500",
        "price_unit": "L"
      },
      {
        "state": "QLD",
        "price": "900",
        "price_per_unit": "500",
        "price_unit": "L"
      },
      {
        "state": "WA",
        "price": "900",
        "price_per_unit": "500",
        "price_unit": "L"
      },
      {
        "state": "SA",
        "price": "900",
        "price_per_unit": "500",
        "price_unit": "L"
      },
      {
        "state": "TAS",
        "price": "900",
        "price_per_unit": "500",
        "price_unit": "L"
      },
      {
        "state": "ACT",
        "price": "900",
        "price_per_unit": "500",
        "price_unit": "L"
      },
      {
        "state": "NT",
        "price": "900",
        "price_per_unit": "500",
        "price_unit": "L"
      }
    ]
  },
  {
    "source_url": "https://www.woolworths.com.au/shop/productdetails/206980/fab-laundry-liquid-intense-fresh-odour-control",
    "name": "Fab Laundry Liquid Intense Fresh Odour Control 3.6L",
    "image_url": "https://cdn1.woolworths.media/content/wowproductimages/large/206980.jpg",
    "source_id": "Woolworths - 206980",
    "barcode": "9350376004876",
    "category_id": "1_2432B58",
    "shop": "Woolworths",
    "weight": "1L",
    "prices": [
      {
        "state": "VIC",
        "price": "1650",
        "price_per_unit": "458",
        "price_unit": "L"
      },
      {
        "state": "WA",
        "price": "1650",
        "price_per_unit": "458",
        "price_unit": "L"
      },
      {
        "state": "SA",
        "price": "1650",
        "price_per_unit": "458",
        "price_unit": "L"
      },
      {
        "state": "TAS",
        "price": "1650",
        "price_per_unit": "458",
        "price_unit": "L"
      },
      {
        "state": "ACT",
        "price": "1650",
        "price_per_unit": "458",
        "price_unit": "L"
      },
      {
        "state": "NT",
        "price": "1650",
        "price_per_unit": "458",
        "price_unit": "L"
      }
    ]
  },
  {
    "source_url": "https://www.woolworths.com.au/shop/productdetails/208438/radiant-advanced-cold-water-6-in-1-laundry-liquid-detergent",
    "name": "Radiant Advanced+ Cold Water 6-In-1 Laundry Liquid Detergent 1.8l",
    "image_url": "https://cdn1.woolworths.media/content/wowproductimages/large/208438.jpg",
    "source_id": "Woolworths - 208438",
    "barcode": "9300615003979",
    "category_id": "1_2432B58",
    "shop": "Woolworths",
    "weight": "1L",
    "prices": [
      {
        "state": "VIC",
        "price": "2200",
        "price_per_unit": "1222",
        "price_unit": "L"
      },
      {
        "state": "QLD",
        "price": "2200",
        "price_per_unit": "1222",
        "price_unit": "L"
      },
      {
        "state": "WA",
        "price": "2200",
        "price_per_unit": "1222",
        "price_unit": "L"
      },
      {
        "state": "SA",
        "price": "2200",
        "price_per_unit": "1222",
        "price_unit": "L"
      },
      {
        "state": "TAS",
        "price": "2200",
        "price_per_unit": "1222",
        "price_unit": "L"
      },
      {
        "state": "ACT",
        "price": "2200",
        "price_per_unit": "1222",
        "price_unit": "L"
      },
      {
        "state": "NT",
        "price": "2200",
        "price_per_unit": "1222",
        "price_unit": "L"
      }
    ]
  },
  {
    "source_url": "https://www.woolworths.com.au/shop/productdetails/143353/radiant-whites-or-colours-laundry-liquid-detergent",
    "name": "Radiant Whites Or Colours Laundry Liquid Detergent 2l",
    "image_url": "https://cdn1.woolworths.media/content/wowproductimages/large/143353.jpg",
    "source_id": "Woolworths - 143353",
    "barcode": "9300615092997",
    "category_id": "1_2432B58",
    "shop": "Woolworths",
    "weight": "1L",
    "prices": [
      {
        "state": "VIC",
        "price": "1000",
        "price_per_unit": "500",
        "price_unit": "L"
      },
      {
        "state": "QLD",
        "price": "1000",
        "price_per_unit": "500",
        "price_unit": "L"
      },
      {
        "state": "WA",
        "price": "1000",
        "price_per_unit": "500",
        "price_unit": "L"
      },
      {
        "state": "SA",
        "price": "1000",
        "price_per_unit": "500",
        "price_unit": "L"
      },
      {
        "state": "TAS",
        "price": "1000",
        "price_per_unit": "500",
        "price_unit": "L"
      },
      {
        "state": "ACT",
        "price": "1000",
        "price_per_unit": "500",
        "price_unit": "L"
      },
      {
        "state": "NT",
        "price": "1000",
        "price_per_unit": "500",
        "price_unit": "L"
      }
    ]
  },
  {
    "source_url": "https://www.woolworths.com.au/shop/productdetails/35336/radiant-whites-or-colours-laundry-liquid-detergent-washing",
    "name": "Radiant Whites Or Colours Laundry Liquid Detergent Washing 4l",
    "image_url": "https://cdn1.woolworths.media/content/wowproductimages/large/035336.jpg",
    "source_id": "Woolworths - 35336",
    "barcode": "9300615040981",
    "category_id": "1_2432B58",
    "shop": "Woolworths",
    "weight": "1L",
    "prices": [
      {
        "state": "VIC",
        "price": "2500",
        "price_per_unit": "625",
        "price_unit": "L"
      },
      {
        "state": "QLD",
        "price": "2500",
        "price_per_unit": "625",
        "price_unit": "L"
      },
      {
        "state": "WA",
        "price": "2500",
        "price_per_unit": "625",
        "price_unit": "L"
      },
      {
        "state": "SA",
        "price": "2500",
        "price_per_unit": "625",
        "price_unit": "L"
      },
      {
        "state": "TAS",
        "price": "2500",
        "price_per_unit": "625",
        "price_unit": "L"
      },
      {
        "state": "ACT",
        "price": "2500",
        "price_per_unit": "625",
        "price_unit": "L"
      },
      {
        "state": "NT",
        "price": "2625",
        "price_per_unit": "656",
        "price_unit": "L"
      }
    ]
  },
  {
    "source_url": "https://www.woolworths.com.au/shop/productdetails/274134/resolv-dissolvable-laundry-sheets-fresh-ocean",
    "name": "Resolv Dissolvable Laundry Sheets Fresh Ocean 15 Pack",
    "image_url": "https://cdn1.woolworths.media/content/wowproductimages/large/274134.jpg",
    "source_id": "Woolworths - 274134",
    "barcode": "9420035619854",
    "category_id": "1_2432B58",
    "shop": "Woolworths",
    "weight": "100EA",
    "prices": [
      {
        "state": "VIC",
        "price": "600",
        "price_per_unit": "4000",
        "price_unit": "EA"
      },
      {
        "state": "WA",
        "price": "600",
        "price_per_unit": "4000",
        "price_unit": "EA"
      },
      {
        "state": "SA",
        "price": "600",
        "price_per_unit": "4000",
        "price_unit": "EA"
      },
      {
        "state": "TAS",
        "price": "600",
        "price_per_unit": "4000",
        "price_unit": "EA"
      },
      {
        "state": "ACT",
        "price": "600",
        "price_per_unit": "4000",
        "price_unit": "EA"
      },
      {
        "state": "NT",
        "price": "600",
        "price_per_unit": "4000",
        "price_unit": "EA"
      }
    ]
  },
  {
    "source_url": "https://www.woolworths.com.au/shop/productdetails/273885/resolv-dissolvable-laundry-sheets-fresh-ocean",
    "name": "Resolv Dissolvable Laundry Sheets Fresh Ocean 30 Pack",
    "image_url": "https://cdn1.woolworths.media/content/wowproductimages/large/273885.jpg",
    "source_id": "Woolworths - 273885",
    "barcode": "9420035619915",
    "category_id": "1_2432B58",
    "shop": "Woolworths",
    "weight": "100EA",
    "prices": [
      {
        "state": "VIC",
        "price": "1300",
        "price_per_unit": "4333",
        "price_unit": "EA"
      },
      {
        "state": "WA",
        "price": "1300",
        "price_per_unit": "4333",
        "price_unit": "EA"
      },
      {
        "state": "SA",
        "price": "1300",
        "price_per_unit": "4333",
        "price_unit": "EA"
      },
      {
        "state": "TAS",
        "price": "1300",
        "price_per_unit": "4333",
        "price_unit": "EA"
      },
      {
        "state": "ACT",
        "price": "1300",
        "price_per_unit": "4333",
        "price_unit": "EA"
      },
      {
        "state": "NT",
        "price": "1300",
        "price_per_unit": "4333",
        "price_unit": "EA"
      }
    ]
  },
  {
    "source_url": "https://www.woolworths.com.au/shop/productdetails/899864/undo-this-mess-laundry-detergent-sheets-spring-blossom",
    "name": "Undo This Mess Laundry Detergent Sheets Spring Blossom 60 Pack",
    "image_url": "https://cdn1.woolworths.media/content/wowproductimages/large/899864.jpg",
    "source_id": "Woolworths - 899864",
    "barcode": "9310692602866",
    "category_id": "1_2432B58",
    "shop": "Woolworths",
    "weight": "1EA",
    "prices": [
      {
        "state": "VIC",
        "price": "1600",
        "price_per_unit": "27",
        "price_unit": "EA"
      },
      {
        "state": "QLD",
        "price": "1600",
        "price_per_unit": "27",
        "price_unit": "EA"
      },
      {
        "state": "WA",
        "price": "1600",
        "price_per_unit": "27",
        "price_unit": "EA"
      },
      {
        "state": "SA",
        "price": "1600",
        "price_per_unit": "27",
        "price_unit": "EA"
      },
      {
        "state": "TAS",
        "price": "1600",
        "price_per_unit": "27",
        "price_unit": "EA"
      },
      {
        "state": "ACT",
        "price": "1600",
        "price_per_unit": "27",
        "price_unit": "EA"
      },
      {
        "state": "NT",
        "price": "1680",
        "price_per_unit": "28",
        "price_unit": "EA"
      }
    ]
  },
  {
    "source_url": "https://www.woolworths.com.au/shop/productdetails/142101/undo-this-mess-super-softener-laundry-liquid",
    "name": "Undo This Mess Super Softener Laundry Liquid 2l",
    "image_url": "https://cdn1.woolworths.media/content/wowproductimages/large/142101.jpg",
    "source_id": "Woolworths - 142101",
    "barcode": "9310692602521",
    "category_id": "1_2432B58",
    "shop": "Woolworths",
    "weight": "1L",
    "prices": [
      {
        "state": "VIC",
        "price": "1800",
        "price_per_unit": "900",
        "price_unit": "L"
      },
      {
        "state": "QLD",
        "price": "1800",
        "price_per_unit": "900",
        "price_unit": "L"
      },
      {
        "state": "WA",
        "price": "1800",
        "price_per_unit": "900",
        "price_unit": "L"
      },
      {
        "state": "SA",
        "price": "1800",
        "price_per_unit": "900",
        "price_unit": "L"
      },
      {
        "state": "TAS",
        "price": "1800",
        "price_per_unit": "900",
        "price_unit": "L"
      },
      {
        "state": "ACT",
        "price": "1800",
        "price_per_unit": "900",
        "price_unit": "L"
      },
      {
        "state": "NT",
        "price": "1800",
        "price_per_unit": "900",
        "price_unit": "L"
      }
    ]
  },
  {
    "source_url": "https://www.woolworths.com.au/shop/productdetails/199484/wash-wild-laundry-liquid",
    "name": "Wash Wild Laundry Liquid 1l",
    "image_url": "https://cdn1.woolworths.media/content/wowproductimages/large/199484.jpg",
    "source_id": "Woolworths - 199484",
    "barcode": "9349506002530",
    "category_id": "1_2432B58",
    "shop": "Woolworths",
    "weight": "1L",
    "prices": [
      {
        "state": "VIC",
        "price": "1400",
        "price_per_unit": "1400",
        "price_unit": "L"
      },
      {
        "state": "WA",
        "price": "1400",
        "price_per_unit": "1400",
        "price_unit": "L"
      },
      {
        "state": "SA",
        "price": "1400",
        "price_per_unit": "1400",
        "price_unit": "L"
      },
      {
        "state": "ACT",
        "price": "1400",
        "price_per_unit": "1400",
        "price_unit": "L"
      }
    ]
  },
  {
    "source_url": "https://www.woolworths.com.au/shop/productdetails/272748/earth-rescue-laundry-detergent-sheets",
    "name": "Earth Rescue Laundry Detergent Sheets 60 pack",
    "image_url": "https://cdn1.woolworths.media/content/wowproductimages/large/272748.jpg",
    "source_id": "Woolworths - 272748",
    "barcode": "9322596010685",
    "category_id": "1_2432B58",
    "shop": "Woolworths",
    "weight": "1EA",
    "prices": [
      {
        "state": "QLD",
        "price": "975",
        "price_per_unit": "33",
        "price_unit": "EA"
      },
      {
        "state": "WA",
        "price": "975",
        "price_per_unit": "33",
        "price_unit": "EA"
      },
      {
        "state": "SA",
        "price": "975",
        "price_per_unit": "33",
        "price_unit": "EA"
      },
      {
        "state": "TAS",
        "price": "975",
        "price_per_unit": "33",
        "price_unit": "EA"
      },
      {
        "state": "NT",
        "price": "1020",
        "price_per_unit": "34",
        "price_unit": "EA"
      }
    ]
  },
  {
    "source_url": "https://www.woolworths.com.au/shop/productdetails/909874/sheet-yeah-laundry-detergent-sheets-summer-daze",
    "name": "Sheet Yeah Laundry Detergent Sheets Summer Daze 100 pack",
    "image_url": "https://cdn1.woolworths.media/content/wowproductimages/large/909874.jpg",
    "source_id": "Woolworths - 909874",
    "barcode": "9369999828806",
    "category_id": "1_2432B58",
    "shop": "Woolworths",
    "weight": "1EA",
    "prices": [
      {
        "state": "QLD",
        "price": "2600",
        "price_per_unit": "26",
        "price_unit": "EA"
      },
      {
        "state": "WA",
        "price": "2600",
        "price_per_unit": "26",
        "price_unit": "EA"
      },
      {
        "state": "SA",
        "price": "2600",
        "price_per_unit": "26",
        "price_unit": "EA"
      },
      {
        "state": "TAS",
        "price": "2600",
        "price_per_unit": "26",
        "price_unit": "EA"
      },
      {
        "state": "NT",
        "price": "2730",
        "price_per_unit": "27",
        "price_unit": "EA"
      }
    ]
  },
  {
    "source_url": "https://www.woolworths.com.au/shop/productdetails/897214/dr-beckmann-laundry-detergent-sheets-universal",
    "name": "Dr Beckmann Laundry Detergent Sheets Universal 25 pack",
    "image_url": "https://cdn1.woolworths.media/content/wowproductimages/large/897214.jpg",
    "source_id": "Woolworths - 897214",
    "barcode": "4008455585314",
    "category_id": "1_2432B58",
    "shop": "Woolworths",
    "weight": "1EA",
    "prices": [
      {
        "state": "WA",
        "price": "1500",
        "price_per_unit": "60",
        "price_unit": "EA"
      },
      {
        "state": "SA",
        "price": "1500",
        "price_per_unit": "60",
        "price_unit": "EA"
      },
      {
        "state": "TAS",
        "price": "1500",
        "price_per_unit": "60",
        "price_unit": "EA"
      },
      {
        "state": "NT",
        "price": "1570",
        "price_per_unit": "63",
        "price_unit": "EA"
      }
    ]
  },
  {
    "source_url": "https://www.woolworths.com.au/shop/productdetails/388242/cold-power-advanced-clean-laundry-liquid-washing-detergent",
    "name": "Cold Power Advanced Clean Laundry Liquid Washing Detergent 5.4L",
    "image_url": "https://cdn1.woolworths.media/content/wowproductimages/large/388242.jpg",
    "source_id": "Woolworths - 388242",
    "barcode": "9350376006610",
    "category_id": "1_2432B58",
    "shop": "Woolworths",
    "weight": "1L",
    "prices": [
      {
        "state": "NT",
        "price": "2500",
        "price_per_unit": "463",
        "price_unit": "L"
      }
    ]
  }
]