[
  {
    "source_url": "https://www.woolworths.com.au/shop/productdetails/778259/ajax-professional-kitchen-cleaner-trigger",
    "name": "Ajax Professional Kitchen Cleaner Trigger 500ml",
    "image_url": "https://cdn1.woolworths.media/content/wowproductimages/large/778259.jpg",
    "source_id": "Woolworths - 778259",
    "barcode": "9300632084203",
    "category_id": "1_2432B58",
    "shop": "Woolworths",
    "weight": "100ML",
    "prices": [
      {
        "state": "NSW",
        "price": "560",
        "price_per_unit": "112",
        "price_unit": "ML"
      },
      {
        "state": "VIC",
        "price": "560",
        "price_per_unit": "112",
        "price_unit": "ML"
      },
      {
        "state": "QLD",
        "price": "560",
        "price_per_unit": "112",
        "price_unit": "ML"
      },
      {
        "state": "SA",
        "price": "560",
        "price_per_unit": "112",
        "price_unit": "ML"
      },
      {
        "state": "TAS",
        "price": "560",
        "price_per_unit": "112",
        "price_unit": "ML"
      },
      {
        "state": "ACT",
        "price": "560",
        "price_per_unit": "112",
        "price_unit": "ML"
      },
      {
        "state": "NT",
        "price": "585",
        "price_per_unit": "117",
        "price_unit": "ML"
      }
    ]
  },
  {
    "source_url": "https://www.woolworths.com.au/shop/productdetails/220980/easy-off-bam-kitchen-degreaser-cleaning-spray",
    "name": "Easy Off Bam Kitchen Degreaser Cleaning Spray 750ml",
    "image_url": "https://cdn1.woolworths.media/content/wowproductimages/large/220980.jpg",
    "source_id": "Woolworths - 220980",
    "barcode": "9300701138196",
    "category_id": "1_2432B58",
    "shop": "Woolworths",
    "weight": "100ML",
    "prices": [
      {
        "state": "NSW",
        "price": "850",
        "price_per_unit": "113",
        "price_unit": "ML"
      },
      {
        "state": "VIC",
        "price": "850",
        "price_per_unit": "113",
        "price_unit": "ML"
      },
      {
        "state": "QLD",
        "price": "850",
        "price_per_unit": "113",
        "price_unit": "ML"
      },
      {
        "state": "WA",
        "price": "850",
        "price_per_unit": "113",
        "price_unit": "ML"
      },
      {
        "state": "SA",
        "price": "850",
        "price_per_unit": "113",
        "price_unit": "ML"
      },
      {
        "state": "TAS",
        "price": "850",
        "price_per_unit": "113",
        "price_unit": "ML"
      },
      {
        "state": "ACT",
        "price": "850",
        "price_per_unit": "113",
        "price_unit": "ML"
      },
      {
        "state": "NT",
        "price": "850",
        "price_per_unit": "113",
        "price_unit": "ML"
      }
    ]
  },
  {
    "source_url": "https://www.woolworths.com.au/shop/productdetails/221730/easy-off-bam-oven-bbq-everyday-cleaner-spray",
    "name": "Easy Off Bam Oven & BBQ Everyday Cleaner Spray 750mL",
    "image_url": "https://cdn1.woolworths.media/content/wowproductimages/large/221730.jpg",
    "source_id": "Woolworths - 221730",
    "barcode": "9300701142018",
    "category_id": "1_2432B58",
    "shop": "Woolworths",
    "weight": "100ML",
    "prices": [
      {
        "state": "NSW",
        "price": "850",
        "price_per_unit": "113",
        "price_unit": "ML"
      },
      {
        "state": "VIC",
        "price": "850",
        "price_per_unit": "113",
        "price_unit": "ML"
      },
      {
        "state": "QLD",
        "price": "850",
        "price_per_unit": "113",
        "price_unit": "ML"
      },
      {
        "state": "WA",
        "price": "850",
        "price_per_unit": "113",
        "price_unit": "ML"
      },
      {
        "state": "SA",
        "price": "850",
        "price_per_unit": "113",
        "price_unit": "ML"
      },
      {
        "state": "TAS",
        "price": "850",
        "price_per_unit": "113",
        "price_unit": "ML"
      },
      {
        "state": "ACT",
        "price": "850",
        "price_per_unit": "113",
        "price_unit": "ML"
      },
      {
        "state": "NT",
        "price": "850",
        "price_per_unit": "113",
        "price_unit": "ML"
      }
    ]
  },
  {
    "source_url": "https://www.woolworths.com.au/shop/productdetails/233881/easy-off-bam-oven-bbq-heavy-duty-cleaner-spray",
    "name": "Easy Off Bam Oven & BBQ Heavy Duty Cleaner Spray 325g",
    "image_url": "https://cdn1.woolworths.media/content/wowproductimages/large/233881.jpg",
    "source_id": "Woolworths - 233881",
    "barcode": "9300701462734",
    "category_id": "1_2432B58",
    "shop": "Woolworths",
    "weight": "100G",
    "prices": [
      {
        "state": "NSW",
        "price": "550",
        "price_per_unit": "169",
        "price_unit": "G"
      },
      {
        "state": "QLD",
        "price": "550",
        "price_per_unit": "169",
        "price_unit": "G"
      },
      {
        "state": "WA",
        "price": "550",
        "price_per_unit": "169",
        "price_unit": "G"
      },
      {
        "state": "SA",
        "price": "550",
        "price_per_unit": "169",
        "price_unit": "G"
      },
      {
        "state": "TAS",
        "price": "550",
        "price_per_unit": "169",
        "price_unit": "G"
      },
      {
        "state": "ACT",
        "price": "550",
        "price_per_unit": "169",
        "price_unit": "G"
      },
      {
        "state": "NT",
        "price": "580",
        "price_per_unit": "178",
        "price_unit": "G"
      }
    ]
  },
  {
    "source_url": "https://www.woolworths.com.au/shop/productdetails/908815/elbow-grease-air-fryer-cleaner",
    "name": "Elbow Grease Air Fryer Cleaner 500ml",
    "image_url": "https://cdn1.woolworths.media/content/wowproductimages/large/908815.jpg",
    "source_id": "Woolworths - 908815",
    "barcode": "5053249274409",
    "category_id": "1_2432B58",
    "shop": "Woolworths",
    "weight": "100ML",
    "prices": [
      {
        "state": "NSW",
        "price": "500",
        "price_per_unit": "100",
        "price_unit": "ML"
      },
      {
        "state": "VIC",
        "price": "500",
        "price_per_unit": "100",
        "price_unit": "ML"
      },
      {
        "state": "QLD",
        "price": "500",
        "price_per_unit": "100",
        "price_unit": "ML"
      },
      {
        "state": "WA",
        "price": "500",
        "price_per_unit": "100",
        "price_unit": "ML"
      },
      {
        "state": "SA",
        "price": "500",
        "price_per_unit": "100",
        "price_unit": "ML"
      },
      {
        "state": "TAS",
        "price": "500",
        "price_per_unit": "100",
        "price_unit": "ML"
      },
      {
        "state": "ACT",
        "price": "500",
        "price_per_unit": "100",
        "price_unit": "ML"
      },
      {
        "state": "NT",
        "price": "525",
        "price_per_unit": "105",
        "price_unit": "ML"
      }
    ]
  },
  {
    "source_url": "https://www.woolworths.com.au/shop/productdetails/908868/elbow-grease-kitchen-degreaser",
    "name": "Elbow Grease Kitchen Degreaser 1l",
    "image_url": "https://cdn1.woolworths.media/content/wowproductimages/large/908868.jpg",
    "source_id": "Woolworths - 908868",
    "barcode": "5053249274690",
    "category_id": "1_2432B58",
    "shop": "Woolworths",
    "weight": "100ML",
    "prices": [
      {
        "state": "NSW",
        "price": "800",
        "price_per_unit": "80",
        "price_unit": "ML"
      },
      {
        "state": "VIC",
        "price": "800",
        "price_per_unit": "80",
        "price_unit": "ML"
      },
      {
        "state": "QLD",
        "price": "800",
        "price_per_unit": "80",
        "price_unit": "ML"
      },
      {
        "state": "WA",
        "price": "800",
        "price_per_unit": "80",
        "price_unit": "ML"
      },
      {
        "state": "SA",
        "price": "800",
        "price_per_unit": "80",
        "price_unit": "ML"
      },
      {
        "state": "ACT",
        "price": "800",
        "price_per_unit": "80",
        "price_unit": "ML"
      },
      {
        "state": "NT",
        "price": "840",
        "price_per_unit": "84",
        "price_unit": "ML"
      }
    ]
  },
  {
    "source_url": "https://www.woolworths.com.au/shop/productdetails/909106/elbow-grease-oven-grill-cleaner",
    "name": "Elbow Grease Oven & Grill Cleaner 400mL",
    "image_url": "https://cdn1.woolworths.media/content/wowproductimages/large/909106.jpg",
    "source_id": "Woolworths - 909106",
    "barcode": "5053249274461",
    "category_id": "1_2432B58",
    "shop": "Woolworths",
    "weight": "100ML",
    "prices": [
      {
        "state": "NSW",
        "price": "500",
        "price_per_unit": "125",
        "price_unit": "ML"
      },
      {
        "state": "VIC",
        "price": "500",
        "price_per_unit": "125",
        "price_unit": "ML"
      },
      {
        "state": "SA",
        "price": "500",
        "price_per_unit": "125",
        "price_unit": "ML"
      },
      {
        "state": "ACT",
        "price": "500",
        "price_per_unit": "125",
        "price_unit": "ML"
      },
      {
        "state": "NT",
        "price": "525",
        "price_per_unit": "131",
        "price_unit": "ML"
      }
    ]
  },
  {
    "source_url": "https://www.woolworths.com.au/shop/productdetails/909073/elbow-grease-oven-cleaning-kit",
    "name": "Elbow Grease Oven Cleaning Kit 500ml",
    "image_url": "https://cdn1.woolworths.media/content/wowproductimages/large/909073.jpg",
    "source_id": "Woolworths - 909073",
    "barcode": "5053249274508",
    "category_id": "1_2432B58",
    "shop": "Woolworths",
    "weight": "1EA",
    "prices": [
      {
        "state": "NSW",
        "price": "800",
        "price_per_unit": "800",
        "price_unit": "EA"
      },
      {
        "state": "VIC",
        "price": "800",
        "price_per_unit": "800",
        "price_unit": "EA"
      },
      {
        "state": "QLD",
        "price": "800",
        "price_per_unit": "800",
        "price_unit": "EA"
      },
      {
        "state": "WA",
        "price": "800",
        "price_per_unit": "800",
        "price_unit": "EA"
      },
      {
        "state": "SA",
        "price": "800",
        "price_per_unit": "800",
        "price_unit": "EA"
      },
      {
        "state": "ACT",
        "price": "800",
        "price_per_unit": "800",
        "price_unit": "EA"
      },
      {
        "state": "NT",
        "price": "840",
        "price_per_unit": "840",
        "price_unit": "EA"
      }
    ]
  },
  {
    "source_url": "https://www.woolworths.com.au/shop/productdetails/188082/hillmark-cerapol-ceramic-glass-induction-cooktop-cleaner",
    "name": "Hillmark Cerapol Ceramic Glass & Induction Cooktop Cleaner 150ml",
    "image_url": "https://cdn1.woolworths.media/content/wowproductimages/large/188082.jpg",
    "source_id": "Woolworths - 188082",
    "barcode": "9311597005097",
    "category_id": "1_2432B58",
    "shop": "Woolworths",
    "weight": "100ML",
    "prices": [
      {
        "state": "NSW",
        "price": "515",
        "price_per_unit": "343",
        "price_unit": "ML"
      },
      {
        "state": "VIC",
        "price": "515",
        "price_per_unit": "343",
        "price_unit": "ML"
      },
      {
        "state": "QLD",
        "price": "515",
        "price_per_unit": "343",
        "price_unit": "ML"
      },
      {
        "state": "WA",
        "price": "515",
        "price_per_unit": "343",
        "price_unit": "ML"
      },
      {
        "state": "SA",
        "price": "515",
        "price_per_unit": "343",
        "price_unit": "ML"
      },
      {
        "state": "TAS",
        "price": "515",
        "price_per_unit": "343",
        "price_unit": "ML"
      },
      {
        "state": "ACT",
        "price": "515",
        "price_per_unit": "343",
        "price_unit": "ML"
      },
      {
        "state": "NT",
        "price": "515",
        "price_per_unit": "343",
        "price_unit": "ML"
      }
    ]
  },
  {
    "source_url": "https://www.woolworths.com.au/shop/productdetails/154128/magic-all-purpose-descaler",
    "name": "Magic All Purpose Descaler 250ml",
    "image_url": "https://cdn1.woolworths.media/content/wowproductimages/large/154128.jpg",
    "source_id": "Woolworths - 154128",
    "barcode": "9312066000452",
    "category_id": "1_2432B58",
    "shop": "Woolworths",
    "weight": "100ML",
    "prices": [
      {
        "state": "NSW",
        "price": "770",
        "price_per_unit": "308",
        "price_unit": "ML"
      },
      {
        "state": "VIC",
        "price": "770",
        "price_per_unit": "308",
        "price_unit": "ML"
      },
      {
        "state": "QLD",
        "price": "770",
        "price_per_unit": "308",
        "price_unit": "ML"
      },
      {
        "state": "WA",
        "price": "770",
        "price_per_unit": "308",
        "price_unit": "ML"
      },
      {
        "state": "SA",
        "price": "770",
        "price_per_unit": "308",
        "price_unit": "ML"
      },
      {
        "state": "TAS",
        "price": "770",
        "price_per_unit": "308",
        "price_unit": "ML"
      },
      {
        "state": "ACT",
        "price": "770",
        "price_per_unit": "308",
        "price_unit": "ML"
      },
      {
        "state": "NT",
        "price": "810",
        "price_per_unit": "324",
        "price_unit": "ML"
      }
    ]
  },
  {
    "source_url": "https://www.woolworths.com.au/shop/productdetails/247140/magic-stainless-steel-cleaner-protector",
    "name": "Magic Stainless Steel Cleaner & Protector 200ml",
    "image_url": "https://cdn1.woolworths.media/content/wowproductimages/large/247140.jpg",
    "source_id": "Woolworths - 247140",
    "barcode": "9312066000117",
    "category_id": "1_2432B58",
    "shop": "Woolworths",
    "weight": "100ML",
    "prices": [
      {
        "state": "NSW",
        "price": "790",
        "price_per_unit": "395",
        "price_unit": "ML"
      },
      {
        "state": "VIC",
        "price": "790",
        "price_per_unit": "395",
        "price_unit": "ML"
      },
      {
        "state": "QLD",
        "price": "790",
        "price_per_unit": "395",
        "price_unit": "ML"
      },
      {
        "state": "WA",
        "price": "790",
        "price_per_unit": "395",
        "price_unit": "ML"
      },
      {
        "state": "SA",
        "price": "790",
        "price_per_unit": "395",
        "price_unit": "ML"
      },
      {
        "state": "TAS",
        "price": "790",
        "price_per_unit": "395",
        "price_unit": "ML"
      },
      {
        "state": "ACT",
        "price": "790",
        "price_per_unit": "395",
        "price_unit": "ML"
      },
      {
        "state": "NT",
        "price": "825",
        "price_per_unit": "413",
        "price_unit": "ML"
      }
    ]
  },
  {
    "source_url": "https://www.woolworths.com.au/shop/productdetails/790904/magic-stainless-steel-wipes-magic-wipes",
    "name": "Magic Stainless Steel Wipes Magic Wipes 20 Pack",
    "image_url": "https://cdn1.woolworths.media/content/wowproductimages/large/790904.jpg",
    "source_id": "Woolworths - 790904",
    "barcode": "9312066100015",
    "category_id": "1_2432B58",
    "shop": "Woolworths",
    "weight": "1EA",
    "prices": [
      {
        "state": "NSW",
        "price": "690",
        "price_per_unit": "35",
        "price_unit": "EA"
      },
      {
        "state": "VIC",
        "price": "690",
        "price_per_unit": "35",
        "price_unit": "EA"
      },
      {
        "state": "QLD",
        "price": "690",
        "price_per_unit": "35",
        "price_unit": "EA"
      },
      {
        "state": "WA",
        "price": "690",
        "price_per_unit": "35",
        "price_unit": "EA"
      },
      {
        "state": "SA",
        "price": "690",
        "price_per_unit": "35",
        "price_unit": "EA"
      },
      {
        "state": "TAS",
        "price": "690",
        "price_per_unit": "35",
        "price_unit": "EA"
      },
      {
        "state": "ACT",
        "price": "690",
        "price_per_unit": "35",
        "price_unit": "EA"
      },
      {
        "state": "NT",
        "price": "720",
        "price_per_unit": "36",
        "price_unit": "EA"
      }
    ]
  },
  {
    "source_url": "https://www.woolworths.com.au/shop/productdetails/16381/mclintocks-vanilla-fresh-fridge-wipe-deodorizer",
    "name": "McLintocks Vanilla Fresh Fridge Wipe & Deodorizer 500ml",
    "image_url": "https://cdn1.woolworths.media/content/wowproductimages/large/016381.jpg",
    "source_id": "Woolworths - 16381",
    "barcode": "9310354204605",
    "category_id": "1_2432B58",
    "shop": "Woolworths",
    "weight": "100ML",
    "prices": [
      {
        "state": "NSW",
        "price": "570",
        "price_per_unit": "114",
        "price_unit": "ML"
      },
      {
        "state": "VIC",
        "price": "570",
        "price_per_unit": "114",
        "price_unit": "ML"
      },
      {
        "state": "QLD",
        "price": "570",
        "price_per_unit": "114",
        "price_unit": "ML"
      },
      {
        "state": "WA",
        "price": "570",
        "price_per_unit": "114",
        "price_unit": "ML"
      },
      {
        "state": "SA",
        "price": "570",
        "price_per_unit": "114",
        "price_unit": "ML"
      },
      {
        "state": "TAS",
        "price": "570",
        "price_per_unit": "114",
        "price_unit": "ML"
      },
      {
        "state": "ACT",
        "price": "570",
        "price_per_unit": "114",
        "price_unit": "ML"
      },
      {
        "state": "NT",
        "price": "600",
        "price_per_unit": "120",
        "price_unit": "ML"
      }
    ]
  },
  {
    "source_url": "https://www.woolworths.com.au/shop/productdetails/322104/ozkleen-oven-power-odourless-oven-cleaner-kit",
    "name": "OzKleen Oven Power Odourless Oven Cleaner Kit each",
    "image_url": "https://cdn1.woolworths.media/content/wowproductimages/large/322104.jpg",
    "source_id": "Woolworths - 322104",
    "barcode": "803678000651",
    "category_id": "1_2432B58",
    "shop": "Woolworths",
    "weight": "1EA",
    "prices": [
      {
        "state": "NSW",
        "price": "960",
        "price_per_unit": "960",
        "price_unit": "EA"
      },
      {
        "state": "VIC",
        "price": "960",
        "price_per_unit": "960",
        "price_unit": "EA"
      },
      {
        "state": "QLD",
        "price": "960",
        "price_per_unit": "960",
        "price_unit": "EA"
      },
      {
        "state": "WA",
        "price": "960",
        "price_per_unit": "960",
        "price_unit": "EA"
      },
      {
        "state": "SA",
        "price": "960",
        "price_per_unit": "960",
        "price_unit": "EA"
      },
      {
        "state": "TAS",
        "price": "960",
        "price_per_unit": "960",
        "price_unit": "EA"
      },
      {
        "state": "ACT",
        "price": "960",
        "price_per_unit": "960",
        "price_unit": "EA"
      },
      {
        "state": "NT",
        "price": "1005",
        "price_per_unit": "1005",
        "price_unit": "EA"
      }
    ]
  },
  {
    "source_url": "https://www.woolworths.com.au/shop/productdetails/296793/the-stone-doctor-stone-cleaner-spray",
    "name": "The Stone Doctor Stone Cleaner Spray 500ml",
    "image_url": "https://cdn1.woolworths.media/content/wowproductimages/large/296793.jpg",
    "source_id": "Woolworths - 296793",
    "barcode": "9359751000083",
    "category_id": "1_2432B58",
    "shop": "Woolworths",
    "weight": "100ML",
    "prices": [
      {
        "state": "NSW",
        "price": "1490",
        "price_per_unit": "298",
        "price_unit": "ML"
      },
      {
        "state": "VIC",
        "price": "1490",
        "price_per_unit": "298",
        "price_unit": "ML"
      },
      {
        "state": "QLD",
        "price": "1490",
        "price_per_unit": "298",
        "price_unit": "ML"
      },
      {
        "state": "WA",
        "price": "1490",
        "price_per_unit": "298",
        "price_unit": "ML"
      },
      {
        "state": "SA",
        "price": "1490",
        "price_per_unit": "298",
        "price_unit": "ML"
      },
      {
        "state": "TAS",
        "price": "1490",
        "price_per_unit": "298",
        "price_unit": "ML"
      },
      {
        "state": "ACT",
        "price": "1490",
        "price_per_unit": "298",
        "price_unit": "ML"
      },
      {
        "state": "NT",
        "price": "1565",
        "price_per_unit": "313",
        "price_unit": "ML"
      }
    ]
  },
  {
    "source_url": "https://www.woolworths.com.au/shop/productdetails/221594/cleanery-kitchen-cleaner-refill-lemon-lemon-lime",
    "name": "Cleanery Kitchen Cleaner Refill Lemon Lemon & Lime 16g",
    "image_url": "https://cdn1.woolworths.media/content/wowproductimages/large/221594.jpg",
    "source_id": "Woolworths - 221594",
    "barcode": "9421036260090",
    "category_id": "1_2432B58",
    "shop": "Woolworths",
    "weight": "100G",
    "prices": [
      {
        "state": "VIC",
        "price": "250",
        "price_per_unit": "1563",
        "price_unit": "G"
      },
      {
        "state": "SA",
        "price": "250",
        "price_per_unit": "1563",
        "price_unit": "G"
      },
      {
        "state": "ACT",
        "price": "250",
        "price_per_unit": "1563",
        "price_unit": "G"
      },
      {
        "state": "NT",
        "price": "250",
        "price_per_unit": "1563",
        "price_unit": "G"
      }
    ]
  },
  {
    "source_url": "https://www.woolworths.com.au/shop/productdetails/866763/dettol-healthy-clean-antibacterial-kitchen-cleaner-trigger-spray",
    "name": "Dettol Healthy Clean Antibacterial Kitchen Cleaner Trigger Spray 500ml",
    "image_url": "https://cdn1.woolworths.media/content/wowproductimages/large/866763.jpg",
    "source_id": "Woolworths - 866763",
    "barcode": "9300701106560",
    "category_id": "1_2432B58",
    "shop": "Woolworths",
    "weight": "100ML",
    "prices": [
      {
        "state": "VIC",
        "price": "450",
        "price_per_unit": "90",
        "price_unit": "ML"
      },
      {
        "state": "QLD",
        "price": "450",
        "price_per_unit": "90",
        "price_unit": "ML"
      },
      {
        "state": "WA",
        "price": "450",
        "price_per_unit": "90",
        "price_unit": "ML"
      },
      {
        "state": "SA",
        "price": "450",
        "price_per_unit": "90",
        "price_unit": "ML"
      },
      {
        "state": "TAS",
        "price": "450",
        "price_per_unit": "90",
        "price_unit": "ML"
      },
      {
        "state": "ACT",
        "price": "450",
        "price_per_unit": "90",
        "price_unit": "ML"
      },
      {
        "state": "NT",
        "price": "475",
        "price_per_unit": "95",
        "price_unit": "ML"
      }
    ]
  },
  {
    "source_url": "https://www.woolworths.com.au/shop/productdetails/154394/dr-beckmann-oven-cleaner",
    "name": "Dr Beckmann Oven Cleaner 375ml",
    "image_url": "https://cdn1.woolworths.media/content/wowproductimages/large/154394.jpg",
    "source_id": "Woolworths - 154394",
    "barcode": "4008455571317",
    "category_id": "1_2432B58",
    "shop": "Woolworths",
    "weight": "100ML",
    "prices": [
      {
        "state": "VIC",
        "price": "1000",
        "price_per_unit": "267",
        "price_unit": "ML"
      },
      {
        "state": "SA",
        "price": "1000",
        "price_per_unit": "267",
        "price_unit": "ML"
      },
      {
        "state": "NT",
        "price": "1050",
        "price_per_unit": "280",
        "price_unit": "ML"
      }
    ]
  },
  {
    "source_url": "https://www.woolworths.com.au/shop/productdetails/185625/eco-turtles-degreaser-cleaning-tablet",
    "name": "Eco Turtles Degreaser Cleaning Tablet 5g",
    "image_url": "https://cdn1.woolworths.media/content/wowproductimages/large/185625.jpg",
    "source_id": "Woolworths - 185625",
    "barcode": "9353327000224",
    "category_id": "1_2432B58",
    "shop": "Woolworths",
    "weight": "1EA",
    "prices": [
      {
        "state": "VIC",
        "price": "600",
        "price_per_unit": "600",
        "price_unit": "EA"
      },
      {
        "state": "ACT",
        "price": "600",
        "price_per_unit": "600",
        "price_unit": "EA"
      },
      {
        "state": "NT",
        "price": "600",
        "price_per_unit": "600",
        "price_unit": "EA"
      }
    ]
  },
  {
    "source_url": "https://www.woolworths.com.au/shop/productdetails/907516/maison-muse-kitchen-cleaning-spray-guava-elderflower",
    "name": "Maison & Muse Kitchen Cleaning Spray Guava & Elderflower 500ml",
    "image_url": "https://cdn1.woolworths.media/content/wowproductimages/large/907516.jpg",
    "source_id": "Woolworths - 907516",
    "barcode": "9421035733915",
    "category_id": "1_2432B58",
    "shop": "Woolworths",
    "weight": "100ML",
    "prices": [
      {
        "state": "VIC",
        "price": "590",
        "price_per_unit": "118",
        "price_unit": "ML"
      },
      {
        "state": "SA",
        "price": "590",
        "price_per_unit": "118",
        "price_unit": "ML"
      },
      {
        "state": "NT",
        "price": "620",
        "price_per_unit": "124",
        "price_unit": "ML"
      }
    ]
  },
  {
    "source_url": "https://www.woolworths.com.au/shop/productdetails/907517/mclintocks-fridge-kitchen-wipe-refill-vanilla",
    "name": "McLintocks Fridge & Kitchen Wipe Refill Vanilla 1l",
    "image_url": "https://cdn1.woolworths.media/content/wowproductimages/large/907517.jpg",
    "source_id": "Woolworths - 907517",
    "barcode": "9360100000029",
    "category_id": "1_2432B58",
    "shop": "Woolworths",
    "weight": "100ML",
    "prices": [
      {
        "state": "VIC",
        "price": "800",
        "price_per_unit": "80",
        "price_unit": "ML"
      },
      {
        "state": "NT",
        "price": "840",
        "price_per_unit": "84",
        "price_unit": "ML"
      }
    ]
  },
  {
    "source_url": "https://www.woolworths.com.au/shop/productdetails/166017/resolv-kitchen-cleaner-pod-lemongrass-lime",
    "name": "Resolv Kitchen Cleaner Pod Lemongrass & Lime 10ml",
    "image_url": "https://cdn1.woolworths.media/content/wowproductimages/large/166017.jpg",
    "source_id": "Woolworths - 166017",
    "barcode": "9420035619663",
    "category_id": "1_2432B58",
    "shop": "Woolworths",
    "weight": "100ML",
    "prices": [
      {
        "state": "VIC",
        "price": "400",
        "price_per_unit": "53",
        "price_unit": "ML"
      },
      {
        "state": "SA",
        "price": "400",
        "price_per_unit": "53",
        "price_unit": "ML"
      },
      {
        "state": "ACT",
        "price": "400",
        "price_per_unit": "53",
        "price_unit": "ML"
      },
      {
        "state": "NT",
        "price": "400",
        "price_per_unit": "53",
        "price_unit": "ML"
      }
    ]
  },
  {
    "source_url": "https://www.woolworths.com.au/shop/productdetails/173881/restor-concentrated-cleaning-tablet-refill-bottle-kitchen",
    "name": "Restor Concentrated Cleaning Tablet & Refill Bottle Kitchen Each",
    "image_url": "https://cdn1.woolworths.media/content/wowproductimages/large/173881.jpg",
    "source_id": "Woolworths - 173881",
    "barcode": "9421035731461",
    "category_id": "1_2432B58",
    "shop": "Woolworths",
    "weight": "100ML",
    "prices": [
      {
        "state": "VIC",
        "price": "600",
        "price_per_unit": "120",
        "price_unit": "ML"
      },
      {
        "state": "SA",
        "price": "600",
        "price_per_unit": "120",
        "price_unit": "ML"
      },
      {
        "state": "ACT",
        "price": "600",
        "price_per_unit": "120",
        "price_unit": "ML"
      },
      {
        "state": "NT",
        "price": "600",
        "price_per_unit": "120",
        "price_unit": "ML"
      }
    ]
  },
  {
    "source_url": "https://www.woolworths.com.au/shop/productdetails/173878/restor-concentrated-cleaning-tablet-kitchen-aloe",
    "name": "Restor Concentrated Cleaning Tablet Kitchen Aloe 2 Pack",
    "image_url": "https://cdn1.woolworths.media/content/wowproductimages/large/173878.jpg",
    "source_id": "Woolworths - 173878",
    "barcode": "9421035731492",
    "category_id": "1_2432B58",
    "shop": "Woolworths",
    "weight": "100ML",
    "prices": [
      {
        "state": "VIC",
        "price": "700",
        "price_per_unit": "70",
        "price_unit": "ML"
      },
      {
        "state": "SA",
        "price": "700",
        "price_per_unit": "70",
        "price_unit": "ML"
      },
      {
        "state": "ACT",
        "price": "700",
        "price_per_unit": "70",
        "price_unit": "ML"
      },
      {
        "state": "NT",
        "price": "700",
        "price_per_unit": "70",
        "price_unit": "ML"
      }
    ]
  },
  {
    "source_url": "https://www.woolworths.com.au/shop/productdetails/763597/selley-s-oven-cleaner-wipes",
    "name": "Selley's Oven Cleaner Wipes 12 Pack",
    "image_url": "https://cdn1.woolworths.media/content/wowproductimages/large/763597.jpg",
    "source_id": "Woolworths - 763597",
    "barcode": "9300697124555",
    "category_id": "1_2432B58",
    "shop": "Woolworths",
    "weight": "1EA",
    "prices": [
      {
        "state": "VIC",
        "price": "520",
        "price_per_unit": "43",
        "price_unit": "EA"
      },
      {
        "state": "SA",
        "price": "520",
        "price_per_unit": "43",
        "price_unit": "EA"
      },
      {
        "state": "NT",
        "price": "545",
        "price_per_unit": "45",
        "price_unit": "EA"
      }
    ]
  }
]