[
  {
    "source_url": "https://www.woolworths.com.au/shop/productdetails/247136/ajax-bathroom-cleaner-disinfectant-trigger",
    "name": "Ajax Bathroom Cleaner Disinfectant Trigger 500ml",
    "image_url": "https://cdn1.woolworths.media/content/wowproductimages/large/247136.jpg",
    "source_id": "Woolworths - 247136",
    "barcode": "9300632064168",
    "category_id": "1_2432B58",
    "shop": "Woolworths",
    "weight": "100ML",
    "prices": [
      {
        "state": "NSW",
        "price": "560",
        "price_per_unit": "112",
        "price_unit": "ML"
      },
      {
        "state": "VIC",
        "price": "560",
        "price_per_unit": "112",
        "price_unit": "ML"
      },
      {
        "state": "QLD",
        "price": "560",
        "price_per_unit": "112",
        "price_unit": "ML"
      },
      {
        "state": "WA",
        "price": "560",
        "price_per_unit": "112",
        "price_unit": "ML"
      },
      {
        "state": "SA",
        "price": "560",
        "price_per_unit": "112",
        "price_unit": "ML"
      },
      {
        "state": "TAS",
        "price": "560",
        "price_per_unit": "112",
        "price_unit": "ML"
      },
      {
        "state": "ACT",
        "price": "560",
        "price_per_unit": "112",
        "price_unit": "ML"
      },
      {
        "state": "NT",
        "price": "585",
        "price_per_unit": "117",
        "price_unit": "ML"
      }
    ]
  },
  {
    "source_url": "https://www.woolworths.com.au/shop/productdetails/905211/ajax-professional-bathroom-wipes",
    "name": "Ajax Professional Bathroom Wipes 90 Pack",
    "image_url": "https://cdn1.woolworths.media/content/wowproductimages/large/905211.jpg",
    "source_id": "Woolworths - 905211",
    "barcode": "8850006951798",
    "category_id": "1_2432B58",
    "shop": "Woolworths",
    "weight": "1EA",
    "prices": [
      {
        "state": "NSW",
        "price": "650",
        "price_per_unit": "7",
        "price_unit": "EA"
      },
      {
        "state": "VIC",
        "price": "650",
        "price_per_unit": "7",
        "price_unit": "EA"
      },
      {
        "state": "QLD",
        "price": "650",
        "price_per_unit": "7",
        "price_unit": "EA"
      },
      {
        "state": "WA",
        "price": "650",
        "price_per_unit": "7",
        "price_unit": "EA"
      },
      {
        "state": "SA",
        "price": "650",
        "price_per_unit": "7",
        "price_unit": "EA"
      },
      {
        "state": "TAS",
        "price": "650",
        "price_per_unit": "7",
        "price_unit": "EA"
      },
      {
        "state": "ACT",
        "price": "650",
        "price_per_unit": "7",
        "price_unit": "EA"
      },
      {
        "state": "NT",
        "price": "650",
        "price_per_unit": "7",
        "price_unit": "EA"
      }
    ]
  },
  {
    "source_url": "https://www.woolworths.com.au/shop/productdetails/339362/ajax-spray-wipe-bathroom-cleaner-trigger",
    "name": "Ajax Spray & Wipe Bathroom Cleaner Trigger 500mL",
    "image_url": "https://cdn1.woolworths.media/content/wowproductimages/large/339362.jpg",
    "source_id": "Woolworths - 339362",
    "barcode": "9300632074174",
    "category_id": "1_2432B58",
    "shop": "Woolworths",
    "weight": "100ML",
    "prices": [
      {
        "state": "NSW",
        "price": "350",
        "price_per_unit": "70",
        "price_unit": "ML"
      },
      {
        "state": "VIC",
        "price": "350",
        "price_per_unit": "70",
        "price_unit": "ML"
      },
      {
        "state": "QLD",
        "price": "350",
        "price_per_unit": "70",
        "price_unit": "ML"
      },
      {
        "state": "WA",
        "price": "350",
        "price_per_unit": "70",
        "price_unit": "ML"
      },
      {
        "state": "SA",
        "price": "350",
        "price_per_unit": "70",
        "price_unit": "ML"
      },
      {
        "state": "TAS",
        "price": "350",
        "price_per_unit": "70",
        "price_unit": "ML"
      },
      {
        "state": "ACT",
        "price": "350",
        "price_per_unit": "70",
        "price_unit": "ML"
      },
      {
        "state": "NT",
        "price": "350",
        "price_per_unit": "70",
        "price_unit": "ML"
      }
    ]
  },
  {
    "source_url": "https://www.woolworths.com.au/shop/productdetails/951/bosisto-s-bathroom-shower-cleaner",
    "name": "Bosisto's Bathroom & Shower Cleaner 500ml",
    "image_url": "https://cdn1.woolworths.media/content/wowproductimages/large/000951.jpg",
    "source_id": "Woolworths - 951",
    "barcode": "9300710090058",
    "category_id": "1_2432B58",
    "shop": "Woolworths",
    "weight": "100ML",
    "prices": [
      {
        "state": "NSW",
        "price": "400",
        "price_per_unit": "80",
        "price_unit": "ML"
      },
      {
        "state": "VIC",
        "price": "400",
        "price_per_unit": "80",
        "price_unit": "ML"
      },
      {
        "state": "QLD",
        "price": "400",
        "price_per_unit": "80",
        "price_unit": "ML"
      },
      {
        "state": "WA",
        "price": "400",
        "price_per_unit": "80",
        "price_unit": "ML"
      },
      {
        "state": "SA",
        "price": "400",
        "price_per_unit": "80",
        "price_unit": "ML"
      },
      {
        "state": "TAS",
        "price": "400",
        "price_per_unit": "80",
        "price_unit": "ML"
      },
      {
        "state": "ACT",
        "price": "400",
        "price_per_unit": "80",
        "price_unit": "ML"
      },
      {
        "state": "NT",
        "price": "400",
        "price_per_unit": "80",
        "price_unit": "ML"
      }
    ]
  },
  {
    "source_url": "https://www.woolworths.com.au/shop/productdetails/866834/dettol-healthy-clean-antibacterial-bathroom-cleaner-trigger-spray",
    "name": "Dettol Healthy Clean Antibacterial Bathroom Cleaner Trigger Spray 500ml",
    "image_url": "https://cdn1.woolworths.media/content/wowproductimages/large/866834.jpg",
    "source_id": "Woolworths - 866834",
    "barcode": "9300701106584",
    "category_id": "1_2432B58",
    "shop": "Woolworths",
    "weight": "100ML",
    "prices": [
      {
        "state": "NSW",
        "price": "450",
        "price_per_unit": "90",
        "price_unit": "ML"
      },
      {
        "state": "VIC",
        "price": "450",
        "price_per_unit": "90",
        "price_unit": "ML"
      },
      {
        "state": "QLD",
        "price": "450",
        "price_per_unit": "90",
        "price_unit": "ML"
      },
      {
        "state": "WA",
        "price": "450",
        "price_per_unit": "90",
        "price_unit": "ML"
      },
      {
        "state": "SA",
        "price": "450",
        "price_per_unit": "90",
        "price_unit": "ML"
      },
      {
        "state": "TAS",
        "price": "450",
        "price_per_unit": "90",
        "price_unit": "ML"
      },
      {
        "state": "ACT",
        "price": "450",
        "price_per_unit": "90",
        "price_unit": "ML"
      },
      {
        "state": "NT",
        "price": "475",
        "price_per_unit": "95",
        "price_unit": "ML"
      }
    ]
  },
  {
    "source_url": "https://www.woolworths.com.au/shop/productdetails/908378/domestos-power-foam-toilet-bathroom-spray-cleaner-arctic-fresh",
    "name": "Domestos Power Foam Toilet & Bathroom Spray Cleaner Arctic Fresh 450mL",
    "image_url": "https://cdn1.woolworths.media/content/wowproductimages/large/908378.jpg",
    "source_id": "Woolworths - 908378",
    "barcode": "8720182531049",
    "category_id": "1_2432B58",
    "shop": "Woolworths",
    "weight": "100ML",
    "prices": [
      {
        "state": "NSW",
        "price": "500",
        "price_per_unit": "111",
        "price_unit": "ML"
      },
      {
        "state": "VIC",
        "price": "500",
        "price_per_unit": "111",
        "price_unit": "ML"
      },
      {
        "state": "QLD",
        "price": "500",
        "price_per_unit": "111",
        "price_unit": "ML"
      },
      {
        "state": "WA",
        "price": "500",
        "price_per_unit": "111",
        "price_unit": "ML"
      },
      {
        "state": "SA",
        "price": "500",
        "price_per_unit": "111",
        "price_unit": "ML"
      },
      {
        "state": "TAS",
        "price": "500",
        "price_per_unit": "111",
        "price_unit": "ML"
      },
      {
        "state": "ACT",
        "price": "500",
        "price_per_unit": "111",
        "price_unit": "ML"
      },
      {
        "state": "NT",
        "price": "500",
        "price_per_unit": "111",
        "price_unit": "ML"
      }
    ]
  },
  {
    "source_url": "https://www.woolworths.com.au/shop/productdetails/328458/earth-choice-shower-cleaner",
    "name": "Earth Choice Shower Cleaner 600ml",
    "image_url": "https://cdn1.woolworths.media/content/wowproductimages/large/328458.jpg",
    "source_id": "Woolworths - 328458",
    "barcode": "9310692131168",
    "category_id": "1_2432B58",
    "shop": "Woolworths",
    "weight": "100ML",
    "prices": [
      {
        "state": "NSW",
        "price": "415",
        "price_per_unit": "69",
        "price_unit": "ML"
      },
      {
        "state": "VIC",
        "price": "400",
        "price_per_unit": "67",
        "price_unit": "ML"
      },
      {
        "state": "QLD",
        "price": "415",
        "price_per_unit": "69",
        "price_unit": "ML"
      },
      {
        "state": "WA",
        "price": "415",
        "price_per_unit": "69",
        "price_unit": "ML"
      },
      {
        "state": "SA",
        "price": "415",
        "price_per_unit": "69",
        "price_unit": "ML"
      },
      {
        "state": "TAS",
        "price": "415",
        "price_per_unit": "69",
        "price_unit": "ML"
      },
      {
        "state": "ACT",
        "price": "415",
        "price_per_unit": "69",
        "price_unit": "ML"
      },
      {
        "state": "NT",
        "price": "415",
        "price_per_unit": "69",
        "price_unit": "ML"
      }
    ]
  },
  {
    "source_url": "https://www.woolworths.com.au/shop/productdetails/221198/easy-off-bam-bathroom-bleach-cleaning-spray",
    "name": "Easy Off Bam Bathroom Bleach Cleaning Spray 750ml",
    "image_url": "https://cdn1.woolworths.media/content/wowproductimages/large/221198.jpg",
    "source_id": "Woolworths - 221198",
    "barcode": "9300701142025",
    "category_id": "1_2432B58",
    "shop": "Woolworths",
    "weight": "100ML",
    "prices": [
      {
        "state": "NSW",
        "price": "850",
        "price_per_unit": "113",
        "price_unit": "ML"
      },
      {
        "state": "QLD",
        "price": "850",
        "price_per_unit": "113",
        "price_unit": "ML"
      },
      {
        "state": "WA",
        "price": "850",
        "price_per_unit": "113",
        "price_unit": "ML"
      },
      {
        "state": "SA",
        "price": "850",
        "price_per_unit": "113",
        "price_unit": "ML"
      },
      {
        "state": "TAS",
        "price": "850",
        "price_per_unit": "113",
        "price_unit": "ML"
      },
      {
        "state": "ACT",
        "price": "850",
        "price_per_unit": "113",
        "price_unit": "ML"
      },
      {
        "state": "NT",
        "price": "850",
        "price_per_unit": "113",
        "price_unit": "ML"
      }
    ]
  },
  {
    "source_url": "https://www.woolworths.com.au/shop/productdetails/307466/easy-off-bam-bathroom-cleaning-wipes",
    "name": "Easy Off Bam Bathroom Cleaning Wipes 110 Pack",
    "image_url": "https://cdn1.woolworths.media/content/wowproductimages/large/307466.jpg",
    "source_id": "Woolworths - 307466",
    "barcode": "9300701790219",
    "category_id": "1_2432B58",
    "shop": "Woolworths",
    "weight": "1EA",
    "prices": [
      {
        "state": "NSW",
        "price": "910",
        "price_per_unit": "8",
        "price_unit": "EA"
      },
      {
        "state": "VIC",
        "price": "910",
        "price_per_unit": "8",
        "price_unit": "EA"
      },
      {
        "state": "QLD",
        "price": "910",
        "price_per_unit": "8",
        "price_unit": "EA"
      },
      {
        "state": "WA",
        "price": "910",
        "price_per_unit": "8",
        "price_unit": "EA"
      },
      {
        "state": "SA",
        "price": "910",
        "price_per_unit": "8",
        "price_unit": "EA"
      },
      {
        "state": "TAS",
        "price": "910",
        "price_per_unit": "8",
        "price_unit": "EA"
      },
      {
        "state": "ACT",
        "price": "910",
        "price_per_unit": "8",
        "price_unit": "EA"
      },
      {
        "state": "NT",
        "price": "910",
        "price_per_unit": "8",
        "price_unit": "EA"
      }
    ]
  },
  {
    "source_url": "https://www.woolworths.com.au/shop/productdetails/222372/easy-off-bam-bathroom-soapscum-cleaning-foam",
    "name": "Easy Off Bam Bathroom Soapscum Cleaning Foam 590g",
    "image_url": "https://cdn1.woolworths.media/content/wowproductimages/large/222372.jpg",
    "source_id": "Woolworths - 222372",
    "barcode": "9300701499990",
    "category_id": "1_2432B58",
    "shop": "Woolworths",
    "weight": "100G",
    "prices": [
      {
        "state": "NSW",
        "price": "850",
        "price_per_unit": "144",
        "price_unit": "G"
      },
      {
        "state": "VIC",
        "price": "850",
        "price_per_unit": "144",
        "price_unit": "G"
      },
      {
        "state": "QLD",
        "price": "850",
        "price_per_unit": "144",
        "price_unit": "G"
      },
      {
        "state": "WA",
        "price": "850",
        "price_per_unit": "144",
        "price_unit": "G"
      },
      {
        "state": "SA",
        "price": "850",
        "price_per_unit": "144",
        "price_unit": "G"
      },
      {
        "state": "TAS",
        "price": "850",
        "price_per_unit": "144",
        "price_unit": "G"
      },
      {
        "state": "ACT",
        "price": "850",
        "price_per_unit": "144",
        "price_unit": "G"
      },
      {
        "state": "NT",
        "price": "850",
        "price_per_unit": "144",
        "price_unit": "G"
      }
    ]
  },
  {
    "source_url": "https://www.woolworths.com.au/shop/productdetails/222463/easy-off-bam-bathroom-soapscum-cleaning-spray",
    "name": "Easy Off Bam Bathroom Soapscum Cleaning Spray 750ml",
    "image_url": "https://cdn1.woolworths.media/content/wowproductimages/large/222463.jpg",
    "source_id": "Woolworths - 222463",
    "barcode": "9300701138202",
    "category_id": "1_2432B58",
    "shop": "Woolworths",
    "weight": "100ML",
    "prices": [
      {
        "state": "NSW",
        "price": "850",
        "price_per_unit": "113",
        "price_unit": "ML"
      },
      {
        "state": "VIC",
        "price": "850",
        "price_per_unit": "113",
        "price_unit": "ML"
      },
      {
        "state": "QLD",
        "price": "850",
        "price_per_unit": "113",
        "price_unit": "ML"
      },
      {
        "state": "WA",
        "price": "850",
        "price_per_unit": "113",
        "price_unit": "ML"
      },
      {
        "state": "SA",
        "price": "850",
        "price_per_unit": "113",
        "price_unit": "ML"
      },
      {
        "state": "TAS",
        "price": "850",
        "price_per_unit": "113",
        "price_unit": "ML"
      },
      {
        "state": "ACT",
        "price": "850",
        "price_per_unit": "113",
        "price_unit": "ML"
      },
      {
        "state": "NT",
        "price": "850",
        "price_per_unit": "113",
        "price_unit": "ML"
      }
    ]
  },
  {
    "source_url": "https://www.woolworths.com.au/shop/productdetails/31795/exit-mould-cleaning-spray-trigger",
    "name": "Exit Mould Cleaning Spray 500ml",
    "image_url": "https://cdn1.woolworths.media/content/wowproductimages/large/031795.jpg",
    "source_id": "Woolworths - 31795",
    "barcode": "9300701406509",
    "category_id": "1_2432B58",
    "shop": "Woolworths",
    "weight": "100ML",
    "prices": [
      {
        "state": "NSW",
        "price": "950",
        "price_per_unit": "190",
        "price_unit": "ML"
      },
      {
        "state": "VIC",
        "price": "950",
        "price_per_unit": "190",
        "price_unit": "ML"
      },
      {
        "state": "QLD",
        "price": "950",
        "price_per_unit": "190",
        "price_unit": "ML"
      },
      {
        "state": "WA",
        "price": "950",
        "price_per_unit": "190",
        "price_unit": "ML"
      },
      {
        "state": "SA",
        "price": "950",
        "price_per_unit": "190",
        "price_unit": "ML"
      },
      {
        "state": "TAS",
        "price": "950",
        "price_per_unit": "190",
        "price_unit": "ML"
      },
      {
        "state": "ACT",
        "price": "950",
        "price_per_unit": "190",
        "price_unit": "ML"
      },
      {
        "state": "NT",
        "price": "990",
        "price_per_unit": "198",
        "price_unit": "ML"
      }
    ]
  },
  {
    "source_url": "https://www.woolworths.com.au/shop/productdetails/319745/glen-20-all-in-one-country-scent-disinfectant-spray",
    "name": "Glen 20 All-In-One Country Scent Disinfectant Spray 375g",
    "image_url": "https://cdn1.woolworths.media/content/wowproductimages/large/319745.jpg",
    "source_id": "Woolworths - 319745",
    "barcode": "9300701901264",
    "category_id": "1_2432B58",
    "shop": "Woolworths",
    "weight": "100G",
    "prices": [
      {
        "state": "NSW",
        "price": "575",
        "price_per_unit": "153",
        "price_unit": "G"
      },
      {
        "state": "VIC",
        "price": "575",
        "price_per_unit": "153",
        "price_unit": "G"
      },
      {
        "state": "QLD",
        "price": "575",
        "price_per_unit": "153",
        "price_unit": "G"
      },
      {
        "state": "WA",
        "price": "575",
        "price_per_unit": "153",
        "price_unit": "G"
      },
      {
        "state": "SA",
        "price": "575",
        "price_per_unit": "153",
        "price_unit": "G"
      },
      {
        "state": "TAS",
        "price": "575",
        "price_per_unit": "153",
        "price_unit": "G"
      },
      {
        "state": "ACT",
        "price": "575",
        "price_per_unit": "153",
        "price_unit": "G"
      },
      {
        "state": "NT",
        "price": "600",
        "price_per_unit": "160",
        "price_unit": "G"
      }
    ]
  },
  {
    "source_url": "https://www.woolworths.com.au/shop/productdetails/219553/jif-power-shine-bathroom-spray",
    "name": "Jif Power & Shine Bathroom Spray 500ml",
    "image_url": "https://cdn1.woolworths.media/content/wowproductimages/large/219553.jpg",
    "source_id": "Woolworths - 219553",
    "barcode": "8710522774946",
    "category_id": "1_2432B58",
    "shop": "Woolworths",
    "weight": "100ML",
    "prices": [
      {
        "state": "NSW",
        "price": "400",
        "price_per_unit": "80",
        "price_unit": "ML"
      },
      {
        "state": "VIC",
        "price": "400",
        "price_per_unit": "80",
        "price_unit": "ML"
      },
      {
        "state": "QLD",
        "price": "400",
        "price_per_unit": "80",
        "price_unit": "ML"
      },
      {
        "state": "WA",
        "price": "400",
        "price_per_unit": "80",
        "price_unit": "ML"
      },
      {
        "state": "SA",
        "price": "400",
        "price_per_unit": "80",
        "price_unit": "ML"
      },
      {
        "state": "TAS",
        "price": "400",
        "price_per_unit": "80",
        "price_unit": "ML"
      },
      {
        "state": "ACT",
        "price": "400",
        "price_per_unit": "80",
        "price_unit": "ML"
      },
      {
        "state": "NT",
        "price": "420",
        "price_per_unit": "84",
        "price_unit": "ML"
      }
    ]
  },
  {
    "source_url": "https://www.woolworths.com.au/shop/productdetails/368419/ozkleen-mould-power-mould-cleaner-killer-trigger",
    "name": "OzKleen Mould Power Mould Cleaner & Killer Trigger 500mL",
    "image_url": "https://cdn1.woolworths.media/content/wowproductimages/large/368419.jpg",
    "source_id": "Woolworths - 368419",
    "barcode": "803678000774",
    "category_id": "1_2432B58",
    "shop": "Woolworths",
    "weight": "100ML",
    "prices": [
      {
        "state": "NSW",
        "price": "740",
        "price_per_unit": "148",
        "price_unit": "ML"
      },
      {
        "state": "VIC",
        "price": "740",
        "price_per_unit": "148",
        "price_unit": "ML"
      },
      {
        "state": "QLD",
        "price": "740",
        "price_per_unit": "148",
        "price_unit": "ML"
      },
      {
        "state": "WA",
        "price": "740",
        "price_per_unit": "148",
        "price_unit": "ML"
      },
      {
        "state": "SA",
        "price": "740",
        "price_per_unit": "148",
        "price_unit": "ML"
      },
      {
        "state": "TAS",
        "price": "740",
        "price_per_unit": "148",
        "price_unit": "ML"
      },
      {
        "state": "ACT",
        "price": "740",
        "price_per_unit": "148",
        "price_unit": "ML"
      },
      {
        "state": "NT",
        "price": "775",
        "price_per_unit": "155",
        "price_unit": "ML"
      }
    ]
  },
  {
    "source_url": "https://www.woolworths.com.au/shop/productdetails/57247/ozkleen-shower-power-citrus-bathroom-shower-cleaner-squeeze-pack",
    "name": "OzKleen Shower Power Citrus Bathroom & Shower Cleaner Squeeze Pack 750mL",
    "image_url": "https://cdn1.woolworths.media/content/wowproductimages/large/057247.jpg",
    "source_id": "Woolworths - 57247",
    "barcode": "9319824100010",
    "category_id": "1_2432B58",
    "shop": "Woolworths",
    "weight": "100ML",
    "prices": [
      {
        "state": "NSW",
        "price": "730",
        "price_per_unit": "97",
        "price_unit": "ML"
      },
      {
        "state": "VIC",
        "price": "730",
        "price_per_unit": "97",
        "price_unit": "ML"
      },
      {
        "state": "QLD",
        "price": "730",
        "price_per_unit": "97",
        "price_unit": "ML"
      },
      {
        "state": "WA",
        "price": "730",
        "price_per_unit": "97",
        "price_unit": "ML"
      },
      {
        "state": "SA",
        "price": "730",
        "price_per_unit": "97",
        "price_unit": "ML"
      },
      {
        "state": "TAS",
        "price": "730",
        "price_per_unit": "97",
        "price_unit": "ML"
      },
      {
        "state": "ACT",
        "price": "730",
        "price_per_unit": "97",
        "price_unit": "ML"
      },
      {
        "state": "NT",
        "price": "765",
        "price_per_unit": "102",
        "price_unit": "ML"
      }
    ]
  },
  {
    "source_url": "https://www.woolworths.com.au/shop/productdetails/112775/ozkleen-shower-power-citrus-bathroom-shower-cleaner-trigger",
    "name": "OzKleen Shower Power Citrus Bathroom & Shower Cleaner Trigger 500mL",
    "image_url": "https://cdn1.woolworths.media/content/wowproductimages/large/112775.jpg",
    "source_id": "Woolworths - 112775",
    "barcode": "9319824100133",
    "category_id": "1_2432B58",
    "shop": "Woolworths",
    "weight": "100ML",
    "prices": [
      {
        "state": "NSW",
        "price": "735",
        "price_per_unit": "147",
        "price_unit": "ML"
      },
      {
        "state": "VIC",
        "price": "735",
        "price_per_unit": "147",
        "price_unit": "ML"
      },
      {
        "state": "QLD",
        "price": "735",
        "price_per_unit": "147",
        "price_unit": "ML"
      },
      {
        "state": "WA",
        "price": "735",
        "price_per_unit": "147",
        "price_unit": "ML"
      },
      {
        "state": "SA",
        "price": "735",
        "price_per_unit": "147",
        "price_unit": "ML"
      },
      {
        "state": "TAS",
        "price": "735",
        "price_per_unit": "147",
        "price_unit": "ML"
      },
      {
        "state": "ACT",
        "price": "735",
        "price_per_unit": "147",
        "price_unit": "ML"
      },
      {
        "state": "NT",
        "price": "770",
        "price_per_unit": "154",
        "price_unit": "ML"
      }
    ]
  },
  {
    "source_url": "https://www.woolworths.com.au/shop/productdetails/296815/saba-organics-bathroom-cleaning-spray-alpine-forest",
    "name": "Saba Organics Bathroom Cleaning Spray Alpine Forest 500ml",
    "image_url": "https://cdn1.woolworths.media/content/wowproductimages/large/296815.jpg",
    "source_id": "Woolworths - 296815",
    "barcode": "9353548001222",
    "category_id": "1_2432B58",
    "shop": "Woolworths",
    "weight": "100ML",
    "prices": [
      {
        "state": "NSW",
        "price": "595",
        "price_per_unit": "119",
        "price_unit": "ML"
      },
      {
        "state": "VIC",
        "price": "595",
        "price_per_unit": "119",
        "price_unit": "ML"
      },
      {
        "state": "WA",
        "price": "595",
        "price_per_unit": "119",
        "price_unit": "ML"
      },
      {
        "state": "SA",
        "price": "595",
        "price_per_unit": "119",
        "price_unit": "ML"
      },
      {
        "state": "TAS",
        "price": "595",
        "price_per_unit": "119",
        "price_unit": "ML"
      },
      {
        "state": "ACT",
        "price": "595",
        "price_per_unit": "119",
        "price_unit": "ML"
      },
      {
        "state": "NT",
        "price": "620",
        "price_per_unit": "124",
        "price_unit": "ML"
      }
    ]
  },
  {
    "source_url": "https://www.woolworths.com.au/shop/productdetails/158988/selley-s-bathroom-cleaner-rapid-mould-killer-trigger",
    "name": "Selley's Bathroom Cleaner Rapid Mould Killer Trigger 500mL",
    "image_url": "https://cdn1.woolworths.media/content/wowproductimages/large/158988.jpg",
    "source_id": "Woolworths - 158988",
    "barcode": "9300697113252",
    "category_id": "1_2432B58",
    "shop": "Woolworths",
    "weight": "100ML",
    "prices": [
      {
        "state": "NSW",
        "price": "645",
        "price_per_unit": "129",
        "price_unit": "ML"
      },
      {
        "state": "VIC",
        "price": "645",
        "price_per_unit": "129",
        "price_unit": "ML"
      },
      {
        "state": "QLD",
        "price": "645",
        "price_per_unit": "129",
        "price_unit": "ML"
      },
      {
        "state": "WA",
        "price": "645",
        "price_per_unit": "129",
        "price_unit": "ML"
      },
      {
        "state": "SA",
        "price": "645",
        "price_per_unit": "129",
        "price_unit": "ML"
      },
      {
        "state": "TAS",
        "price": "645",
        "price_per_unit": "129",
        "price_unit": "ML"
      },
      {
        "state": "ACT",
        "price": "645",
        "price_per_unit": "129",
        "price_unit": "ML"
      },
      {
        "state": "NT",
        "price": "675",
        "price_per_unit": "135",
        "price_unit": "ML"
      }
    ]
  },
  {
    "source_url": "https://www.woolworths.com.au/shop/productdetails/790987/sparkle-daily-shower-cleaner-spring-fresh",
    "name": "Sparkle Daily Shower Cleaner Spring Fresh 750ml",
    "image_url": "https://cdn1.woolworths.media/content/wowproductimages/large/790987.jpg",
    "source_id": "Woolworths - 790987",
    "barcode": "9300764049057",
    "category_id": "1_2432B58",
    "shop": "Woolworths",
    "weight": "100ML",
    "prices": [
      {
        "state": "NSW",
        "price": "530",
        "price_per_unit": "71",
        "price_unit": "ML"
      },
      {
        "state": "VIC",
        "price": "530",
        "price_per_unit": "71",
        "price_unit": "ML"
      },
      {
        "state": "QLD",
        "price": "530",
        "price_per_unit": "71",
        "price_unit": "ML"
      },
      {
        "state": "WA",
        "price": "530",
        "price_per_unit": "71",
        "price_unit": "ML"
      },
      {
        "state": "SA",
        "price": "530",
        "price_per_unit": "71",
        "price_unit": "ML"
      },
      {
        "state": "TAS",
        "price": "530",
        "price_per_unit": "71",
        "price_unit": "ML"
      },
      {
        "state": "ACT",
        "price": "530",
        "price_per_unit": "71",
        "price_unit": "ML"
      },
      {
        "state": "NT",
        "price": "530",
        "price_per_unit": "71",
        "price_unit": "ML"
      }
    ]
  },
  {
    "source_url": "https://www.woolworths.com.au/shop/productdetails/241954/strike-bath-shower-cleaner-refill-spring-breeze",
    "name": "Strike Bath & Shower Cleaner Refill Spring Breeze 20ml",
    "image_url": "https://cdn1.woolworths.media/content/wowproductimages/large/241954.jpg",
    "source_id": "Woolworths - 241954",
    "barcode": "9339687314737",
    "category_id": "1_2432B58",
    "shop": "Woolworths",
    "weight": "100ML",
    "prices": [
      {
        "state": "NSW",
        "price": "170",
        "price_per_unit": "850",
        "price_unit": "ML"
      },
      {
        "state": "VIC",
        "price": "170",
        "price_per_unit": "850",
        "price_unit": "ML"
      },
      {
        "state": "QLD",
        "price": "170",
        "price_per_unit": "850",
        "price_unit": "ML"
      },
      {
        "state": "WA",
        "price": "170",
        "price_per_unit": "850",
        "price_unit": "ML"
      },
      {
        "state": "SA",
        "price": "170",
        "price_per_unit": "850",
        "price_unit": "ML"
      },
      {
        "state": "TAS",
        "price": "170",
        "price_per_unit": "850",
        "price_unit": "ML"
      },
      {
        "state": "ACT",
        "price": "170",
        "price_per_unit": "850",
        "price_unit": "ML"
      },
      {
        "state": "NT",
        "price": "170",
        "price_per_unit": "850",
        "price_unit": "ML"
      }
    ]
  },
  {
    "source_url": "https://www.woolworths.com.au/shop/productdetails/183852/strike-pro-bath-shower-spray-cleaner-spring-breeze",
    "name": "Strike Pro Bath & Shower Spray Cleaner Spring Breeze 750ml",
    "image_url": "https://cdn1.woolworths.media/content/wowproductimages/large/183852.jpg",
    "source_id": "Woolworths - 183852",
    "barcode": "9339687276684",
    "category_id": "1_2432B58",
    "shop": "Woolworths",
    "weight": "100ML",
    "prices": [
      {
        "state": "NSW",
        "price": "275",
        "price_per_unit": "37",
        "price_unit": "ML"
      },
      {
        "state": "VIC",
        "price": "275",
        "price_per_unit": "37",
        "price_unit": "ML"
      },
      {
        "state": "QLD",
        "price": "275",
        "price_per_unit": "37",
        "price_unit": "ML"
      },
      {
        "state": "WA",
        "price": "275",
        "price_per_unit": "37",
        "price_unit": "ML"
      },
      {
        "state": "SA",
        "price": "275",
        "price_per_unit": "37",
        "price_unit": "ML"
      },
      {
        "state": "TAS",
        "price": "275",
        "price_per_unit": "37",
        "price_unit": "ML"
      },
      {
        "state": "ACT",
        "price": "275",
        "price_per_unit": "37",
        "price_unit": "ML"
      },
      {
        "state": "NT",
        "price": "275",
        "price_per_unit": "37",
        "price_unit": "ML"
      }
    ]
  },
  {
    "source_url": "https://www.woolworths.com.au/shop/productdetails/183955/strike-pro-mould-killer-spray",
    "name": "Strike Pro Mould Killer Spray 500ml",
    "image_url": "https://cdn1.woolworths.media/content/wowproductimages/large/183955.jpg",
    "source_id": "Woolworths - 183955",
    "barcode": "9339687276547",
    "category_id": "1_2432B58",
    "shop": "Woolworths",
    "weight": "100ML",
    "prices": [
      {
        "state": "NSW",
        "price": "295",
        "price_per_unit": "59",
        "price_unit": "ML"
      },
      {
        "state": "VIC",
        "price": "295",
        "price_per_unit": "59",
        "price_unit": "ML"
      },
      {
        "state": "QLD",
        "price": "295",
        "price_per_unit": "59",
        "price_unit": "ML"
      },
      {
        "state": "WA",
        "price": "295",
        "price_per_unit": "59",
        "price_unit": "ML"
      },
      {
        "state": "SA",
        "price": "295",
        "price_per_unit": "59",
        "price_unit": "ML"
      },
      {
        "state": "TAS",
        "price": "295",
        "price_per_unit": "59",
        "price_unit": "ML"
      },
      {
        "state": "ACT",
        "price": "295",
        "price_per_unit": "59",
        "price_unit": "ML"
      }
    ]
  },
  {
    "source_url": "https://www.woolworths.com.au/shop/productdetails/90685/supreme-cloudy-ammonia",
    "name": "Supreme Cloudy Ammonia 1l",
    "image_url": "https://cdn1.woolworths.media/content/wowproductimages/large/090685.jpg",
    "source_id": "Woolworths - 90685",
    "barcode": "9331833001935",
    "category_id": "1_2432B58",
    "shop": "Woolworths",
    "weight": "100ML",
    "prices": [
      {
        "state": "NSW",
        "price": "195",
        "price_per_unit": "20",
        "price_unit": "ML"
      },
      {
        "state": "VIC",
        "price": "195",
        "price_per_unit": "20",
        "price_unit": "ML"
      },
      {
        "state": "QLD",
        "price": "195",
        "price_per_unit": "20",
        "price_unit": "ML"
      },
      {
        "state": "WA",
        "price": "195",
        "price_per_unit": "20",
        "price_unit": "ML"
      },
      {
        "state": "SA",
        "price": "195",
        "price_per_unit": "20",
        "price_unit": "ML"
      },
      {
        "state": "TAS",
        "price": "195",
        "price_per_unit": "20",
        "price_unit": "ML"
      },
      {
        "state": "ACT",
        "price": "195",
        "price_per_unit": "20",
        "price_unit": "ML"
      },
      {
        "state": "NT",
        "price": "195",
        "price_per_unit": "20",
        "price_unit": "ML"
      }
    ]
  },
  {
    "source_url": "https://www.woolworths.com.au/shop/productdetails/224613/white-king-bathroom-power-gel-lemon",
    "name": "White King Bathroom Power Gel Lemon 750ml",
    "image_url": "https://cdn1.woolworths.media/content/wowproductimages/large/224613.jpg",
    "source_id": "Woolworths - 224613",
    "barcode": "9333441000867",
    "category_id": "1_2432B58",
    "shop": "Woolworths",
    "weight": "100ML",
    "prices": [
      {
        "state": "NSW",
        "price": "380",
        "price_per_unit": "51",
        "price_unit": "ML"
      },
      {
        "state": "VIC",
        "price": "380",
        "price_per_unit": "51",
        "price_unit": "ML"
      },
      {
        "state": "QLD",
        "price": "380",
        "price_per_unit": "51",
        "price_unit": "ML"
      },
      {
        "state": "WA",
        "price": "380",
        "price_per_unit": "51",
        "price_unit": "ML"
      },
      {
        "state": "SA",
        "price": "380",
        "price_per_unit": "51",
        "price_unit": "ML"
      },
      {
        "state": "TAS",
        "price": "380",
        "price_per_unit": "51",
        "price_unit": "ML"
      },
      {
        "state": "ACT",
        "price": "380",
        "price_per_unit": "51",
        "price_unit": "ML"
      },
      {
        "state": "NT",
        "price": "380",
        "price_per_unit": "51",
        "price_unit": "ML"
      }
    ]
  },
  {
    "source_url": "https://www.woolworths.com.au/shop/productdetails/258166/white-king-mould-scum-remover-lemon",
    "name": "White King Mould & Scum Remover Lemon 500ml",
    "image_url": "https://cdn1.woolworths.media/content/wowproductimages/large/258166.jpg",
    "source_id": "Woolworths - 258166",
    "barcode": "9333441000737",
    "category_id": "1_2432B58",
    "shop": "Woolworths",
    "weight": "100ML",
    "prices": [
      {
        "state": "NSW",
        "price": "550",
        "price_per_unit": "110",
        "price_unit": "ML"
      },
      {
        "state": "VIC",
        "price": "550",
        "price_per_unit": "110",
        "price_unit": "ML"
      },
      {
        "state": "QLD",
        "price": "550",
        "price_per_unit": "110",
        "price_unit": "ML"
      },
      {
        "state": "WA",
        "price": "550",
        "price_per_unit": "110",
        "price_unit": "ML"
      },
      {
        "state": "SA",
        "price": "550",
        "price_per_unit": "110",
        "price_unit": "ML"
      },
      {
        "state": "TAS",
        "price": "550",
        "price_per_unit": "110",
        "price_unit": "ML"
      },
      {
        "state": "ACT",
        "price": "550",
        "price_per_unit": "110",
        "price_unit": "ML"
      },
      {
        "state": "NT",
        "price": "550",
        "price_per_unit": "110",
        "price_unit": "ML"
      }
    ]
  },
  {
    "source_url": "https://www.woolworths.com.au/shop/productdetails/86753/windex-shower-cleaner-spray-trigger",
    "name": "Windex Shower Cleaner Spray Trigger 750ml",
    "image_url": "https://cdn1.woolworths.media/content/wowproductimages/large/086753.jpg",
    "source_id": "Woolworths - 86753",
    "barcode": "9300622052182",
    "category_id": "1_2432B58",
    "shop": "Woolworths",
    "weight": "100ML",
    "prices": [
      {
        "state": "NSW",
        "price": "470",
        "price_per_unit": "63",
        "price_unit": "ML"
      },
      {
        "state": "VIC",
        "price": "470",
        "price_per_unit": "63",
        "price_unit": "ML"
      },
      {
        "state": "QLD",
        "price": "470",
        "price_per_unit": "63",
        "price_unit": "ML"
      },
      {
        "state": "WA",
        "price": "470",
        "price_per_unit": "63",
        "price_unit": "ML"
      },
      {
        "state": "SA",
        "price": "470",
        "price_per_unit": "63",
        "price_unit": "ML"
      },
      {
        "state": "TAS",
        "price": "470",
        "price_per_unit": "63",
        "price_unit": "ML"
      },
      {
        "state": "ACT",
        "price": "470",
        "price_per_unit": "63",
        "price_unit": "ML"
      },
      {
        "state": "NT",
        "price": "470",
        "price_per_unit": "63",
        "price_unit": "ML"
      }
    ]
  },
  {
    "source_url": "https://www.woolworths.com.au/shop/productdetails/552526/air-wick-vipoo-fruity-pin-up-toilet-spray",
    "name": "Air Wick VIPoo Fruity Pin Up Toilet Spray 55ml",
    "image_url": "https://cdn1.woolworths.media/content/wowproductimages/large/552526.jpg",
    "source_id": "Woolworths - 552526",
    "barcode": "5011417567111",
    "category_id": "1_2432B58",
    "shop": "Woolworths",
    "weight": "100ML",
    "prices": [
      {
        "state": "VIC",
        "price": "1150",
        "price_per_unit": "2091",
        "price_unit": "ML"
      },
      {
        "state": "QLD",
        "price": "1150",
        "price_per_unit": "2091",
        "price_unit": "ML"
      },
      {
        "state": "WA",
        "price": "1150",
        "price_per_unit": "2091",
        "price_unit": "ML"
      },
      {
        "state": "SA",
        "price": "1150",
        "price_per_unit": "2091",
        "price_unit": "ML"
      },
      {
        "state": "TAS",
        "price": "1150",
        "price_per_unit": "2091",
        "price_unit": "ML"
      },
      {
        "state": "ACT",
        "price": "1150",
        "price_per_unit": "2091",
        "price_unit": "ML"
      },
      {
        "state": "NT",
        "price": "1150",
        "price_per_unit": "2091",
        "price_unit": "ML"
      }
    ]
  },
  {
    "source_url": "https://www.woolworths.com.au/shop/productdetails/311776/banyar-jagun-bathroom-cleaner-native-river-mint",
    "name": "Banyar Jagun Bathroom Cleaner Native River Mint 500ml",
    "image_url": "https://cdn1.woolworths.media/content/wowproductimages/large/311776.jpg",
    "source_id": "Woolworths - 311776",
    "barcode": "9309000930029",
    "category_id": "1_2432B58",
    "shop": "Woolworths",
    "weight": "100ML",
    "prices": [
      {
        "state": "VIC",
        "price": "695",
        "price_per_unit": "139",
        "price_unit": "ML"
      },
      {
        "state": "SA",
        "price": "695",
        "price_per_unit": "139",
        "price_unit": "ML"
      },
      {
        "state": "ACT",
        "price": "695",
        "price_per_unit": "139",
        "price_unit": "ML"
      },
      {
        "state": "NT",
        "price": "730",
        "price_per_unit": "146",
        "price_unit": "ML"
      }
    ]
  },
  {
    "source_url": "https://www.woolworths.com.au/shop/productdetails/220975/cleanery-bathroom-cleaner-refill-kanuka-mint",
    "name": "Cleanery Bathroom Cleaner Refill Kanuka & Mint 16g",
    "image_url": "https://cdn1.woolworths.media/content/wowproductimages/large/220975.jpg",
    "source_id": "Woolworths - 220975",
    "barcode": "9421036260151",
    "category_id": "1_2432B58",
    "shop": "Woolworths",
    "weight": "100G",
    "prices": [
      {
        "state": "VIC",
        "price": "250",
        "price_per_unit": "1563",
        "price_unit": "G"
      },
      {
        "state": "SA",
        "price": "250",
        "price_per_unit": "1563",
        "price_unit": "G"
      },
      {
        "state": "ACT",
        "price": "250",
        "price_per_unit": "1563",
        "price_unit": "G"
      },
      {
        "state": "NT",
        "price": "250",
        "price_per_unit": "1563",
        "price_unit": "G"
      }
    ]
  },
  {
    "source_url": "https://www.woolworths.com.au/shop/productdetails/122719/cove-bathroom-shower-cleaner-refill",
    "name": "Cove Bathroom & Shower Cleaner Refill 125ml",
    "image_url": "https://cdn1.woolworths.media/content/wowproductimages/large/122719.jpg",
    "source_id": "Woolworths - 122719",
    "barcode": "9310692181217",
    "category_id": "1_2432B58",
    "shop": "Woolworths",
    "weight": "100ML",
    "prices": [
      {
        "state": "VIC",
        "price": "245",
        "price_per_unit": "196",
        "price_unit": "ML"
      },
      {
        "state": "SA",
        "price": "245",
        "price_per_unit": "196",
        "price_unit": "ML"
      },
      {
        "state": "ACT",
        "price": "245",
        "price_per_unit": "196",
        "price_unit": "ML"
      },
      {
        "state": "NT",
        "price": "245",
        "price_per_unit": "196",
        "price_unit": "ML"
      }
    ]
  },
  {
    "source_url": "https://www.woolworths.com.au/shop/productdetails/123954/cove-bathroom-cleaner",
    "name": "Cove Bathroom Cleaner 475ml",
    "image_url": "https://cdn1.woolworths.media/content/wowproductimages/large/123954.jpg",
    "source_id": "Woolworths - 123954",
    "barcode": "9310692181248",
    "category_id": "1_2432B58",
    "shop": "Woolworths",
    "weight": "100ML",
    "prices": [
      {
        "state": "VIC",
        "price": "1000",
        "price_per_unit": "211",
        "price_unit": "ML"
      },
      {
        "state": "SA",
        "price": "1000",
        "price_per_unit": "211",
        "price_unit": "ML"
      },
      {
        "state": "ACT",
        "price": "1000",
        "price_per_unit": "211",
        "price_unit": "ML"
      },
      {
        "state": "NT",
        "price": "1000",
        "price_per_unit": "211",
        "price_unit": "ML"
      }
    ]
  },
  {
    "source_url": "https://www.woolworths.com.au/shop/productdetails/824959/duck-foaming-bleach-gel-citrus",
    "name": "Duck Foaming Bleach Gel Citrus 750ml",
    "image_url": "https://cdn1.woolworths.media/content/wowproductimages/large/824959.jpg",
    "source_id": "Woolworths - 824959",
    "barcode": "9300622002637",
    "category_id": "1_2432B58",
    "shop": "Woolworths",
    "weight": "100ML",
    "prices": [
      {
        "state": "VIC",
        "price": "680",
        "price_per_unit": "91",
        "price_unit": "ML"
      },
      {
        "state": "QLD",
        "price": "680",
        "price_per_unit": "91",
        "price_unit": "ML"
      },
      {
        "state": "WA",
        "price": "680",
        "price_per_unit": "91",
        "price_unit": "ML"
      },
      {
        "state": "SA",
        "price": "680",
        "price_per_unit": "91",
        "price_unit": "ML"
      },
      {
        "state": "ACT",
        "price": "680",
        "price_per_unit": "91",
        "price_unit": "ML"
      },
      {
        "state": "NT",
        "price": "715",
        "price_per_unit": "95",
        "price_unit": "ML"
      }
    ]
  },
  {
    "source_url": "https://www.woolworths.com.au/shop/productdetails/185523/eco-turtles-bathroom-cleaning-tablet",
    "name": "Eco Turtles Bathroom Cleaning Tablet 5g",
    "image_url": "https://cdn1.woolworths.media/content/wowproductimages/large/185523.jpg",
    "source_id": "Woolworths - 185523",
    "barcode": "9353327000217",
    "category_id": "1_2432B58",
    "shop": "Woolworths",
    "weight": "1EA",
    "prices": [
      {
        "state": "VIC",
        "price": "600",
        "price_per_unit": "600",
        "price_unit": "EA"
      },
      {
        "state": "ACT",
        "price": "600",
        "price_per_unit": "600",
        "price_unit": "EA"
      },
      {
        "state": "NT",
        "price": "600",
        "price_per_unit": "600",
        "price_unit": "EA"
      }
    ]
  },
  {
    "source_url": "https://www.woolworths.com.au/shop/productdetails/162051/ecostore-bathroom-shower-cleaner-refill-concentrate",
    "name": "Ecostore Bathroom & Shower Cleaner Refill Concentrate 50ml",
    "image_url": "https://cdn1.woolworths.media/content/wowproductimages/large/162051.jpg",
    "source_id": "Woolworths - 162051",
    "barcode": "9420015011500",
    "category_id": "1_2432B58",
    "shop": "Woolworths",
    "weight": "100ML",
    "prices": [
      {
        "state": "VIC",
        "price": "550",
        "price_per_unit": "1100",
        "price_unit": "ML"
      },
      {
        "state": "SA",
        "price": "550",
        "price_per_unit": "1100",
        "price_unit": "ML"
      },
      {
        "state": "ACT",
        "price": "550",
        "price_per_unit": "1100",
        "price_unit": "ML"
      },
      {
        "state": "NT",
        "price": "575",
        "price_per_unit": "1150",
        "price_unit": "ML"
      }
    ]
  },
  {
    "source_url": "https://www.woolworths.com.au/shop/productdetails/368261/ecostore-bathroom-shower-cleaner-spray",
    "name": "Ecostore Bathroom & Shower Cleaner Spray 500ml",
    "image_url": "https://cdn1.woolworths.media/content/wowproductimages/large/368261.jpg",
    "source_id": "Woolworths - 368261",
    "barcode": "9420015002102",
    "category_id": "1_2432B58",
    "shop": "Woolworths",
    "weight": "100ML",
    "prices": [
      {
        "state": "VIC",
        "price": "650",
        "price_per_unit": "130",
        "price_unit": "ML"
      },
      {
        "state": "SA",
        "price": "650",
        "price_per_unit": "130",
        "price_unit": "ML"
      },
      {
        "state": "ACT",
        "price": "650",
        "price_per_unit": "130",
        "price_unit": "ML"
      },
      {
        "state": "NT",
        "price": "650",
        "price_per_unit": "130",
        "price_unit": "ML"
      }
    ]
  },
  {
    "source_url": "https://www.woolworths.com.au/shop/productdetails/909081/good-change-bathroom-cleaner-refill-tablet-eucalyptus-mint",
    "name": "Good Change Bathroom Cleaner Refill Tablet Eucalyptus & Mint each",
    "image_url": "https://cdn1.woolworths.media/content/wowproductimages/large/909081.jpg",
    "source_id": "Woolworths - 909081",
    "barcode": "9421905637275",
    "category_id": "1_2432B58",
    "shop": "Woolworths",
    "weight": "1EA",
    "prices": [
      {
        "state": "VIC",
        "price": "495",
        "price_per_unit": "495",
        "price_unit": "EA"
      },
      {
        "state": "SA",
        "price": "495",
        "price_per_unit": "495",
        "price_unit": "EA"
      },
      {
        "state": "ACT",
        "price": "495",
        "price_per_unit": "495",
        "price_unit": "EA"
      },
      {
        "state": "NT",
        "price": "520",
        "price_per_unit": "520",
        "price_unit": "EA"
      }
    ]
  },
  {
    "source_url": "https://www.woolworths.com.au/shop/productdetails/906381/maison-muse-bathroom-cleaner-aloe-eucalyptus",
    "name": "Maison & Muse Bathroom Cleaner Aloe & Eucalyptus 500mL",
    "image_url": "https://cdn1.woolworths.media/content/wowproductimages/large/906381.jpg",
    "source_id": "Woolworths - 906381",
    "barcode": "9421035733946",
    "category_id": "1_2432B58",
    "shop": "Woolworths",
    "weight": "100ML",
    "prices": [
      {
        "state": "VIC",
        "price": "590",
        "price_per_unit": "118",
        "price_unit": "ML"
      },
      {
        "state": "SA",
        "price": "590",
        "price_per_unit": "118",
        "price_unit": "ML"
      },
      {
        "state": "NT",
        "price": "620",
        "price_per_unit": "124",
        "price_unit": "ML"
      }
    ]
  },
  {
    "source_url": "https://www.woolworths.com.au/shop/productdetails/165878/resolv-bathroom-cleaner-pod-pomegranate-cherry",
    "name": "Resolv Bathroom Cleaner Pod Pomegranate & Cherry 10ml",
    "image_url": "https://cdn1.woolworths.media/content/wowproductimages/large/165878.jpg",
    "source_id": "Woolworths - 165878",
    "barcode": "9420035619670",
    "category_id": "1_2432B58",
    "shop": "Woolworths",
    "weight": "100ML",
    "prices": [
      {
        "state": "VIC",
        "price": "400",
        "price_per_unit": "53",
        "price_unit": "ML"
      },
      {
        "state": "SA",
        "price": "400",
        "price_per_unit": "53",
        "price_unit": "ML"
      },
      {
        "state": "ACT",
        "price": "400",
        "price_per_unit": "53",
        "price_unit": "ML"
      },
      {
        "state": "NT",
        "price": "400",
        "price_per_unit": "53",
        "price_unit": "ML"
      }
    ]
  },
  {
    "source_url": "https://www.woolworths.com.au/shop/productdetails/173877/restor-concentrated-cleaning-tablet-refill-bottle-bathroom",
    "name": "Restor Concentrated Cleaning Tablet & Refill Bottle Bathroom Each",
    "image_url": "https://cdn1.woolworths.media/content/wowproductimages/large/173877.jpg",
    "source_id": "Woolworths - 173877",
    "barcode": "9421035731454",
    "category_id": "1_2432B58",
    "shop": "Woolworths",
    "weight": "100ML",
    "prices": [
      {
        "state": "VIC",
        "price": "600",
        "price_per_unit": "120",
        "price_unit": "ML"
      },
      {
        "state": "SA",
        "price": "600",
        "price_per_unit": "120",
        "price_unit": "ML"
      },
      {
        "state": "ACT",
        "price": "600",
        "price_per_unit": "120",
        "price_unit": "ML"
      },
      {
        "state": "NT",
        "price": "600",
        "price_per_unit": "120",
        "price_unit": "ML"
      }
    ]
  },
  {
    "source_url": "https://www.woolworths.com.au/shop/productdetails/174161/restor-concentrated-cleaning-tablet-bathroom-grapefruit",
    "name": "Restor Concentrated Cleaning Tablet Bathroom Grapefruit 2 Pack",
    "image_url": "https://cdn1.woolworths.media/content/wowproductimages/large/174161.jpg",
    "source_id": "Woolworths - 174161",
    "barcode": "9421035731508",
    "category_id": "1_2432B58",
    "shop": "Woolworths",
    "weight": "100ML",
    "prices": [
      {
        "state": "VIC",
        "price": "700",
        "price_per_unit": "70",
        "price_unit": "ML"
      },
      {
        "state": "SA",
        "price": "700",
        "price_per_unit": "70",
        "price_unit": "ML"
      },
      {
        "state": "ACT",
        "price": "700",
        "price_per_unit": "70",
        "price_unit": "ML"
      },
      {
        "state": "NT",
        "price": "700",
        "price_per_unit": "70",
        "price_unit": "ML"
      }
    ]
  },
  {
    "source_url": "https://www.woolworths.com.au/shop/productdetails/790962/ajax-professional-mould-remover-cleaner-trigger",
    "name": "Ajax Professional Mould Remover Cleaner Trigger 500ml",
    "image_url": "https://cdn1.woolworths.media/content/wowproductimages/large/790962.jpg",
    "source_id": "Woolworths - 790962",
    "barcode": "9300632085057",
    "category_id": "1_2432B58",
    "shop": "Woolworths",
    "weight": "100ML",
    "prices": [
      {
        "state": "WA",
        "price": "560",
        "price_per_unit": "112",
        "price_unit": "ML"
      },
      {
        "state": "SA",
        "price": "560",
        "price_per_unit": "112",
        "price_unit": "ML"
      },
      {
        "state": "TAS",
        "price": "560",
        "price_per_unit": "112",
        "price_unit": "ML"
      },
      {
        "state": "NT",
        "price": "585",
        "price_per_unit": "117",
        "price_unit": "ML"
      }
    ]
  },
  {
    "source_url": "https://www.woolworths.com.au/shop/productdetails/179140/britex-grout-tile-spray",
    "name": "Britex Grout & Tile Spray 500ml",
    "image_url": "https://cdn1.woolworths.media/content/wowproductimages/large/179140.jpg",
    "source_id": "Woolworths - 179140",
    "barcode": "9331562001640",
    "category_id": "1_2432B58",
    "shop": "Woolworths",
    "weight": "0",
    "prices": [
      {
        "state": "TAS",
        "price": "990",
        "price_per_unit": null,
        "price_unit": ""
      },
      {
        "state": "NT",
        "price": "990",
        "price_per_unit": null,
        "price_unit": ""
      }
    ]
  }
]