[
  {
    "source_url": "https://www.woolworths.com.au/shop/productdetails/114785/brasso-metal-polish-metal",
    "name": "Brasso Metal Polish Metal 250ml",
    "image_url": "https://cdn1.woolworths.media/content/wowproductimages/large/114785.jpg",
    "source_id": "Woolworths - 114785",
    "barcode": "5000146060161",
    "category_id": "1_2432B58",
    "shop": "Woolworths",
    "weight": "100ML",
    "prices": [
      {
        "state": "NSW",
        "price": "1380",
        "price_per_unit": "552",
        "price_unit": "ML"
      },
      {
        "state": "VIC",
        "price": "1380",
        "price_per_unit": "552",
        "price_unit": "ML"
      },
      {
        "state": "QLD",
        "price": "1380",
        "price_per_unit": "552",
        "price_unit": "ML"
      },
      {
        "state": "WA",
        "price": "1380",
        "price_per_unit": "552",
        "price_unit": "ML"
      },
      {
        "state": "SA",
        "price": "1380",
        "price_per_unit": "552",
        "price_unit": "ML"
      },
      {
        "state": "TAS",
        "price": "1380",
        "price_per_unit": "552",
        "price_unit": "ML"
      },
      {
        "state": "ACT",
        "price": "1380",
        "price_per_unit": "552",
        "price_unit": "ML"
      },
      {
        "state": "NT",
        "price": "1440",
        "price_per_unit": "576",
        "price_unit": "ML"
      }
    ]
  },
  {
    "source_url": "https://www.woolworths.com.au/shop/productdetails/903810/dr-beckmann-upholstery-stain-remover",
    "name": "Dr Beckmann Upholstery Stain Remover 400mL",
    "image_url": "https://cdn1.woolworths.media/content/wowproductimages/large/903810.jpg",
    "source_id": "Woolworths - 903810",
    "barcode": "4008455578811",
    "category_id": "1_2432B58",
    "shop": "Woolworths",
    "weight": "100ML",
    "prices": [
      {
        "state": "NSW",
        "price": "1035",
        "price_per_unit": "259",
        "price_unit": "ML"
      },
      {
        "state": "VIC",
        "price": "1035",
        "price_per_unit": "259",
        "price_unit": "ML"
      },
      {
        "state": "QLD",
        "price": "1035",
        "price_per_unit": "259",
        "price_unit": "ML"
      },
      {
        "state": "WA",
        "price": "1035",
        "price_per_unit": "259",
        "price_unit": "ML"
      },
      {
        "state": "SA",
        "price": "1035",
        "price_per_unit": "259",
        "price_unit": "ML"
      },
      {
        "state": "TAS",
        "price": "1035",
        "price_per_unit": "259",
        "price_unit": "ML"
      },
      {
        "state": "ACT",
        "price": "1035",
        "price_per_unit": "259",
        "price_unit": "ML"
      },
      {
        "state": "NT",
        "price": "1035",
        "price_per_unit": "259",
        "price_unit": "ML"
      }
    ]
  },
  {
    "source_url": "https://www.woolworths.com.au/shop/productdetails/83301/mr-sheen-aerosol-multi-surface-polish-regular",
    "name": "Mr Sheen Aerosol Multi Surface Polish Regular 250g",
    "image_url": "https://cdn1.woolworths.media/content/wowproductimages/large/083301.jpg",
    "source_id": "Woolworths - 83301",
    "barcode": "9310045974589",
    "category_id": "1_2432B58",
    "shop": "Woolworths",
    "weight": "100G",
    "prices": [
      {
        "state": "NSW",
        "price": "820",
        "price_per_unit": "328",
        "price_unit": "G"
      },
      {
        "state": "VIC",
        "price": "820",
        "price_per_unit": "328",
        "price_unit": "G"
      },
      {
        "state": "QLD",
        "price": "820",
        "price_per_unit": "328",
        "price_unit": "G"
      },
      {
        "state": "WA",
        "price": "820",
        "price_per_unit": "328",
        "price_unit": "G"
      },
      {
        "state": "SA",
        "price": "820",
        "price_per_unit": "328",
        "price_unit": "G"
      },
      {
        "state": "TAS",
        "price": "820",
        "price_per_unit": "328",
        "price_unit": "G"
      },
      {
        "state": "ACT",
        "price": "820",
        "price_per_unit": "328",
        "price_unit": "G"
      },
      {
        "state": "NT",
        "price": "860",
        "price_per_unit": "344",
        "price_unit": "G"
      }
    ]
  },
  {
    "source_url": "https://www.woolworths.com.au/shop/productdetails/83305/mr-sheen-trigger-spray-multi-surface-polish-pot-pourri",
    "name": "Mr Sheen Trigger Spray Multi Surface Polish Pot Pourri 375ml",
    "image_url": "https://cdn1.woolworths.media/content/wowproductimages/large/083305.jpg",
    "source_id": "Woolworths - 83305",
    "barcode": "9310045974626",
    "category_id": "1_2432B58",
    "shop": "Woolworths",
    "weight": "100ML",
    "prices": [
      {
        "state": "NSW",
        "price": "800",
        "price_per_unit": "213",
        "price_unit": "ML"
      },
      {
        "state": "VIC",
        "price": "800",
        "price_per_unit": "213",
        "price_unit": "ML"
      },
      {
        "state": "QLD",
        "price": "800",
        "price_per_unit": "213",
        "price_unit": "ML"
      },
      {
        "state": "SA",
        "price": "800",
        "price_per_unit": "213",
        "price_unit": "ML"
      },
      {
        "state": "TAS",
        "price": "800",
        "price_per_unit": "213",
        "price_unit": "ML"
      },
      {
        "state": "ACT",
        "price": "800",
        "price_per_unit": "213",
        "price_unit": "ML"
      },
      {
        "state": "NT",
        "price": "840",
        "price_per_unit": "224",
        "price_unit": "ML"
      }
    ]
  },
  {
    "source_url": "https://www.woolworths.com.au/shop/productdetails/712688/o-cedar-polish-furniture",
    "name": "O'Cedar Polish Furniture 300ml",
    "image_url": "https://cdn1.woolworths.media/content/wowproductimages/large/712688.jpg",
    "source_id": "Woolworths - 712688",
    "barcode": "9339669003000",
    "category_id": "1_2432B58",
    "shop": "Woolworths",
    "weight": "100ML",
    "prices": [
      {
        "state": "NSW",
        "price": "870",
        "price_per_unit": "290",
        "price_unit": "ML"
      },
      {
        "state": "VIC",
        "price": "870",
        "price_per_unit": "290",
        "price_unit": "ML"
      },
      {
        "state": "QLD",
        "price": "870",
        "price_per_unit": "290",
        "price_unit": "ML"
      },
      {
        "state": "WA",
        "price": "870",
        "price_per_unit": "290",
        "price_unit": "ML"
      },
      {
        "state": "SA",
        "price": "870",
        "price_per_unit": "290",
        "price_unit": "ML"
      },
      {
        "state": "TAS",
        "price": "870",
        "price_per_unit": "290",
        "price_unit": "ML"
      },
      {
        "state": "ACT",
        "price": "870",
        "price_per_unit": "290",
        "price_unit": "ML"
      },
      {
        "state": "NT",
        "price": "910",
        "price_per_unit": "303",
        "price_unit": "ML"
      }
    ]
  },
  {
    "source_url": "https://www.woolworths.com.au/shop/productdetails/908271/oakwood-hydrating-leather-cream",
    "name": "Oakwood Hydrating Leather Cream 150ml",
    "image_url": "https://cdn1.woolworths.media/content/wowproductimages/large/908271.jpg",
    "source_id": "Woolworths - 908271",
    "barcode": "9337198003669",
    "category_id": "1_2432B58",
    "shop": "Woolworths",
    "weight": "100ML",
    "prices": [
      {
        "state": "NSW",
        "price": "900",
        "price_per_unit": "600",
        "price_unit": "ML"
      },
      {
        "state": "VIC",
        "price": "900",
        "price_per_unit": "600",
        "price_unit": "ML"
      },
      {
        "state": "QLD",
        "price": "900",
        "price_per_unit": "600",
        "price_unit": "ML"
      },
      {
        "state": "WA",
        "price": "900",
        "price_per_unit": "600",
        "price_unit": "ML"
      },
      {
        "state": "SA",
        "price": "900",
        "price_per_unit": "600",
        "price_unit": "ML"
      },
      {
        "state": "TAS",
        "price": "900",
        "price_per_unit": "600",
        "price_unit": "ML"
      },
      {
        "state": "ACT",
        "price": "900",
        "price_per_unit": "600",
        "price_unit": "ML"
      },
      {
        "state": "NT",
        "price": "900",
        "price_per_unit": "600",
        "price_unit": "ML"
      }
    ]
  },
  {
    "source_url": "https://www.woolworths.com.au/shop/productdetails/497143/oakwood-leather-clean-soap",
    "name": "Oakwood Leather Clean Soap 250ml",
    "image_url": "https://cdn1.woolworths.media/content/wowproductimages/large/497143.jpg",
    "source_id": "Woolworths - 497143",
    "barcode": "9337198003157",
    "category_id": "1_2432B58",
    "shop": "Woolworths",
    "weight": "100ML",
    "prices": [
      {
        "state": "NSW",
        "price": "600",
        "price_per_unit": "240",
        "price_unit": "ML"
      },
      {
        "state": "VIC",
        "price": "600",
        "price_per_unit": "240",
        "price_unit": "ML"
      },
      {
        "state": "QLD",
        "price": "600",
        "price_per_unit": "240",
        "price_unit": "ML"
      },
      {
        "state": "WA",
        "price": "600",
        "price_per_unit": "240",
        "price_unit": "ML"
      },
      {
        "state": "SA",
        "price": "600",
        "price_per_unit": "240",
        "price_unit": "ML"
      },
      {
        "state": "TAS",
        "price": "600",
        "price_per_unit": "240",
        "price_unit": "ML"
      },
      {
        "state": "ACT",
        "price": "600",
        "price_per_unit": "240",
        "price_unit": "ML"
      },
      {
        "state": "NT",
        "price": "600",
        "price_per_unit": "240",
        "price_unit": "ML"
      }
    ]
  },
  {
    "source_url": "https://www.woolworths.com.au/shop/productdetails/712508/oakwood-leather-polish-conditioner-wipes",
    "name": "Oakwood Leather Polish Conditioner Wipes 20 Pack",
    "image_url": "https://cdn1.woolworths.media/content/wowproductimages/large/712508.jpg",
    "source_id": "Woolworths - 712508",
    "barcode": "9337198003065",
    "category_id": "1_2432B58",
    "shop": "Woolworths",
    "weight": "1EA",
    "prices": [
      {
        "state": "NSW",
        "price": "555",
        "price_per_unit": "28",
        "price_unit": "EA"
      },
      {
        "state": "VIC",
        "price": "555",
        "price_per_unit": "28",
        "price_unit": "EA"
      },
      {
        "state": "QLD",
        "price": "555",
        "price_per_unit": "28",
        "price_unit": "EA"
      },
      {
        "state": "WA",
        "price": "555",
        "price_per_unit": "28",
        "price_unit": "EA"
      },
      {
        "state": "SA",
        "price": "555",
        "price_per_unit": "28",
        "price_unit": "EA"
      },
      {
        "state": "TAS",
        "price": "555",
        "price_per_unit": "28",
        "price_unit": "EA"
      },
      {
        "state": "ACT",
        "price": "555",
        "price_per_unit": "28",
        "price_unit": "EA"
      },
      {
        "state": "NT",
        "price": "580",
        "price_per_unit": "29",
        "price_unit": "EA"
      }
    ]
  },
  {
    "source_url": "https://www.woolworths.com.au/shop/productdetails/825739/oakwood-wood-wipes",
    "name": "Oakwood Wood Wipes 20 Pack",
    "image_url": "https://cdn1.woolworths.media/content/wowproductimages/large/825739.jpg",
    "source_id": "Woolworths - 825739",
    "barcode": "9337198003089",
    "category_id": "1_2432B58",
    "shop": "Woolworths",
    "weight": "1EA",
    "prices": [
      {
        "state": "NSW",
        "price": "540",
        "price_per_unit": "27",
        "price_unit": "EA"
      },
      {
        "state": "VIC",
        "price": "540",
        "price_per_unit": "27",
        "price_unit": "EA"
      },
      {
        "state": "QLD",
        "price": "540",
        "price_per_unit": "27",
        "price_unit": "EA"
      },
      {
        "state": "WA",
        "price": "540",
        "price_per_unit": "27",
        "price_unit": "EA"
      },
      {
        "state": "SA",
        "price": "540",
        "price_per_unit": "27",
        "price_unit": "EA"
      },
      {
        "state": "TAS",
        "price": "540",
        "price_per_unit": "27",
        "price_unit": "EA"
      },
      {
        "state": "ACT",
        "price": "540",
        "price_per_unit": "27",
        "price_unit": "EA"
      },
      {
        "state": "NT",
        "price": "565",
        "price_per_unit": "28",
        "price_unit": "EA"
      }
    ]
  },
  {
    "source_url": "https://www.woolworths.com.au/shop/productdetails/278263/pledge-grab-it-electrostatic-dusting-cloths",
    "name": "Pledge Grab It Electrostatic Dusting Cloths 20 Pack",
    "image_url": "https://cdn1.woolworths.media/content/wowproductimages/large/278263.jpg",
    "source_id": "Woolworths - 278263",
    "barcode": "9300622008141",
    "category_id": "1_2432B58",
    "shop": "Woolworths",
    "weight": "1EA",
    "prices": [
      {
        "state": "NSW",
        "price": "850",
        "price_per_unit": "43",
        "price_unit": "EA"
      },
      {
        "state": "VIC",
        "price": "850",
        "price_per_unit": "43",
        "price_unit": "EA"
      },
      {
        "state": "QLD",
        "price": "850",
        "price_per_unit": "43",
        "price_unit": "EA"
      },
      {
        "state": "WA",
        "price": "850",
        "price_per_unit": "43",
        "price_unit": "EA"
      },
      {
        "state": "SA",
        "price": "850",
        "price_per_unit": "43",
        "price_unit": "EA"
      },
      {
        "state": "TAS",
        "price": "850",
        "price_per_unit": "43",
        "price_unit": "EA"
      },
      {
        "state": "ACT",
        "price": "850",
        "price_per_unit": "43",
        "price_unit": "EA"
      },
      {
        "state": "NT",
        "price": "890",
        "price_per_unit": "45",
        "price_unit": "EA"
      }
    ]
  },
  {
    "source_url": "https://www.woolworths.com.au/shop/productdetails/272602/pledge-enhancing-polish-lemon-extra-care",
    "name": "Pledge Pledge Enhancing Polish Lemon Extra Care 330ml",
    "image_url": "https://cdn1.woolworths.media/content/wowproductimages/large/272602.jpg",
    "source_id": "Woolworths - 272602",
    "barcode": "9300622565750",
    "category_id": "1_2432B58",
    "shop": "Woolworths",
    "weight": "100ML",
    "prices": [
      {
        "state": "NSW",
        "price": "540",
        "price_per_unit": "164",
        "price_unit": "ML"
      },
      {
        "state": "VIC",
        "price": "540",
        "price_per_unit": "164",
        "price_unit": "ML"
      },
      {
        "state": "QLD",
        "price": "540",
        "price_per_unit": "164",
        "price_unit": "ML"
      },
      {
        "state": "WA",
        "price": "540",
        "price_per_unit": "164",
        "price_unit": "ML"
      },
      {
        "state": "SA",
        "price": "540",
        "price_per_unit": "164",
        "price_unit": "ML"
      },
      {
        "state": "TAS",
        "price": "540",
        "price_per_unit": "164",
        "price_unit": "ML"
      },
      {
        "state": "ACT",
        "price": "540",
        "price_per_unit": "164",
        "price_unit": "ML"
      },
      {
        "state": "NT",
        "price": "565",
        "price_per_unit": "171",
        "price_unit": "ML"
      }
    ]
  },
  {
    "source_url": "https://www.woolworths.com.au/shop/productdetails/98514/scotchgard-fabric-upholstery-protector",
    "name": "Scotchgard Fabric & Upholstery Protector 350g",
    "image_url": "https://cdn1.woolworths.media/content/wowproductimages/large/098514.jpg",
    "source_id": "Woolworths - 98514",
    "barcode": "9310063001922",
    "category_id": "1_2432B58",
    "shop": "Woolworths",
    "weight": "100G",
    "prices": [
      {
        "state": "NSW",
        "price": "1315",
        "price_per_unit": "376",
        "price_unit": "G"
      },
      {
        "state": "VIC",
        "price": "1315",
        "price_per_unit": "376",
        "price_unit": "G"
      },
      {
        "state": "QLD",
        "price": "1315",
        "price_per_unit": "376",
        "price_unit": "G"
      },
      {
        "state": "WA",
        "price": "1315",
        "price_per_unit": "376",
        "price_unit": "G"
      },
      {
        "state": "SA",
        "price": "1315",
        "price_per_unit": "376",
        "price_unit": "G"
      },
      {
        "state": "TAS",
        "price": "1315",
        "price_per_unit": "376",
        "price_unit": "G"
      },
      {
        "state": "ACT",
        "price": "1315",
        "price_per_unit": "376",
        "price_unit": "G"
      },
      {
        "state": "NT",
        "price": "1380",
        "price_per_unit": "394",
        "price_unit": "G"
      }
    ]
  },
  {
    "source_url": "https://www.woolworths.com.au/shop/productdetails/114787/silvo-silver-polish",
    "name": "Silvo Silver Polish 250ml",
    "image_url": "https://cdn1.woolworths.media/content/wowproductimages/large/114787.jpg",
    "source_id": "Woolworths - 114787",
    "barcode": "5000146060178",
    "category_id": "1_2432B58",
    "shop": "Woolworths",
    "weight": "100ML",
    "prices": [
      {
        "state": "NSW",
        "price": "1380",
        "price_per_unit": "552",
        "price_unit": "ML"
      },
      {
        "state": "VIC",
        "price": "1380",
        "price_per_unit": "552",
        "price_unit": "ML"
      },
      {
        "state": "QLD",
        "price": "1380",
        "price_per_unit": "552",
        "price_unit": "ML"
      },
      {
        "state": "WA",
        "price": "1380",
        "price_per_unit": "552",
        "price_unit": "ML"
      },
      {
        "state": "SA",
        "price": "1380",
        "price_per_unit": "552",
        "price_unit": "ML"
      },
      {
        "state": "TAS",
        "price": "1380",
        "price_per_unit": "552",
        "price_unit": "ML"
      },
      {
        "state": "ACT",
        "price": "1380",
        "price_per_unit": "552",
        "price_unit": "ML"
      },
      {
        "state": "NT",
        "price": "1440",
        "price_per_unit": "576",
        "price_unit": "ML"
      }
    ]
  },
  {
    "source_url": "https://www.woolworths.com.au/shop/productdetails/169516/5star-tyre-shine",
    "name": "5Star Tyre Shine 350g",
    "image_url": "https://cdn1.woolworths.media/content/wowproductimages/large/169516.jpg",
    "source_id": "Woolworths - 169516",
    "barcode": "9322902035319",
    "category_id": "1_2432B58",
    "shop": "Woolworths",
    "weight": "100G",
    "prices": [
      {
        "state": "VIC",
        "price": "550",
        "price_per_unit": "157",
        "price_unit": "G"
      },
      {
        "state": "QLD",
        "price": "550",
        "price_per_unit": "157",
        "price_unit": "G"
      },
      {
        "state": "WA",
        "price": "550",
        "price_per_unit": "157",
        "price_unit": "G"
      },
      {
        "state": "SA",
        "price": "550",
        "price_per_unit": "157",
        "price_unit": "G"
      },
      {
        "state": "ACT",
        "price": "550",
        "price_per_unit": "157",
        "price_unit": "G"
      },
      {
        "state": "NT",
        "price": "550",
        "price_per_unit": "157",
        "price_unit": "G"
      }
    ]
  },
  {
    "source_url": "https://www.woolworths.com.au/shop/productdetails/806575/vileda-lint-roller-58-sheets",
    "name": "Vileda Lint Roller 58 Sheets Each",
    "image_url": "https://cdn1.woolworths.media/content/wowproductimages/large/806575.jpg",
    "source_id": "Woolworths - 806575",
    "barcode": "9325005000956",
    "category_id": "1_2432B58",
    "shop": "Woolworths",
    "weight": "1EA",
    "prices": [
      {
        "state": "VIC",
        "price": "650",
        "price_per_unit": "650",
        "price_unit": "EA"
      },
      {
        "state": "QLD",
        "price": "650",
        "price_per_unit": "650",
        "price_unit": "EA"
      },
      {
        "state": "WA",
        "price": "650",
        "price_per_unit": "650",
        "price_unit": "EA"
      },
      {
        "state": "SA",
        "price": "650",
        "price_per_unit": "650",
        "price_unit": "EA"
      },
      {
        "state": "TAS",
        "price": "650",
        "price_per_unit": "650",
        "price_unit": "EA"
      },
      {
        "state": "ACT",
        "price": "650",
        "price_per_unit": "650",
        "price_unit": "EA"
      },
      {
        "state": "NT",
        "price": "650",
        "price_per_unit": "650",
        "price_unit": "EA"
      }
    ]
  },
  {
    "source_url": "https://www.woolworths.com.au/shop/productdetails/300848/the-fabric-doctor-fabric-protect-spray",
    "name": "The Fabric Doctor Fabric Protect Spray 500ml",
    "image_url": "https://cdn1.woolworths.media/content/wowproductimages/large/300848.jpg",
    "source_id": "Woolworths - 300848",
    "barcode": "9359751000038",
    "category_id": "1_2432B58",
    "shop": "Woolworths",
    "weight": "100ML",
    "prices": [
      {
        "state": "NT",
        "price": "2080",
        "price_per_unit": "416",
        "price_unit": "ML"
      }
    ]
  }
]