[
  {
    "source_url": "https://www.woolworths.com.au/shop/productdetails/53198/canesten-laundry-sanitiser-lemon-fresh",
    "name": "Canesten Laundry Sanitiser Lemon Fresh 1L",
    "image_url": "https://cdn1.woolworths.media/content/wowproductimages/large/053198.jpg",
    "source_id": "Woolworths - 53198",
    "barcode": "9310160800022",
    "category_id": "1_2432B58",
    "shop": "Woolworths",
    "weight": "1L",
    "prices": [
      {
        "state": "NSW",
        "price": "1500",
        "price_per_unit": "1500",
        "price_unit": "L"
      },
      {
        "state": "VIC",
        "price": "1500",
        "price_per_unit": "1500",
        "price_unit": "L"
      },
      {
        "state": "QLD",
        "price": "1500",
        "price_per_unit": "1500",
        "price_unit": "L"
      },
      {
        "state": "WA",
        "price": "1500",
        "price_per_unit": "1500",
        "price_unit": "L"
      },
      {
        "state": "SA",
        "price": "1500",
        "price_per_unit": "1500",
        "price_unit": "L"
      },
      {
        "state": "TAS",
        "price": "1500",
        "price_per_unit": "1500",
        "price_unit": "L"
      },
      {
        "state": "ACT",
        "price": "1500",
        "price_per_unit": "1500",
        "price_unit": "L"
      },
      {
        "state": "NT",
        "price": "1570",
        "price_per_unit": "1570",
        "price_unit": "L"
      }
    ]
  },
  {
    "source_url": "https://www.woolworths.com.au/shop/productdetails/215264/canesten-laundry-sanitiser-lemon-fresh",
    "name": "Canesten Laundry Sanitiser Lemon Fresh 2L",
    "image_url": "https://cdn1.woolworths.media/content/wowproductimages/large/215264.jpg",
    "source_id": "Woolworths - 215264",
    "barcode": "4057599007107",
    "category_id": "1_2432B58",
    "shop": "Woolworths",
    "weight": "1L",
    "prices": [
      {
        "state": "NSW",
        "price": "2250",
        "price_per_unit": "1125",
        "price_unit": "L"
      },
      {
        "state": "VIC",
        "price": "2250",
        "price_per_unit": "1125",
        "price_unit": "L"
      },
      {
        "state": "QLD",
        "price": "2250",
        "price_per_unit": "1125",
        "price_unit": "L"
      },
      {
        "state": "WA",
        "price": "2250",
        "price_per_unit": "1125",
        "price_unit": "L"
      },
      {
        "state": "SA",
        "price": "2250",
        "price_per_unit": "1125",
        "price_unit": "L"
      },
      {
        "state": "TAS",
        "price": "2250",
        "price_per_unit": "1125",
        "price_unit": "L"
      },
      {
        "state": "ACT",
        "price": "2250",
        "price_per_unit": "1125",
        "price_unit": "L"
      },
      {
        "state": "NT",
        "price": "2250",
        "price_per_unit": "1125",
        "price_unit": "L"
      }
    ]
  },
  {
    "source_url": "https://www.woolworths.com.au/shop/productdetails/246193/clean-boost-triple-enzyme-power-soaker",
    "name": "Clean Boost Triple Enzyme Power Soaker 1kg",
    "image_url": "https://cdn1.woolworths.media/content/wowproductimages/large/246193.jpg",
    "source_id": "Woolworths - 246193",
    "barcode": "9300633923839",
    "category_id": "1_2432B58",
    "shop": "Woolworths",
    "weight": "1KG",
    "prices": [
      {
        "state": "NSW",
        "price": "390",
        "price_per_unit": "390",
        "price_unit": "KG"
      },
      {
        "state": "VIC",
        "price": "390",
        "price_per_unit": "390",
        "price_unit": "KG"
      },
      {
        "state": "QLD",
        "price": "390",
        "price_per_unit": "390",
        "price_unit": "KG"
      },
      {
        "state": "WA",
        "price": "390",
        "price_per_unit": "390",
        "price_unit": "KG"
      },
      {
        "state": "SA",
        "price": "390",
        "price_per_unit": "390",
        "price_unit": "KG"
      },
      {
        "state": "TAS",
        "price": "390",
        "price_per_unit": "390",
        "price_unit": "KG"
      },
      {
        "state": "ACT",
        "price": "390",
        "price_per_unit": "390",
        "price_unit": "KG"
      },
      {
        "state": "NT",
        "price": "390",
        "price_per_unit": "390",
        "price_unit": "KG"
      }
    ]
  },
  {
    "source_url": "https://www.woolworths.com.au/shop/productdetails/183937/clean-laundry-sanitiser-antibacterial",
    "name": "Clean Laundry Sanitiser Antibacterial 1l",
    "image_url": "https://cdn1.woolworths.media/content/wowproductimages/large/183937.jpg",
    "source_id": "Woolworths - 183937",
    "barcode": "9339687276479",
    "category_id": "1_2432B58",
    "shop": "Woolworths",
    "weight": "1L",
    "prices": [
      {
        "state": "NSW",
        "price": "450",
        "price_per_unit": "450",
        "price_unit": "L"
      },
      {
        "state": "VIC",
        "price": "450",
        "price_per_unit": "450",
        "price_unit": "L"
      },
      {
        "state": "QLD",
        "price": "450",
        "price_per_unit": "450",
        "price_unit": "L"
      },
      {
        "state": "WA",
        "price": "450",
        "price_per_unit": "450",
        "price_unit": "L"
      },
      {
        "state": "SA",
        "price": "450",
        "price_per_unit": "450",
        "price_unit": "L"
      },
      {
        "state": "TAS",
        "price": "450",
        "price_per_unit": "450",
        "price_unit": "L"
      },
      {
        "state": "ACT",
        "price": "450",
        "price_per_unit": "450",
        "price_unit": "L"
      },
      {
        "state": "NT",
        "price": "450",
        "price_per_unit": "450",
        "price_unit": "L"
      }
    ]
  },
  {
    "source_url": "https://www.woolworths.com.au/shop/productdetails/183938/clean-washing-machine-cleaner-antibacterial",
    "name": "Clean Washing Machine Cleaner Antibacterial 250ml",
    "image_url": "https://cdn1.woolworths.media/content/wowproductimages/large/183938.jpg",
    "source_id": "Woolworths - 183938",
    "barcode": "9339687276486",
    "category_id": "1_2432B58",
    "shop": "Woolworths",
    "weight": "1L",
    "prices": [
      {
        "state": "NSW",
        "price": "400",
        "price_per_unit": "1600",
        "price_unit": "L"
      },
      {
        "state": "VIC",
        "price": "400",
        "price_per_unit": "1600",
        "price_unit": "L"
      },
      {
        "state": "QLD",
        "price": "400",
        "price_per_unit": "1600",
        "price_unit": "L"
      },
      {
        "state": "WA",
        "price": "400",
        "price_per_unit": "1600",
        "price_unit": "L"
      },
      {
        "state": "SA",
        "price": "400",
        "price_per_unit": "1600",
        "price_unit": "L"
      },
      {
        "state": "TAS",
        "price": "400",
        "price_per_unit": "1600",
        "price_unit": "L"
      },
      {
        "state": "ACT",
        "price": "400",
        "price_per_unit": "1600",
        "price_unit": "L"
      },
      {
        "state": "NT",
        "price": "400",
        "price_per_unit": "1600",
        "price_unit": "L"
      }
    ]
  },
  {
    "source_url": "https://www.woolworths.com.au/shop/productdetails/296369/dettol-antibacterial-max-concentrate-laundry-sanitiser-eucalyptus",
    "name": "Dettol Antibacterial Max Concentrate Laundry Sanitiser Eucalyptus 750ml",
    "image_url": "https://cdn1.woolworths.media/content/wowproductimages/large/296369.jpg",
    "source_id": "Woolworths - 296369",
    "barcode": "9300631503354",
    "category_id": "1_2432B58",
    "shop": "Woolworths",
    "weight": "1L",
    "prices": [
      {
        "state": "NSW",
        "price": "750",
        "price_per_unit": "1000",
        "price_unit": "L"
      },
      {
        "state": "VIC",
        "price": "750",
        "price_per_unit": "1000",
        "price_unit": "L"
      },
      {
        "state": "QLD",
        "price": "750",
        "price_per_unit": "1000",
        "price_unit": "L"
      },
      {
        "state": "WA",
        "price": "750",
        "price_per_unit": "1000",
        "price_unit": "L"
      },
      {
        "state": "SA",
        "price": "750",
        "price_per_unit": "1000",
        "price_unit": "L"
      },
      {
        "state": "TAS",
        "price": "750",
        "price_per_unit": "1000",
        "price_unit": "L"
      },
      {
        "state": "ACT",
        "price": "750",
        "price_per_unit": "1000",
        "price_unit": "L"
      },
      {
        "state": "NT",
        "price": "795",
        "price_per_unit": "1060",
        "price_unit": "L"
      }
    ]
  },
  {
    "source_url": "https://www.woolworths.com.au/shop/productdetails/907538/dettol-homes-with-pets-laundry-sanitiser",
    "name": "Dettol Homes With Pets Laundry Sanitiser 1.5l",
    "image_url": "https://cdn1.woolworths.media/content/wowproductimages/large/907538.jpg",
    "source_id": "Woolworths - 907538",
    "barcode": "9300631773504",
    "category_id": "1_2432B58",
    "shop": "Woolworths",
    "weight": "1L",
    "prices": [
      {
        "state": "NSW",
        "price": "900",
        "price_per_unit": "600",
        "price_unit": "L"
      },
      {
        "state": "VIC",
        "price": "900",
        "price_per_unit": "600",
        "price_unit": "L"
      },
      {
        "state": "QLD",
        "price": "900",
        "price_per_unit": "600",
        "price_unit": "L"
      },
      {
        "state": "WA",
        "price": "900",
        "price_per_unit": "600",
        "price_unit": "L"
      },
      {
        "state": "SA",
        "price": "900",
        "price_per_unit": "600",
        "price_unit": "L"
      },
      {
        "state": "TAS",
        "price": "900",
        "price_per_unit": "600",
        "price_unit": "L"
      },
      {
        "state": "ACT",
        "price": "900",
        "price_per_unit": "600",
        "price_unit": "L"
      },
      {
        "state": "NT",
        "price": "945",
        "price_per_unit": "630",
        "price_unit": "L"
      }
    ]
  },
  {
    "source_url": "https://www.woolworths.com.au/shop/productdetails/220929/dettol-odour-eliminator-washing-machine-cleaner",
    "name": "Dettol Odour Eliminator Washing Machine Cleaner 250ml",
    "image_url": "https://cdn1.woolworths.media/content/wowproductimages/large/220929.jpg",
    "source_id": "Woolworths - 220929",
    "barcode": "9300701189549",
    "category_id": "1_2432B58",
    "shop": "Woolworths",
    "weight": "1L",
    "prices": [
      {
        "state": "NSW",
        "price": "400",
        "price_per_unit": "1600",
        "price_unit": "L"
      },
      {
        "state": "VIC",
        "price": "400",
        "price_per_unit": "1600",
        "price_unit": "L"
      },
      {
        "state": "QLD",
        "price": "400",
        "price_per_unit": "1600",
        "price_unit": "L"
      },
      {
        "state": "WA",
        "price": "400",
        "price_per_unit": "1600",
        "price_unit": "L"
      },
      {
        "state": "SA",
        "price": "400",
        "price_per_unit": "1600",
        "price_unit": "L"
      },
      {
        "state": "TAS",
        "price": "400",
        "price_per_unit": "1600",
        "price_unit": "L"
      },
      {
        "state": "ACT",
        "price": "400",
        "price_per_unit": "1600",
        "price_unit": "L"
      },
      {
        "state": "NT",
        "price": "420",
        "price_per_unit": "1680",
        "price_unit": "L"
      }
    ]
  },
  {
    "source_url": "https://www.woolworths.com.au/shop/productdetails/655411/dr-beckmann-glowhite-ultra",
    "name": "Dr Beckmann Glowhite Ultra 2x40g",
    "image_url": "https://cdn1.woolworths.media/content/wowproductimages/large/655411.jpg",
    "source_id": "Woolworths - 655411",
    "barcode": "5010287445703",
    "category_id": "1_2432B58",
    "shop": "Woolworths",
    "weight": "1KG",
    "prices": [
      {
        "state": "NSW",
        "price": "600",
        "price_per_unit": "7500",
        "price_unit": "KG"
      },
      {
        "state": "VIC",
        "price": "600",
        "price_per_unit": "7500",
        "price_unit": "KG"
      },
      {
        "state": "QLD",
        "price": "600",
        "price_per_unit": "7500",
        "price_unit": "KG"
      },
      {
        "state": "WA",
        "price": "600",
        "price_per_unit": "7500",
        "price_unit": "KG"
      },
      {
        "state": "SA",
        "price": "600",
        "price_per_unit": "7500",
        "price_unit": "KG"
      },
      {
        "state": "TAS",
        "price": "600",
        "price_per_unit": "7500",
        "price_unit": "KG"
      },
      {
        "state": "ACT",
        "price": "600",
        "price_per_unit": "7500",
        "price_unit": "KG"
      },
      {
        "state": "NT",
        "price": "600",
        "price_per_unit": "7500",
        "price_unit": "KG"
      }
    ]
  },
  {
    "source_url": "https://www.woolworths.com.au/shop/productdetails/825600/dr-beckmann-service-it-washing-machine-cleaner",
    "name": "Dr Beckmann Service It Washing Machine Cleaner 250ml",
    "image_url": "https://cdn1.woolworths.media/content/wowproductimages/large/825600.jpg",
    "source_id": "Woolworths - 825600",
    "barcode": "5010287483507",
    "category_id": "1_2432B58",
    "shop": "Woolworths",
    "weight": "1L",
    "prices": [
      {
        "state": "NSW",
        "price": "600",
        "price_per_unit": "2400",
        "price_unit": "L"
      },
      {
        "state": "VIC",
        "price": "600",
        "price_per_unit": "2400",
        "price_unit": "L"
      },
      {
        "state": "QLD",
        "price": "600",
        "price_per_unit": "2400",
        "price_unit": "L"
      },
      {
        "state": "WA",
        "price": "600",
        "price_per_unit": "2400",
        "price_unit": "L"
      },
      {
        "state": "SA",
        "price": "600",
        "price_per_unit": "2400",
        "price_unit": "L"
      },
      {
        "state": "TAS",
        "price": "600",
        "price_per_unit": "2400",
        "price_unit": "L"
      },
      {
        "state": "ACT",
        "price": "600",
        "price_per_unit": "2400",
        "price_unit": "L"
      },
      {
        "state": "NT",
        "price": "600",
        "price_per_unit": "2400",
        "price_unit": "L"
      }
    ]
  },
  {
    "source_url": "https://www.woolworths.com.au/shop/productdetails/905511/elbow-grease-pre-wash-stain-remover-spray",
    "name": "Elbow Grease Pre Wash Stain Remover Spray 500mL",
    "image_url": "https://cdn1.woolworths.media/content/wowproductimages/large/905511.jpg",
    "source_id": "Woolworths - 905511",
    "barcode": "5053249274539",
    "category_id": "1_2432B58",
    "shop": "Woolworths",
    "weight": "1L",
    "prices": [
      {
        "state": "NSW",
        "price": "600",
        "price_per_unit": "1200",
        "price_unit": "L"
      },
      {
        "state": "VIC",
        "price": "600",
        "price_per_unit": "1200",
        "price_unit": "L"
      },
      {
        "state": "QLD",
        "price": "600",
        "price_per_unit": "1200",
        "price_unit": "L"
      },
      {
        "state": "WA",
        "price": "600",
        "price_per_unit": "1200",
        "price_unit": "L"
      },
      {
        "state": "SA",
        "price": "600",
        "price_per_unit": "1200",
        "price_unit": "L"
      },
      {
        "state": "TAS",
        "price": "600",
        "price_per_unit": "1200",
        "price_unit": "L"
      },
      {
        "state": "ACT",
        "price": "600",
        "price_per_unit": "1200",
        "price_unit": "L"
      },
      {
        "state": "NT",
        "price": "630",
        "price_per_unit": "1260",
        "price_unit": "L"
      }
    ]
  },
  {
    "source_url": "https://www.woolworths.com.au/shop/productdetails/263093/lectric-inwash-soaker-washing-soda",
    "name": "Lectric Inwash & Soaker Washing Soda 1kg",
    "image_url": "https://cdn1.woolworths.media/content/wowproductimages/large/263093.jpg",
    "source_id": "Woolworths - 263093",
    "barcode": "9300703991508",
    "category_id": "1_2432B58",
    "shop": "Woolworths",
    "weight": "1KG",
    "prices": [
      {
        "state": "NSW",
        "price": "500",
        "price_per_unit": "500",
        "price_unit": "KG"
      },
      {
        "state": "VIC",
        "price": "500",
        "price_per_unit": "500",
        "price_unit": "KG"
      },
      {
        "state": "QLD",
        "price": "500",
        "price_per_unit": "500",
        "price_unit": "KG"
      },
      {
        "state": "WA",
        "price": "500",
        "price_per_unit": "500",
        "price_unit": "KG"
      },
      {
        "state": "SA",
        "price": "500",
        "price_per_unit": "500",
        "price_unit": "KG"
      },
      {
        "state": "TAS",
        "price": "500",
        "price_per_unit": "500",
        "price_unit": "KG"
      },
      {
        "state": "ACT",
        "price": "500",
        "price_per_unit": "500",
        "price_unit": "KG"
      }
    ]
  },
  {
    "source_url": "https://www.woolworths.com.au/shop/productdetails/802803/magic-stain-remover",
    "name": "Magic Stain Remover 250ml",
    "image_url": "https://cdn1.woolworths.media/content/wowproductimages/large/802803.jpg",
    "source_id": "Woolworths - 802803",
    "barcode": "9312066000377",
    "category_id": "1_2432B58",
    "shop": "Woolworths",
    "weight": "1L",
    "prices": [
      {
        "state": "NSW",
        "price": "900",
        "price_per_unit": "3600",
        "price_unit": "L"
      },
      {
        "state": "VIC",
        "price": "900",
        "price_per_unit": "3600",
        "price_unit": "L"
      },
      {
        "state": "QLD",
        "price": "900",
        "price_per_unit": "3600",
        "price_unit": "L"
      },
      {
        "state": "WA",
        "price": "900",
        "price_per_unit": "3600",
        "price_unit": "L"
      },
      {
        "state": "SA",
        "price": "900",
        "price_per_unit": "3600",
        "price_unit": "L"
      },
      {
        "state": "TAS",
        "price": "900",
        "price_per_unit": "3600",
        "price_unit": "L"
      },
      {
        "state": "ACT",
        "price": "900",
        "price_per_unit": "3600",
        "price_unit": "L"
      },
      {
        "state": "NT",
        "price": "900",
        "price_per_unit": "3600",
        "price_unit": "L"
      }
    ]
  },
  {
    "source_url": "https://www.woolworths.com.au/shop/productdetails/905306/magic-washing-machine-cleaner-disinfectant",
    "name": "Magic Washing Machine Cleaner Disinfectant 250mL",
    "image_url": "https://cdn1.woolworths.media/content/wowproductimages/large/905306.jpg",
    "source_id": "Woolworths - 905306",
    "barcode": "9312066000551",
    "category_id": "1_2432B58",
    "shop": "Woolworths",
    "weight": "1L",
    "prices": [
      {
        "state": "NSW",
        "price": "590",
        "price_per_unit": "2360",
        "price_unit": "L"
      },
      {
        "state": "VIC",
        "price": "590",
        "price_per_unit": "2360",
        "price_unit": "L"
      },
      {
        "state": "QLD",
        "price": "590",
        "price_per_unit": "2360",
        "price_unit": "L"
      },
      {
        "state": "WA",
        "price": "590",
        "price_per_unit": "2360",
        "price_unit": "L"
      },
      {
        "state": "SA",
        "price": "590",
        "price_per_unit": "2360",
        "price_unit": "L"
      },
      {
        "state": "TAS",
        "price": "590",
        "price_per_unit": "2360",
        "price_unit": "L"
      },
      {
        "state": "ACT",
        "price": "590",
        "price_per_unit": "2360",
        "price_unit": "L"
      },
      {
        "state": "NT",
        "price": "620",
        "price_per_unit": "2480",
        "price_unit": "L"
      }
    ]
  },
  {
    "source_url": "https://www.woolworths.com.au/shop/productdetails/296380/pine-o-cleen-gold-washing-machine-cleaner-cleaner-forest",
    "name": "Pine O Cleen Gold Washing Machine Cleaner 250mL",
    "image_url": "https://cdn1.woolworths.media/content/wowproductimages/large/296380.jpg",
    "source_id": "Woolworths - 296380",
    "barcode": "9300701452971",
    "category_id": "1_2432B58",
    "shop": "Woolworths",
    "weight": "1L",
    "prices": [
      {
        "state": "NSW",
        "price": "1000",
        "price_per_unit": "4000",
        "price_unit": "L"
      },
      {
        "state": "VIC",
        "price": "1000",
        "price_per_unit": "4000",
        "price_unit": "L"
      },
      {
        "state": "QLD",
        "price": "1000",
        "price_per_unit": "4000",
        "price_unit": "L"
      },
      {
        "state": "WA",
        "price": "1000",
        "price_per_unit": "4000",
        "price_unit": "L"
      },
      {
        "state": "TAS",
        "price": "1000",
        "price_per_unit": "4000",
        "price_unit": "L"
      },
      {
        "state": "ACT",
        "price": "1000",
        "price_per_unit": "4000",
        "price_unit": "L"
      },
      {
        "state": "NT",
        "price": "1050",
        "price_per_unit": "4200",
        "price_unit": "L"
      }
    ]
  },
  {
    "source_url": "https://www.woolworths.com.au/shop/productdetails/215813/pine-o-cleen-laundry-sanitiser-fresh-cotton-laundry-sanitiser",
    "name": "Pine O Cleen Laundry Sanitiser Fresh Cotton 2L",
    "image_url": "https://cdn1.woolworths.media/content/wowproductimages/large/215813.jpg",
    "source_id": "Woolworths - 215813",
    "barcode": "9300701128234",
    "category_id": "1_2432B58",
    "shop": "Woolworths",
    "weight": "1L",
    "prices": [
      {
        "state": "NSW",
        "price": "2250",
        "price_per_unit": "1125",
        "price_unit": "L"
      },
      {
        "state": "VIC",
        "price": "2250",
        "price_per_unit": "1125",
        "price_unit": "L"
      },
      {
        "state": "QLD",
        "price": "2250",
        "price_per_unit": "1125",
        "price_unit": "L"
      },
      {
        "state": "WA",
        "price": "2250",
        "price_per_unit": "1125",
        "price_unit": "L"
      },
      {
        "state": "SA",
        "price": "2250",
        "price_per_unit": "1125",
        "price_unit": "L"
      },
      {
        "state": "TAS",
        "price": "2250",
        "price_per_unit": "1125",
        "price_unit": "L"
      },
      {
        "state": "ACT",
        "price": "2250",
        "price_per_unit": "1125",
        "price_unit": "L"
      },
      {
        "state": "NT",
        "price": "2360",
        "price_per_unit": "1180",
        "price_unit": "L"
      }
    ]
  },
  {
    "source_url": "https://www.woolworths.com.au/shop/productdetails/219222/pine-o-cleen-laundry-sanitiser-odour-active-laundry-sanitiser",
    "name": "Pine O Cleen Laundry Sanitiser Odour Active 2L",
    "image_url": "https://cdn1.woolworths.media/content/wowproductimages/large/219222.jpg",
    "source_id": "Woolworths - 219222",
    "barcode": "9300701128227",
    "category_id": "1_2432B58",
    "shop": "Woolworths",
    "weight": "1L",
    "prices": [
      {
        "state": "NSW",
        "price": "2250",
        "price_per_unit": "1125",
        "price_unit": "L"
      },
      {
        "state": "VIC",
        "price": "2250",
        "price_per_unit": "1125",
        "price_unit": "L"
      },
      {
        "state": "QLD",
        "price": "2250",
        "price_per_unit": "1125",
        "price_unit": "L"
      },
      {
        "state": "WA",
        "price": "2250",
        "price_per_unit": "1125",
        "price_unit": "L"
      },
      {
        "state": "SA",
        "price": "2250",
        "price_per_unit": "1125",
        "price_unit": "L"
      },
      {
        "state": "TAS",
        "price": "2250",
        "price_per_unit": "1125",
        "price_unit": "L"
      },
      {
        "state": "ACT",
        "price": "2250",
        "price_per_unit": "1125",
        "price_unit": "L"
      },
      {
        "state": "NT",
        "price": "2360",
        "price_per_unit": "1180",
        "price_unit": "L"
      }
    ]
  },
  {
    "source_url": "https://www.woolworths.com.au/shop/productdetails/301042/pine-o-cleen-platinum-laundry-sanitiser-floral",
    "name": "Pine O Cleen Platinum Laundry Sanitiser Floral 2L",
    "image_url": "https://cdn1.woolworths.media/content/wowproductimages/large/301042.jpg",
    "source_id": "Woolworths - 301042",
    "barcode": "9300701545925",
    "category_id": "1_2432B58",
    "shop": "Woolworths",
    "weight": "1L",
    "prices": [
      {
        "state": "NSW",
        "price": "2600",
        "price_per_unit": "1300",
        "price_unit": "L"
      },
      {
        "state": "VIC",
        "price": "2600",
        "price_per_unit": "1300",
        "price_unit": "L"
      },
      {
        "state": "QLD",
        "price": "2600",
        "price_per_unit": "1300",
        "price_unit": "L"
      },
      {
        "state": "WA",
        "price": "2600",
        "price_per_unit": "1300",
        "price_unit": "L"
      },
      {
        "state": "SA",
        "price": "2600",
        "price_per_unit": "1300",
        "price_unit": "L"
      },
      {
        "state": "TAS",
        "price": "2600",
        "price_per_unit": "1300",
        "price_unit": "L"
      },
      {
        "state": "ACT",
        "price": "2600",
        "price_per_unit": "1300",
        "price_unit": "L"
      },
      {
        "state": "NT",
        "price": "2730",
        "price_per_unit": "1365",
        "price_unit": "L"
      }
    ]
  },
  {
    "source_url": "https://www.woolworths.com.au/shop/productdetails/296207/pine-o-cleen-platinum-laundry-sanitiser-fresh",
    "name": "Pine O Cleen Platinum Laundry Sanitiser Fresh 2L",
    "image_url": "https://cdn1.woolworths.media/content/wowproductimages/large/296207.jpg",
    "source_id": "Woolworths - 296207",
    "barcode": "9300701545932",
    "category_id": "1_2432B58",
    "shop": "Woolworths",
    "weight": "1L",
    "prices": [
      {
        "state": "NSW",
        "price": "2600",
        "price_per_unit": "1300",
        "price_unit": "L"
      },
      {
        "state": "VIC",
        "price": "2600",
        "price_per_unit": "1300",
        "price_unit": "L"
      },
      {
        "state": "QLD",
        "price": "2600",
        "price_per_unit": "1300",
        "price_unit": "L"
      },
      {
        "state": "WA",
        "price": "2600",
        "price_per_unit": "1300",
        "price_unit": "L"
      },
      {
        "state": "SA",
        "price": "2600",
        "price_per_unit": "1300",
        "price_unit": "L"
      },
      {
        "state": "TAS",
        "price": "2600",
        "price_per_unit": "1300",
        "price_unit": "L"
      },
      {
        "state": "ACT",
        "price": "2600",
        "price_per_unit": "1300",
        "price_unit": "L"
      },
      {
        "state": "NT",
        "price": "2730",
        "price_per_unit": "1365",
        "price_unit": "L"
      }
    ]
  },
  {
    "source_url": "https://www.woolworths.com.au/shop/productdetails/59046/pine-o-cleen-washing-machine-cleaner-lemon-lime",
    "name": "Pine O Cleen Washing Machine Cleaner Lemon Lime 250mL",
    "image_url": "https://cdn1.woolworths.media/content/wowproductimages/large/059046.jpg",
    "source_id": "Woolworths - 59046",
    "barcode": "9300701075071",
    "category_id": "1_2432B58",
    "shop": "Woolworths",
    "weight": "1L",
    "prices": [
      {
        "state": "NSW",
        "price": "800",
        "price_per_unit": "3200",
        "price_unit": "L"
      },
      {
        "state": "VIC",
        "price": "800",
        "price_per_unit": "3200",
        "price_unit": "L"
      },
      {
        "state": "QLD",
        "price": "800",
        "price_per_unit": "3200",
        "price_unit": "L"
      },
      {
        "state": "WA",
        "price": "800",
        "price_per_unit": "3200",
        "price_unit": "L"
      },
      {
        "state": "SA",
        "price": "800",
        "price_per_unit": "3200",
        "price_unit": "L"
      },
      {
        "state": "TAS",
        "price": "800",
        "price_per_unit": "3200",
        "price_unit": "L"
      },
      {
        "state": "ACT",
        "price": "800",
        "price_per_unit": "3200",
        "price_unit": "L"
      },
      {
        "state": "NT",
        "price": "840",
        "price_per_unit": "3360",
        "price_unit": "L"
      }
    ]
  },
  {
    "source_url": "https://www.woolworths.com.au/shop/productdetails/215815/pine-o-cleen-washing-machine-cleaner-twin-machine-cleaner",
    "name": "Pine O Cleen Washing Machine Cleaner Twin 250mL x 2 pack",
    "image_url": "https://cdn1.woolworths.media/content/wowproductimages/large/215815.jpg",
    "source_id": "Woolworths - 215815",
    "barcode": "9300701427948",
    "category_id": "1_2432B58",
    "shop": "Woolworths",
    "weight": "1L",
    "prices": [
      {
        "state": "NSW",
        "price": "1300",
        "price_per_unit": "2600",
        "price_unit": "L"
      },
      {
        "state": "VIC",
        "price": "1300",
        "price_per_unit": "2600",
        "price_unit": "L"
      },
      {
        "state": "QLD",
        "price": "1300",
        "price_per_unit": "2600",
        "price_unit": "L"
      },
      {
        "state": "WA",
        "price": "1300",
        "price_per_unit": "2600",
        "price_unit": "L"
      },
      {
        "state": "SA",
        "price": "1300",
        "price_per_unit": "2600",
        "price_unit": "L"
      },
      {
        "state": "TAS",
        "price": "1300",
        "price_per_unit": "2600",
        "price_unit": "L"
      },
      {
        "state": "ACT",
        "price": "1300",
        "price_per_unit": "2600",
        "price_unit": "L"
      },
      {
        "state": "NT",
        "price": "1300",
        "price_per_unit": "2600",
        "price_unit": "L"
      }
    ]
  },
  {
    "source_url": "https://www.woolworths.com.au/shop/productdetails/94531/rit-dyes-liquid-black",
    "name": "Rit Dyes Liquid Black 236ml",
    "image_url": "https://cdn1.woolworths.media/content/wowproductimages/large/094531.jpg",
    "source_id": "Woolworths - 94531",
    "barcode": "885967881509",
    "category_id": "1_2432B58",
    "shop": "Woolworths",
    "weight": "1L",
    "prices": [
      {
        "state": "NSW",
        "price": "1400",
        "price_per_unit": "5932",
        "price_unit": "L"
      },
      {
        "state": "QLD",
        "price": "1400",
        "price_per_unit": "5932",
        "price_unit": "L"
      },
      {
        "state": "WA",
        "price": "1400",
        "price_per_unit": "5932",
        "price_unit": "L"
      },
      {
        "state": "SA",
        "price": "1400",
        "price_per_unit": "5932",
        "price_unit": "L"
      },
      {
        "state": "TAS",
        "price": "1400",
        "price_per_unit": "5932",
        "price_unit": "L"
      },
      {
        "state": "ACT",
        "price": "1400",
        "price_per_unit": "5932",
        "price_unit": "L"
      },
      {
        "state": "NT",
        "price": "1500",
        "price_per_unit": "6356",
        "price_unit": "L"
      }
    ]
  },
  {
    "source_url": "https://www.woolworths.com.au/shop/productdetails/670546/sard-colour-catcher-prevent-colour-runs-in-the-wash",
    "name": "Sard Colour Catcher Prevent Colour Runs In The Wash 15 Pack",
    "image_url": "https://cdn1.woolworths.media/content/wowproductimages/large/670546.jpg",
    "source_id": "Woolworths - 670546",
    "barcode": "9350376002070",
    "category_id": "1_2432B58",
    "shop": "Woolworths",
    "weight": "1EA",
    "prices": [
      {
        "state": "NSW",
        "price": "400",
        "price_per_unit": "27",
        "price_unit": "EA"
      },
      {
        "state": "VIC",
        "price": "400",
        "price_per_unit": "27",
        "price_unit": "EA"
      },
      {
        "state": "QLD",
        "price": "400",
        "price_per_unit": "27",
        "price_unit": "EA"
      },
      {
        "state": "WA",
        "price": "400",
        "price_per_unit": "27",
        "price_unit": "EA"
      },
      {
        "state": "SA",
        "price": "400",
        "price_per_unit": "27",
        "price_unit": "EA"
      },
      {
        "state": "TAS",
        "price": "400",
        "price_per_unit": "27",
        "price_unit": "EA"
      },
      {
        "state": "ACT",
        "price": "400",
        "price_per_unit": "27",
        "price_unit": "EA"
      },
      {
        "state": "NT",
        "price": "400",
        "price_per_unit": "27",
        "price_unit": "EA"
      }
    ]
  },
  {
    "source_url": "https://www.woolworths.com.au/shop/productdetails/122340/sard-laundry-liquid-sanitiser-antibacterial-disinfectant",
    "name": "Sard Laundry Liquid Sanitiser Antibacterial Disinfectant 1.5l",
    "image_url": "https://cdn1.woolworths.media/content/wowproductimages/large/122340.jpg",
    "source_id": "Woolworths - 122340",
    "barcode": "9350376005033",
    "category_id": "1_2432B58",
    "shop": "Woolworths",
    "weight": "1L",
    "prices": [
      {
        "state": "NSW",
        "price": "1400",
        "price_per_unit": "933",
        "price_unit": "L"
      },
      {
        "state": "VIC",
        "price": "1400",
        "price_per_unit": "933",
        "price_unit": "L"
      },
      {
        "state": "QLD",
        "price": "1400",
        "price_per_unit": "933",
        "price_unit": "L"
      },
      {
        "state": "WA",
        "price": "1400",
        "price_per_unit": "933",
        "price_unit": "L"
      },
      {
        "state": "SA",
        "price": "1400",
        "price_per_unit": "933",
        "price_unit": "L"
      },
      {
        "state": "TAS",
        "price": "1400",
        "price_per_unit": "933",
        "price_unit": "L"
      },
      {
        "state": "ACT",
        "price": "1400",
        "price_per_unit": "933",
        "price_unit": "L"
      },
      {
        "state": "NT",
        "price": "1400",
        "price_per_unit": "933",
        "price_unit": "L"
      }
    ]
  },
  {
    "source_url": "https://www.woolworths.com.au/shop/productdetails/174045/sard-oils-grime-stain-remover-spray",
    "name": "Sard Oils & Grime Stain Remover Spray 420ml",
    "image_url": "https://cdn1.woolworths.media/content/wowproductimages/large/174045.jpg",
    "source_id": "Woolworths - 174045",
    "barcode": "9350376005583",
    "category_id": "1_2432B58",
    "shop": "Woolworths",
    "weight": "1L",
    "prices": [
      {
        "state": "NSW",
        "price": "800",
        "price_per_unit": "1905",
        "price_unit": "L"
      },
      {
        "state": "VIC",
        "price": "800",
        "price_per_unit": "1905",
        "price_unit": "L"
      },
      {
        "state": "QLD",
        "price": "800",
        "price_per_unit": "1905",
        "price_unit": "L"
      },
      {
        "state": "WA",
        "price": "800",
        "price_per_unit": "1905",
        "price_unit": "L"
      },
      {
        "state": "SA",
        "price": "800",
        "price_per_unit": "1905",
        "price_unit": "L"
      },
      {
        "state": "TAS",
        "price": "800",
        "price_per_unit": "1905",
        "price_unit": "L"
      },
      {
        "state": "ACT",
        "price": "800",
        "price_per_unit": "1905",
        "price_unit": "L"
      },
      {
        "state": "NT",
        "price": "800",
        "price_per_unit": "1905",
        "price_unit": "L"
      }
    ]
  },
  {
    "source_url": "https://www.woolworths.com.au/shop/productdetails/174142/sard-power-stain-remover-spray",
    "name": "Sard Power Stain Remover Spray 450ml",
    "image_url": "https://cdn1.woolworths.media/content/wowproductimages/large/174142.jpg",
    "source_id": "Woolworths - 174142",
    "barcode": "9350376005576",
    "category_id": "1_2432B58",
    "shop": "Woolworths",
    "weight": "1L",
    "prices": [
      {
        "state": "NSW",
        "price": "800",
        "price_per_unit": "1778",
        "price_unit": "L"
      },
      {
        "state": "VIC",
        "price": "800",
        "price_per_unit": "1778",
        "price_unit": "L"
      },
      {
        "state": "QLD",
        "price": "800",
        "price_per_unit": "1778",
        "price_unit": "L"
      },
      {
        "state": "WA",
        "price": "800",
        "price_per_unit": "1778",
        "price_unit": "L"
      },
      {
        "state": "SA",
        "price": "800",
        "price_per_unit": "1778",
        "price_unit": "L"
      },
      {
        "state": "TAS",
        "price": "800",
        "price_per_unit": "1778",
        "price_unit": "L"
      },
      {
        "state": "ACT",
        "price": "800",
        "price_per_unit": "1778",
        "price_unit": "L"
      },
      {
        "state": "NT",
        "price": "800",
        "price_per_unit": "1778",
        "price_unit": "L"
      }
    ]
  },
  {
    "source_url": "https://www.woolworths.com.au/shop/productdetails/8476/sard-stain-remover-stick",
    "name": "Sard Stain Remover Stick Each",
    "image_url": "https://cdn1.woolworths.media/content/wowproductimages/large/008476.jpg",
    "source_id": "Woolworths - 8476",
    "barcode": "9350376000755",
    "category_id": "1_2432B58",
    "shop": "Woolworths",
    "weight": "1KG",
    "prices": [
      {
        "state": "NSW",
        "price": "600",
        "price_per_unit": "6000",
        "price_unit": "KG"
      },
      {
        "state": "VIC",
        "price": "600",
        "price_per_unit": "6000",
        "price_unit": "KG"
      },
      {
        "state": "QLD",
        "price": "600",
        "price_per_unit": "6000",
        "price_unit": "KG"
      },
      {
        "state": "WA",
        "price": "600",
        "price_per_unit": "6000",
        "price_unit": "KG"
      },
      {
        "state": "SA",
        "price": "600",
        "price_per_unit": "6000",
        "price_unit": "KG"
      },
      {
        "state": "TAS",
        "price": "600",
        "price_per_unit": "6000",
        "price_unit": "KG"
      },
      {
        "state": "ACT",
        "price": "600",
        "price_per_unit": "6000",
        "price_unit": "KG"
      },
      {
        "state": "NT",
        "price": "630",
        "price_per_unit": "6300",
        "price_unit": "KG"
      }
    ]
  },
  {
    "source_url": "https://www.woolworths.com.au/shop/productdetails/540343/sard-super-power-stain-remover-powder-soaker",
    "name": "Sard Super Power Stain Remover Powder Soaker 1.8kg",
    "image_url": "https://cdn1.woolworths.media/content/wowproductimages/large/540343.jpg",
    "source_id": "Woolworths - 540343",
    "barcode": "9350376000786",
    "category_id": "1_2432B58",
    "shop": "Woolworths",
    "weight": "1KG",
    "prices": [
      {
        "state": "NSW",
        "price": "2000",
        "price_per_unit": "1111",
        "price_unit": "KG"
      },
      {
        "state": "VIC",
        "price": "2000",
        "price_per_unit": "1111",
        "price_unit": "KG"
      },
      {
        "state": "QLD",
        "price": "2000",
        "price_per_unit": "1111",
        "price_unit": "KG"
      },
      {
        "state": "WA",
        "price": "2000",
        "price_per_unit": "1111",
        "price_unit": "KG"
      },
      {
        "state": "SA",
        "price": "2000",
        "price_per_unit": "1111",
        "price_unit": "KG"
      },
      {
        "state": "TAS",
        "price": "2000",
        "price_per_unit": "1111",
        "price_unit": "KG"
      },
      {
        "state": "ACT",
        "price": "2000",
        "price_per_unit": "1111",
        "price_unit": "KG"
      },
      {
        "state": "NT",
        "price": "2000",
        "price_per_unit": "1111",
        "price_unit": "KG"
      }
    ]
  },
  {
    "source_url": "https://www.woolworths.com.au/shop/productdetails/657182/sard-super-power-stain-remover-powder-soaker",
    "name": "Sard Super Power Stain Remover Powder Soaker 900g",
    "image_url": "https://cdn1.woolworths.media/content/wowproductimages/large/657182.jpg",
    "source_id": "Woolworths - 657182",
    "barcode": "9350376002223",
    "category_id": "1_2432B58",
    "shop": "Woolworths",
    "weight": "1KG",
    "prices": [
      {
        "state": "NSW",
        "price": "550",
        "price_per_unit": "611",
        "price_unit": "KG"
      },
      {
        "state": "VIC",
        "price": "550",
        "price_per_unit": "611",
        "price_unit": "KG"
      },
      {
        "state": "QLD",
        "price": "550",
        "price_per_unit": "611",
        "price_unit": "KG"
      },
      {
        "state": "WA",
        "price": "550",
        "price_per_unit": "611",
        "price_unit": "KG"
      },
      {
        "state": "SA",
        "price": "550",
        "price_per_unit": "611",
        "price_unit": "KG"
      },
      {
        "state": "TAS",
        "price": "550",
        "price_per_unit": "611",
        "price_unit": "KG"
      },
      {
        "state": "ACT",
        "price": "550",
        "price_per_unit": "611",
        "price_unit": "KG"
      },
      {
        "state": "NT",
        "price": "570",
        "price_per_unit": "633",
        "price_unit": "KG"
      }
    ]
  },
  {
    "source_url": "https://www.woolworths.com.au/shop/productdetails/173870/sard-super-power-stain-remover-spray",
    "name": "Sard Super Power Stain Remover Spray 420ml",
    "image_url": "https://cdn1.woolworths.media/content/wowproductimages/large/173870.jpg",
    "source_id": "Woolworths - 173870",
    "barcode": "9350376005569",
    "category_id": "1_2432B58",
    "shop": "Woolworths",
    "weight": "1L",
    "prices": [
      {
        "state": "NSW",
        "price": "800",
        "price_per_unit": "1905",
        "price_unit": "L"
      },
      {
        "state": "VIC",
        "price": "800",
        "price_per_unit": "1905",
        "price_unit": "L"
      },
      {
        "state": "QLD",
        "price": "800",
        "price_per_unit": "1905",
        "price_unit": "L"
      },
      {
        "state": "WA",
        "price": "800",
        "price_per_unit": "1905",
        "price_unit": "L"
      },
      {
        "state": "SA",
        "price": "800",
        "price_per_unit": "1905",
        "price_unit": "L"
      },
      {
        "state": "TAS",
        "price": "800",
        "price_per_unit": "1905",
        "price_unit": "L"
      },
      {
        "state": "ACT",
        "price": "800",
        "price_per_unit": "1905",
        "price_unit": "L"
      },
      {
        "state": "NT",
        "price": "800",
        "price_per_unit": "1905",
        "price_unit": "L"
      }
    ]
  },
  {
    "source_url": "https://www.woolworths.com.au/shop/productdetails/173847/sard-super-power-stain-remover-spray-refill",
    "name": "Sard Super Power Stain Remover Spray Refill 420ml",
    "image_url": "https://cdn1.woolworths.media/content/wowproductimages/large/173847.jpg",
    "source_id": "Woolworths - 173847",
    "barcode": "9350376005606",
    "category_id": "1_2432B58",
    "shop": "Woolworths",
    "weight": "1L",
    "prices": [
      {
        "state": "NSW",
        "price": "600",
        "price_per_unit": "1429",
        "price_unit": "L"
      },
      {
        "state": "VIC",
        "price": "600",
        "price_per_unit": "1429",
        "price_unit": "L"
      },
      {
        "state": "QLD",
        "price": "600",
        "price_per_unit": "1429",
        "price_unit": "L"
      },
      {
        "state": "WA",
        "price": "600",
        "price_per_unit": "1429",
        "price_unit": "L"
      },
      {
        "state": "SA",
        "price": "600",
        "price_per_unit": "1429",
        "price_unit": "L"
      },
      {
        "state": "TAS",
        "price": "600",
        "price_per_unit": "1429",
        "price_unit": "L"
      },
      {
        "state": "ACT",
        "price": "600",
        "price_per_unit": "1429",
        "price_unit": "L"
      },
      {
        "state": "NT",
        "price": "630",
        "price_per_unit": "1500",
        "price_unit": "L"
      }
    ]
  },
  {
    "source_url": "https://www.woolworths.com.au/shop/productdetails/132654/sard-washing-machine-cleaner-antibacterial-disinfectant",
    "name": "Sard Washing Machine Cleaner Antibacterial Disinfectant 2 Pack",
    "image_url": "https://cdn1.woolworths.media/content/wowproductimages/large/132654.jpg",
    "source_id": "Woolworths - 132654",
    "barcode": "9350376002124",
    "category_id": "1_2432B58",
    "shop": "Woolworths",
    "weight": "1KG",
    "prices": [
      {
        "state": "NSW",
        "price": "1000",
        "price_per_unit": "6667",
        "price_unit": "KG"
      },
      {
        "state": "VIC",
        "price": "1000",
        "price_per_unit": "6667",
        "price_unit": "KG"
      },
      {
        "state": "QLD",
        "price": "1000",
        "price_per_unit": "6667",
        "price_unit": "KG"
      },
      {
        "state": "WA",
        "price": "1000",
        "price_per_unit": "6667",
        "price_unit": "KG"
      },
      {
        "state": "SA",
        "price": "1000",
        "price_per_unit": "6667",
        "price_unit": "KG"
      },
      {
        "state": "TAS",
        "price": "1000",
        "price_per_unit": "6667",
        "price_unit": "KG"
      },
      {
        "state": "ACT",
        "price": "1000",
        "price_per_unit": "6667",
        "price_unit": "KG"
      },
      {
        "state": "NT",
        "price": "1000",
        "price_per_unit": "6667",
        "price_unit": "KG"
      }
    ]
  },
  {
    "source_url": "https://www.woolworths.com.au/shop/productdetails/766501/sard-whiter-brighter-stain-remover-powder-soaker",
    "name": "Sard Whiter & Brighter Stain Remover Powder Soaker 1kg",
    "image_url": "https://cdn1.woolworths.media/content/wowproductimages/large/766501.jpg",
    "source_id": "Woolworths - 766501",
    "barcode": "9350376000731",
    "category_id": "1_2432B58",
    "shop": "Woolworths",
    "weight": "1KG",
    "prices": [
      {
        "state": "NSW",
        "price": "550",
        "price_per_unit": "550",
        "price_unit": "KG"
      },
      {
        "state": "VIC",
        "price": "550",
        "price_per_unit": "550",
        "price_unit": "KG"
      },
      {
        "state": "QLD",
        "price": "550",
        "price_per_unit": "550",
        "price_unit": "KG"
      },
      {
        "state": "WA",
        "price": "550",
        "price_per_unit": "550",
        "price_unit": "KG"
      },
      {
        "state": "SA",
        "price": "550",
        "price_per_unit": "550",
        "price_unit": "KG"
      },
      {
        "state": "TAS",
        "price": "550",
        "price_per_unit": "550",
        "price_unit": "KG"
      },
      {
        "state": "ACT",
        "price": "550",
        "price_per_unit": "550",
        "price_unit": "KG"
      },
      {
        "state": "NT",
        "price": "570",
        "price_per_unit": "570",
        "price_unit": "KG"
      }
    ]
  },
  {
    "source_url": "https://www.woolworths.com.au/shop/productdetails/612388/sard-whiter-brighter-stain-remover-powder-soaker",
    "name": "Sard Whiter & Brighter Stain Remover Powder Soaker 2kg",
    "image_url": "https://cdn1.woolworths.media/content/wowproductimages/large/612388.jpg",
    "source_id": "Woolworths - 612388",
    "barcode": "9350376000816",
    "category_id": "1_2432B58",
    "shop": "Woolworths",
    "weight": "1KG",
    "prices": [
      {
        "state": "NSW",
        "price": "2000",
        "price_per_unit": "1000",
        "price_unit": "KG"
      },
      {
        "state": "VIC",
        "price": "2000",
        "price_per_unit": "1000",
        "price_unit": "KG"
      },
      {
        "state": "QLD",
        "price": "2000",
        "price_per_unit": "1000",
        "price_unit": "KG"
      },
      {
        "state": "WA",
        "price": "2000",
        "price_per_unit": "1000",
        "price_unit": "KG"
      },
      {
        "state": "SA",
        "price": "2000",
        "price_per_unit": "1000",
        "price_unit": "KG"
      },
      {
        "state": "TAS",
        "price": "2000",
        "price_per_unit": "1000",
        "price_unit": "KG"
      },
      {
        "state": "ACT",
        "price": "2000",
        "price_per_unit": "1000",
        "price_unit": "KG"
      },
      {
        "state": "NT",
        "price": "2000",
        "price_per_unit": "1000",
        "price_unit": "KG"
      }
    ]
  },
  {
    "source_url": "https://www.woolworths.com.au/shop/productdetails/38550/sard-wonder-soap-stain-remover-eucalyptus",
    "name": "Sard Wonder Soap Stain Remover Eucalyptus 125g",
    "image_url": "https://cdn1.woolworths.media/content/wowproductimages/large/038550.jpg",
    "source_id": "Woolworths - 38550",
    "barcode": "9350376000748",
    "category_id": "1_2432B58",
    "shop": "Woolworths",
    "weight": "1KG",
    "prices": [
      {
        "state": "NSW",
        "price": "400",
        "price_per_unit": "3077",
        "price_unit": "KG"
      },
      {
        "state": "VIC",
        "price": "400",
        "price_per_unit": "3077",
        "price_unit": "KG"
      },
      {
        "state": "QLD",
        "price": "400",
        "price_per_unit": "3077",
        "price_unit": "KG"
      },
      {
        "state": "WA",
        "price": "400",
        "price_per_unit": "3077",
        "price_unit": "KG"
      },
      {
        "state": "SA",
        "price": "400",
        "price_per_unit": "3077",
        "price_unit": "KG"
      },
      {
        "state": "TAS",
        "price": "400",
        "price_per_unit": "3077",
        "price_unit": "KG"
      },
      {
        "state": "ACT",
        "price": "400",
        "price_per_unit": "3077",
        "price_unit": "KG"
      },
      {
        "state": "NT",
        "price": "420",
        "price_per_unit": "3231",
        "price_unit": "KG"
      }
    ]
  },
  {
    "source_url": "https://www.woolworths.com.au/shop/productdetails/183940/strike-bleach",
    "name": "Strike Bleach 2l",
    "image_url": "https://cdn1.woolworths.media/content/wowproductimages/large/183940.jpg",
    "source_id": "Woolworths - 183940",
    "barcode": "9339687276493",
    "category_id": "1_2432B58",
    "shop": "Woolworths",
    "weight": "100ML",
    "prices": [
      {
        "state": "NSW",
        "price": "170",
        "price_per_unit": "9",
        "price_unit": "ML"
      },
      {
        "state": "VIC",
        "price": "170",
        "price_per_unit": "9",
        "price_unit": "ML"
      },
      {
        "state": "QLD",
        "price": "170",
        "price_per_unit": "9",
        "price_unit": "ML"
      },
      {
        "state": "WA",
        "price": "170",
        "price_per_unit": "9",
        "price_unit": "ML"
      },
      {
        "state": "SA",
        "price": "170",
        "price_per_unit": "9",
        "price_unit": "ML"
      },
      {
        "state": "TAS",
        "price": "170",
        "price_per_unit": "9",
        "price_unit": "ML"
      },
      {
        "state": "ACT",
        "price": "170",
        "price_per_unit": "9",
        "price_unit": "ML"
      },
      {
        "state": "NT",
        "price": "170",
        "price_per_unit": "9",
        "price_unit": "ML"
      }
    ]
  },
  {
    "source_url": "https://www.woolworths.com.au/shop/productdetails/905203/vanish-degreaser-stain-remover-fabric-stain-remover-spray",
    "name": "Vanish Degreaser Stain Remover 500mL",
    "image_url": "https://cdn1.woolworths.media/content/wowproductimages/large/905203.jpg",
    "source_id": "Woolworths - 905203",
    "barcode": "9300701749279",
    "category_id": "1_2432B58",
    "shop": "Woolworths",
    "weight": "1L",
    "prices": [
      {
        "state": "NSW",
        "price": "900",
        "price_per_unit": "1800",
        "price_unit": "L"
      },
      {
        "state": "VIC",
        "price": "900",
        "price_per_unit": "1800",
        "price_unit": "L"
      },
      {
        "state": "QLD",
        "price": "900",
        "price_per_unit": "1800",
        "price_unit": "L"
      },
      {
        "state": "WA",
        "price": "900",
        "price_per_unit": "1800",
        "price_unit": "L"
      },
      {
        "state": "SA",
        "price": "900",
        "price_per_unit": "1800",
        "price_unit": "L"
      },
      {
        "state": "TAS",
        "price": "900",
        "price_per_unit": "1800",
        "price_unit": "L"
      },
      {
        "state": "ACT",
        "price": "900",
        "price_per_unit": "1800",
        "price_unit": "L"
      },
      {
        "state": "NT",
        "price": "900",
        "price_per_unit": "1800",
        "price_unit": "L"
      }
    ]
  },
  {
    "source_url": "https://www.woolworths.com.au/shop/productdetails/215164/vanish-gold-0-stain-remover-powder-stain-remover-powder",
    "name": "Vanish Gold 0% Stain Remover Powder 2kg",
    "image_url": "https://cdn1.woolworths.media/content/wowproductimages/large/215164.jpg",
    "source_id": "Woolworths - 215164",
    "barcode": "9300701159177",
    "category_id": "1_2432B58",
    "shop": "Woolworths",
    "weight": "1KG",
    "prices": [
      {
        "state": "NSW",
        "price": "3200",
        "price_per_unit": "1600",
        "price_unit": "KG"
      },
      {
        "state": "VIC",
        "price": "3200",
        "price_per_unit": "1600",
        "price_unit": "KG"
      },
      {
        "state": "QLD",
        "price": "3200",
        "price_per_unit": "1600",
        "price_unit": "KG"
      },
      {
        "state": "WA",
        "price": "3200",
        "price_per_unit": "1600",
        "price_unit": "KG"
      },
      {
        "state": "SA",
        "price": "3200",
        "price_per_unit": "1600",
        "price_unit": "KG"
      },
      {
        "state": "TAS",
        "price": "3200",
        "price_per_unit": "1600",
        "price_unit": "KG"
      },
      {
        "state": "ACT",
        "price": "3200",
        "price_per_unit": "1600",
        "price_unit": "KG"
      },
      {
        "state": "NT",
        "price": "3360",
        "price_per_unit": "1680",
        "price_unit": "KG"
      }
    ]
  },
  {
    "source_url": "https://www.woolworths.com.au/shop/productdetails/502077/vanish-gold-pro-stain-remover-powder-powder",
    "name": "Vanish Gold Pro Stain Remover Powder 1kg",
    "image_url": "https://cdn1.woolworths.media/content/wowproductimages/large/502077.jpg",
    "source_id": "Woolworths - 502077",
    "barcode": "9300701837631",
    "category_id": "1_2432B58",
    "shop": "Woolworths",
    "weight": "1KG",
    "prices": [
      {
        "state": "NSW",
        "price": "1500",
        "price_per_unit": "1500",
        "price_unit": "KG"
      },
      {
        "state": "VIC",
        "price": "1500",
        "price_per_unit": "1500",
        "price_unit": "KG"
      },
      {
        "state": "QLD",
        "price": "1500",
        "price_per_unit": "1500",
        "price_unit": "KG"
      },
      {
        "state": "WA",
        "price": "1500",
        "price_per_unit": "1500",
        "price_unit": "KG"
      },
      {
        "state": "SA",
        "price": "1500",
        "price_per_unit": "1500",
        "price_unit": "KG"
      },
      {
        "state": "TAS",
        "price": "1500",
        "price_per_unit": "1500",
        "price_unit": "KG"
      },
      {
        "state": "ACT",
        "price": "1500",
        "price_per_unit": "1500",
        "price_unit": "KG"
      },
      {
        "state": "NT",
        "price": "1570",
        "price_per_unit": "1570",
        "price_unit": "KG"
      }
    ]
  },
  {
    "source_url": "https://www.woolworths.com.au/shop/productdetails/618646/vanish-gold-pro-stain-remover-powder-powder",
    "name": "Vanish Gold Pro Stain Remover Powder 2kg",
    "image_url": "https://cdn1.woolworths.media/content/wowproductimages/large/618646.jpg",
    "source_id": "Woolworths - 618646",
    "barcode": "9300701837648",
    "category_id": "1_2432B58",
    "shop": "Woolworths",
    "weight": "1KG",
    "prices": [
      {
        "state": "NSW",
        "price": "1800",
        "price_per_unit": "900",
        "price_unit": "KG"
      },
      {
        "state": "VIC",
        "price": "1800",
        "price_per_unit": "900",
        "price_unit": "KG"
      },
      {
        "state": "QLD",
        "price": "1800",
        "price_per_unit": "900",
        "price_unit": "KG"
      },
      {
        "state": "WA",
        "price": "1800",
        "price_per_unit": "900",
        "price_unit": "KG"
      },
      {
        "state": "SA",
        "price": "1800",
        "price_per_unit": "900",
        "price_unit": "KG"
      },
      {
        "state": "TAS",
        "price": "1800",
        "price_per_unit": "900",
        "price_unit": "KG"
      },
      {
        "state": "ACT",
        "price": "1800",
        "price_per_unit": "900",
        "price_unit": "KG"
      },
      {
        "state": "NT",
        "price": "1890",
        "price_per_unit": "945",
        "price_unit": "KG"
      }
    ]
  },
  {
    "source_url": "https://www.woolworths.com.au/shop/productdetails/618645/vanish-gold-pro-white-stain-remover-remover",
    "name": "Vanish Gold Pro White Stain Remover 2kg",
    "image_url": "https://cdn1.woolworths.media/content/wowproductimages/large/618645.jpg",
    "source_id": "Woolworths - 618645",
    "barcode": "9300701837617",
    "category_id": "1_2432B58",
    "shop": "Woolworths",
    "weight": "1KG",
    "prices": [
      {
        "state": "NSW",
        "price": "1800",
        "price_per_unit": "900",
        "price_unit": "KG"
      },
      {
        "state": "VIC",
        "price": "1800",
        "price_per_unit": "900",
        "price_unit": "KG"
      },
      {
        "state": "QLD",
        "price": "1800",
        "price_per_unit": "900",
        "price_unit": "KG"
      },
      {
        "state": "WA",
        "price": "1800",
        "price_per_unit": "900",
        "price_unit": "KG"
      },
      {
        "state": "SA",
        "price": "1800",
        "price_per_unit": "900",
        "price_unit": "KG"
      },
      {
        "state": "TAS",
        "price": "1800",
        "price_per_unit": "900",
        "price_unit": "KG"
      },
      {
        "state": "ACT",
        "price": "1800",
        "price_per_unit": "900",
        "price_unit": "KG"
      },
      {
        "state": "NT",
        "price": "1890",
        "price_per_unit": "945",
        "price_unit": "KG"
      }
    ]
  },
  {
    "source_url": "https://www.woolworths.com.au/shop/productdetails/299552/vanish-gold-stain-remover-gel-remover-laundry-booster-gel",
    "name": "Vanish Gold Stain Remover Gel 2L",
    "image_url": "https://cdn1.woolworths.media/content/wowproductimages/large/299552.jpg",
    "source_id": "Woolworths - 299552",
    "barcode": "9300701503420",
    "category_id": "1_2432B58",
    "shop": "Woolworths",
    "weight": "1L",
    "prices": [
      {
        "state": "NSW",
        "price": "3200",
        "price_per_unit": "1600",
        "price_unit": "L"
      },
      {
        "state": "VIC",
        "price": "3200",
        "price_per_unit": "1600",
        "price_unit": "L"
      },
      {
        "state": "QLD",
        "price": "3200",
        "price_per_unit": "1600",
        "price_unit": "L"
      },
      {
        "state": "WA",
        "price": "3200",
        "price_per_unit": "1600",
        "price_unit": "L"
      },
      {
        "state": "SA",
        "price": "3200",
        "price_per_unit": "1600",
        "price_unit": "L"
      },
      {
        "state": "TAS",
        "price": "3200",
        "price_per_unit": "1600",
        "price_unit": "L"
      },
      {
        "state": "ACT",
        "price": "3200",
        "price_per_unit": "1600",
        "price_unit": "L"
      },
      {
        "state": "NT",
        "price": "3360",
        "price_per_unit": "1680",
        "price_unit": "L"
      }
    ]
  },
  {
    "source_url": "https://www.woolworths.com.au/shop/productdetails/215334/vanish-gold-stain-remover-powder-remover-powder",
    "name": "Vanish Gold Stain Remover Powder 1kg",
    "image_url": "https://cdn1.woolworths.media/content/wowproductimages/large/215334.jpg",
    "source_id": "Woolworths - 215334",
    "barcode": "9300701124403",
    "category_id": "1_2432B58",
    "shop": "Woolworths",
    "weight": "1KG",
    "prices": [
      {
        "state": "NSW",
        "price": "1350",
        "price_per_unit": "1350",
        "price_unit": "KG"
      },
      {
        "state": "VIC",
        "price": "1350",
        "price_per_unit": "1350",
        "price_unit": "KG"
      },
      {
        "state": "QLD",
        "price": "1350",
        "price_per_unit": "1350",
        "price_unit": "KG"
      },
      {
        "state": "WA",
        "price": "1350",
        "price_per_unit": "1350",
        "price_unit": "KG"
      },
      {
        "state": "SA",
        "price": "1350",
        "price_per_unit": "1350",
        "price_unit": "KG"
      },
      {
        "state": "TAS",
        "price": "1350",
        "price_per_unit": "1350",
        "price_unit": "KG"
      },
      {
        "state": "ACT",
        "price": "1350",
        "price_per_unit": "1350",
        "price_unit": "KG"
      },
      {
        "state": "NT",
        "price": "1410",
        "price_per_unit": "1410",
        "price_unit": "KG"
      }
    ]
  },
  {
    "source_url": "https://www.woolworths.com.au/shop/productdetails/215125/vanish-gold-stain-remover-powder-remover-powder",
    "name": "Vanish Gold Stain Remover Powder 2kg",
    "image_url": "https://cdn1.woolworths.media/content/wowproductimages/large/215125.jpg",
    "source_id": "Woolworths - 215125",
    "barcode": "9300701124410",
    "category_id": "1_2432B58",
    "shop": "Woolworths",
    "weight": "1KG",
    "prices": [
      {
        "state": "NSW",
        "price": "3200",
        "price_per_unit": "1600",
        "price_unit": "KG"
      },
      {
        "state": "VIC",
        "price": "3200",
        "price_per_unit": "1600",
        "price_unit": "KG"
      },
      {
        "state": "QLD",
        "price": "3200",
        "price_per_unit": "1600",
        "price_unit": "KG"
      },
      {
        "state": "WA",
        "price": "3200",
        "price_per_unit": "1600",
        "price_unit": "KG"
      },
      {
        "state": "SA",
        "price": "3200",
        "price_per_unit": "1600",
        "price_unit": "KG"
      },
      {
        "state": "TAS",
        "price": "3200",
        "price_per_unit": "1600",
        "price_unit": "KG"
      },
      {
        "state": "ACT",
        "price": "3200",
        "price_per_unit": "1600",
        "price_unit": "KG"
      },
      {
        "state": "NT",
        "price": "3360",
        "price_per_unit": "1680",
        "price_unit": "KG"
      }
    ]
  },
  {
    "source_url": "https://www.woolworths.com.au/shop/productdetails/215255/vanish-gold-stain-remover-powder-remover-powder",
    "name": "Vanish Gold Stain Remover Powder 3kg",
    "image_url": "https://cdn1.woolworths.media/content/wowproductimages/large/215255.jpg",
    "source_id": "Woolworths - 215255",
    "barcode": "9300701124427",
    "category_id": "1_2432B58",
    "shop": "Woolworths",
    "weight": "1KG",
    "prices": [
      {
        "state": "NSW",
        "price": "4200",
        "price_per_unit": "1400",
        "price_unit": "KG"
      },
      {
        "state": "VIC",
        "price": "4200",
        "price_per_unit": "1400",
        "price_unit": "KG"
      },
      {
        "state": "QLD",
        "price": "4200",
        "price_per_unit": "1400",
        "price_unit": "KG"
      },
      {
        "state": "WA",
        "price": "4200",
        "price_per_unit": "1400",
        "price_unit": "KG"
      },
      {
        "state": "SA",
        "price": "4200",
        "price_per_unit": "1400",
        "price_unit": "KG"
      },
      {
        "state": "TAS",
        "price": "4200",
        "price_per_unit": "1400",
        "price_unit": "KG"
      },
      {
        "state": "ACT",
        "price": "4200",
        "price_per_unit": "1400",
        "price_unit": "KG"
      },
      {
        "state": "NT",
        "price": "4410",
        "price_per_unit": "1470",
        "price_unit": "KG"
      }
    ]
  },
  {
    "source_url": "https://www.woolworths.com.au/shop/productdetails/59304/vanish-gold-stain-remover-powder-remover-powder",
    "name": "Vanish Gold Stain Remover Powder 500g",
    "image_url": "https://cdn1.woolworths.media/content/wowproductimages/large/059304.jpg",
    "source_id": "Woolworths - 59304",
    "barcode": "9300701708481",
    "category_id": "1_2432B58",
    "shop": "Woolworths",
    "weight": "1KG",
    "prices": [
      {
        "state": "NSW",
        "price": "900",
        "price_per_unit": "1800",
        "price_unit": "KG"
      },
      {
        "state": "VIC",
        "price": "900",
        "price_per_unit": "1800",
        "price_unit": "KG"
      },
      {
        "state": "QLD",
        "price": "900",
        "price_per_unit": "1800",
        "price_unit": "KG"
      },
      {
        "state": "WA",
        "price": "900",
        "price_per_unit": "1800",
        "price_unit": "KG"
      },
      {
        "state": "SA",
        "price": "900",
        "price_per_unit": "1800",
        "price_unit": "KG"
      },
      {
        "state": "TAS",
        "price": "900",
        "price_per_unit": "1800",
        "price_unit": "KG"
      },
      {
        "state": "ACT",
        "price": "900",
        "price_per_unit": "1800",
        "price_unit": "KG"
      },
      {
        "state": "NT",
        "price": "900",
        "price_per_unit": "1800",
        "price_unit": "KG"
      }
    ]
  },
  {
    "source_url": "https://www.woolworths.com.au/shop/productdetails/59044/vanish-gold-stain-remover-spray-remover-spray",
    "name": "Vanish Gold Stain Remover Spray 450mL",
    "image_url": "https://cdn1.woolworths.media/content/wowproductimages/large/059044.jpg",
    "source_id": "Woolworths - 59044",
    "barcode": "9300701066659",
    "category_id": "1_2432B58",
    "shop": "Woolworths",
    "weight": "1L",
    "prices": [
      {
        "state": "NSW",
        "price": "950",
        "price_per_unit": "2111",
        "price_unit": "L"
      },
      {
        "state": "VIC",
        "price": "950",
        "price_per_unit": "2111",
        "price_unit": "L"
      },
      {
        "state": "QLD",
        "price": "950",
        "price_per_unit": "2111",
        "price_unit": "L"
      },
      {
        "state": "WA",
        "price": "950",
        "price_per_unit": "2111",
        "price_unit": "L"
      },
      {
        "state": "SA",
        "price": "950",
        "price_per_unit": "2111",
        "price_unit": "L"
      },
      {
        "state": "TAS",
        "price": "950",
        "price_per_unit": "2111",
        "price_unit": "L"
      },
      {
        "state": "ACT",
        "price": "950",
        "price_per_unit": "2111",
        "price_unit": "L"
      },
      {
        "state": "NT",
        "price": "990",
        "price_per_unit": "2200",
        "price_unit": "L"
      }
    ]
  },
  {
    "source_url": "https://www.woolworths.com.au/shop/productdetails/215632/vanish-gold-white-stain-remover-white-stain-remover-powder",
    "name": "Vanish Gold White Stain Remover 2kg",
    "image_url": "https://cdn1.woolworths.media/content/wowproductimages/large/215632.jpg",
    "source_id": "Woolworths - 215632",
    "barcode": "9300701124441",
    "category_id": "1_2432B58",
    "shop": "Woolworths",
    "weight": "1KG",
    "prices": [
      {
        "state": "NSW",
        "price": "3200",
        "price_per_unit": "1600",
        "price_unit": "KG"
      },
      {
        "state": "VIC",
        "price": "3200",
        "price_per_unit": "1600",
        "price_unit": "KG"
      },
      {
        "state": "WA",
        "price": "3200",
        "price_per_unit": "1600",
        "price_unit": "KG"
      },
      {
        "state": "SA",
        "price": "3200",
        "price_per_unit": "1600",
        "price_unit": "KG"
      },
      {
        "state": "TAS",
        "price": "3200",
        "price_per_unit": "1600",
        "price_unit": "KG"
      },
      {
        "state": "ACT",
        "price": "3200",
        "price_per_unit": "1600",
        "price_unit": "KG"
      },
      {
        "state": "NT",
        "price": "3360",
        "price_per_unit": "1680",
        "price_unit": "KG"
      }
    ]
  },
  {
    "source_url": "https://www.woolworths.com.au/shop/productdetails/179663/vanish-napisan-stain-remover-powder",
    "name": "Vanish Napisan Stain Remover 1kg",
    "image_url": "https://cdn1.woolworths.media/content/wowproductimages/large/179663.jpg",
    "source_id": "Woolworths - 179663",
    "barcode": "9300701084363",
    "category_id": "1_2432B58",
    "shop": "Woolworths",
    "weight": "1KG",
    "prices": [
      {
        "state": "NSW",
        "price": "1150",
        "price_per_unit": "1150",
        "price_unit": "KG"
      },
      {
        "state": "VIC",
        "price": "1150",
        "price_per_unit": "1150",
        "price_unit": "KG"
      },
      {
        "state": "QLD",
        "price": "1150",
        "price_per_unit": "1150",
        "price_unit": "KG"
      },
      {
        "state": "WA",
        "price": "1150",
        "price_per_unit": "1150",
        "price_unit": "KG"
      },
      {
        "state": "SA",
        "price": "1150",
        "price_per_unit": "1150",
        "price_unit": "KG"
      },
      {
        "state": "TAS",
        "price": "1150",
        "price_per_unit": "1150",
        "price_unit": "KG"
      },
      {
        "state": "ACT",
        "price": "1150",
        "price_per_unit": "1150",
        "price_unit": "KG"
      },
      {
        "state": "NT",
        "price": "1210",
        "price_per_unit": "1210",
        "price_unit": "KG"
      }
    ]
  },
  {
    "source_url": "https://www.woolworths.com.au/shop/productdetails/192217/vanish-napisan-stain-remover-powder",
    "name": "Vanish Napisan Stain Remover 2kg",
    "image_url": "https://cdn1.woolworths.media/content/wowproductimages/large/192217.jpg",
    "source_id": "Woolworths - 192217",
    "barcode": "9300701084776",
    "category_id": "1_2432B58",
    "shop": "Woolworths",
    "weight": "1KG",
    "prices": [
      {
        "state": "NSW",
        "price": "1900",
        "price_per_unit": "950",
        "price_unit": "KG"
      },
      {
        "state": "VIC",
        "price": "1900",
        "price_per_unit": "950",
        "price_unit": "KG"
      },
      {
        "state": "WA",
        "price": "1900",
        "price_per_unit": "950",
        "price_unit": "KG"
      },
      {
        "state": "SA",
        "price": "1900",
        "price_per_unit": "950",
        "price_unit": "KG"
      },
      {
        "state": "TAS",
        "price": "1900",
        "price_per_unit": "950",
        "price_unit": "KG"
      },
      {
        "state": "ACT",
        "price": "1900",
        "price_per_unit": "950",
        "price_unit": "KG"
      },
      {
        "state": "NT",
        "price": "1990",
        "price_per_unit": "995",
        "price_unit": "KG"
      }
    ]
  },
  {
    "source_url": "https://www.woolworths.com.au/shop/productdetails/353185/vanish-napisan-white-stain-remover-remover-powder",
    "name": "Vanish Napisan White Stain Remover 2kg",
    "image_url": "https://cdn1.woolworths.media/content/wowproductimages/large/353185.jpg",
    "source_id": "Woolworths - 353185",
    "barcode": "9300701696917",
    "category_id": "1_2432B58",
    "shop": "Woolworths",
    "weight": "1KG",
    "prices": [
      {
        "state": "NSW",
        "price": "1900",
        "price_per_unit": "950",
        "price_unit": "KG"
      },
      {
        "state": "VIC",
        "price": "1900",
        "price_per_unit": "950",
        "price_unit": "KG"
      },
      {
        "state": "WA",
        "price": "1900",
        "price_per_unit": "950",
        "price_unit": "KG"
      },
      {
        "state": "SA",
        "price": "1900",
        "price_per_unit": "950",
        "price_unit": "KG"
      },
      {
        "state": "TAS",
        "price": "1900",
        "price_per_unit": "950",
        "price_unit": "KG"
      },
      {
        "state": "ACT",
        "price": "1900",
        "price_per_unit": "950",
        "price_unit": "KG"
      },
      {
        "state": "NT",
        "price": "1990",
        "price_per_unit": "995",
        "price_unit": "KG"
      }
    ]
  },
  {
    "source_url": "https://www.woolworths.com.au/shop/productdetails/502386/vanish-oxi-stain-remover-spray",
    "name": "Vanish Oxi Stain Remover Spray 500mL",
    "image_url": "https://cdn1.woolworths.media/content/wowproductimages/large/502386.jpg",
    "source_id": "Woolworths - 502386",
    "barcode": "9300701749293",
    "category_id": "1_2432B58",
    "shop": "Woolworths",
    "weight": "1L",
    "prices": [
      {
        "state": "NSW",
        "price": "900",
        "price_per_unit": "1800",
        "price_unit": "L"
      },
      {
        "state": "VIC",
        "price": "900",
        "price_per_unit": "1800",
        "price_unit": "L"
      },
      {
        "state": "QLD",
        "price": "900",
        "price_per_unit": "1800",
        "price_unit": "L"
      },
      {
        "state": "WA",
        "price": "900",
        "price_per_unit": "1800",
        "price_unit": "L"
      },
      {
        "state": "SA",
        "price": "900",
        "price_per_unit": "1800",
        "price_unit": "L"
      },
      {
        "state": "TAS",
        "price": "900",
        "price_per_unit": "1800",
        "price_unit": "L"
      },
      {
        "state": "ACT",
        "price": "900",
        "price_per_unit": "1800",
        "price_unit": "L"
      },
      {
        "state": "NT",
        "price": "900",
        "price_per_unit": "1800",
        "price_unit": "L"
      }
    ]
  },
  {
    "source_url": "https://www.woolworths.com.au/shop/productdetails/909283/walch-antibacterial-laundry-sanitiser-fresh",
    "name": "Walch Antibacterial Laundry Sanitiser Fresh 1.8L",
    "image_url": "https://cdn1.woolworths.media/content/wowproductimages/large/909283.jpg",
    "source_id": "Woolworths - 909283",
    "barcode": "8885010232861",
    "category_id": "1_2432B58",
    "shop": "Woolworths",
    "weight": "1L",
    "prices": [
      {
        "state": "NSW",
        "price": "1100",
        "price_per_unit": "611",
        "price_unit": "L"
      },
      {
        "state": "VIC",
        "price": "1100",
        "price_per_unit": "611",
        "price_unit": "L"
      },
      {
        "state": "QLD",
        "price": "1100",
        "price_per_unit": "611",
        "price_unit": "L"
      },
      {
        "state": "WA",
        "price": "1100",
        "price_per_unit": "611",
        "price_unit": "L"
      },
      {
        "state": "SA",
        "price": "1100",
        "price_per_unit": "611",
        "price_unit": "L"
      },
      {
        "state": "TAS",
        "price": "1100",
        "price_per_unit": "611",
        "price_unit": "L"
      },
      {
        "state": "ACT",
        "price": "1100",
        "price_per_unit": "611",
        "price_unit": "L"
      },
      {
        "state": "NT",
        "price": "1150",
        "price_per_unit": "639",
        "price_unit": "L"
      }
    ]
  },
  {
    "source_url": "https://www.woolworths.com.au/shop/productdetails/32024/white-king-bleach-lemon",
    "name": "White King Bleach Lemon 1.25l",
    "image_url": "https://cdn1.woolworths.media/content/wowproductimages/large/032024.jpg",
    "source_id": "Woolworths - 32024",
    "barcode": "9333441000935",
    "category_id": "1_2432B58",
    "shop": "Woolworths",
    "weight": "1L",
    "prices": [
      {
        "state": "NSW",
        "price": "300",
        "price_per_unit": "240",
        "price_unit": "L"
      },
      {
        "state": "VIC",
        "price": "300",
        "price_per_unit": "240",
        "price_unit": "L"
      },
      {
        "state": "QLD",
        "price": "300",
        "price_per_unit": "240",
        "price_unit": "L"
      },
      {
        "state": "WA",
        "price": "300",
        "price_per_unit": "240",
        "price_unit": "L"
      },
      {
        "state": "SA",
        "price": "300",
        "price_per_unit": "240",
        "price_unit": "L"
      },
      {
        "state": "TAS",
        "price": "300",
        "price_per_unit": "240",
        "price_unit": "L"
      },
      {
        "state": "ACT",
        "price": "300",
        "price_per_unit": "240",
        "price_unit": "L"
      },
      {
        "state": "NT",
        "price": "310",
        "price_per_unit": "248",
        "price_unit": "L"
      }
    ]
  },
  {
    "source_url": "https://www.woolworths.com.au/shop/productdetails/37801/white-king-premium-bleach-lemon",
    "name": "White King Premium Bleach Lemon 2.5L",
    "image_url": "https://cdn1.woolworths.media/content/wowproductimages/large/037801.jpg",
    "source_id": "Woolworths - 37801",
    "barcode": "9333441000973",
    "category_id": "1_2432B58",
    "shop": "Woolworths",
    "weight": "1L",
    "prices": [
      {
        "state": "NSW",
        "price": "480",
        "price_per_unit": "192",
        "price_unit": "L"
      },
      {
        "state": "VIC",
        "price": "480",
        "price_per_unit": "192",
        "price_unit": "L"
      },
      {
        "state": "QLD",
        "price": "480",
        "price_per_unit": "192",
        "price_unit": "L"
      },
      {
        "state": "WA",
        "price": "480",
        "price_per_unit": "192",
        "price_unit": "L"
      },
      {
        "state": "SA",
        "price": "480",
        "price_per_unit": "192",
        "price_unit": "L"
      },
      {
        "state": "TAS",
        "price": "480",
        "price_per_unit": "192",
        "price_unit": "L"
      },
      {
        "state": "ACT",
        "price": "480",
        "price_per_unit": "192",
        "price_unit": "L"
      },
      {
        "state": "NT",
        "price": "500",
        "price_per_unit": "200",
        "price_unit": "L"
      }
    ]
  },
  {
    "source_url": "https://www.woolworths.com.au/shop/productdetails/44100/white-king-premium-bleach-regular",
    "name": "White King Premium Bleach Regular 2.5L",
    "image_url": "https://cdn1.woolworths.media/content/wowproductimages/large/044100.jpg",
    "source_id": "Woolworths - 44100",
    "barcode": "9333441000959",
    "category_id": "1_2432B58",
    "shop": "Woolworths",
    "weight": "1L",
    "prices": [
      {
        "state": "NSW",
        "price": "480",
        "price_per_unit": "192",
        "price_unit": "L"
      },
      {
        "state": "VIC",
        "price": "480",
        "price_per_unit": "192",
        "price_unit": "L"
      },
      {
        "state": "QLD",
        "price": "480",
        "price_per_unit": "192",
        "price_unit": "L"
      },
      {
        "state": "WA",
        "price": "480",
        "price_per_unit": "192",
        "price_unit": "L"
      },
      {
        "state": "SA",
        "price": "480",
        "price_per_unit": "192",
        "price_unit": "L"
      },
      {
        "state": "TAS",
        "price": "480",
        "price_per_unit": "192",
        "price_unit": "L"
      },
      {
        "state": "ACT",
        "price": "480",
        "price_per_unit": "192",
        "price_unit": "L"
      },
      {
        "state": "NT",
        "price": "500",
        "price_per_unit": "200",
        "price_unit": "L"
      }
    ]
  },
  {
    "source_url": "https://www.woolworths.com.au/shop/productdetails/55901/clean-laundry-soaker-in-wash-boost",
    "name": "Clean Laundry Soaker & In Wash Boost 1kg",
    "image_url": "https://cdn1.woolworths.media/content/wowproductimages/large/055901.jpg",
    "source_id": "Woolworths - 55901",
    "barcode": "9300633618360",
    "category_id": "1_2432B58",
    "shop": "Woolworths",
    "weight": "1KG",
    "prices": [
      {
        "state": "VIC",
        "price": "350",
        "price_per_unit": "350",
        "price_unit": "KG"
      },
      {
        "state": "QLD",
        "price": "350",
        "price_per_unit": "350",
        "price_unit": "KG"
      },
      {
        "state": "WA",
        "price": "350",
        "price_per_unit": "350",
        "price_unit": "KG"
      },
      {
        "state": "SA",
        "price": "350",
        "price_per_unit": "350",
        "price_unit": "KG"
      },
      {
        "state": "TAS",
        "price": "350",
        "price_per_unit": "350",
        "price_unit": "KG"
      },
      {
        "state": "ACT",
        "price": "350",
        "price_per_unit": "350",
        "price_unit": "KG"
      },
      {
        "state": "NT",
        "price": "350",
        "price_per_unit": "350",
        "price_unit": "KG"
      }
    ]
  },
  {
    "source_url": "https://www.woolworths.com.au/shop/productdetails/94665/clean-laundry-soap",
    "name": "Clean Laundry Soap 4 Pack",
    "image_url": "https://cdn1.woolworths.media/content/wowproductimages/large/094665.jpg",
    "source_id": "Woolworths - 94665",
    "barcode": "9339687348282",
    "category_id": "1_2432B58",
    "shop": "Woolworths",
    "weight": "1EA",
    "prices": [
      {
        "state": "VIC",
        "price": "280",
        "price_per_unit": "70",
        "price_unit": "EA"
      },
      {
        "state": "QLD",
        "price": "280",
        "price_per_unit": "70",
        "price_unit": "EA"
      },
      {
        "state": "WA",
        "price": "280",
        "price_per_unit": "70",
        "price_unit": "EA"
      },
      {
        "state": "SA",
        "price": "280",
        "price_per_unit": "70",
        "price_unit": "EA"
      },
      {
        "state": "TAS",
        "price": "280",
        "price_per_unit": "70",
        "price_unit": "EA"
      },
      {
        "state": "ACT",
        "price": "280",
        "price_per_unit": "70",
        "price_unit": "EA"
      },
      {
        "state": "NT",
        "price": "280",
        "price_per_unit": "70",
        "price_unit": "EA"
      }
    ]
  },
  {
    "source_url": "https://www.woolworths.com.au/shop/productdetails/184437/clean-ultimate-oil-grime-stain-remover",
    "name": "Clean Ultimate Oil & Grime Stain Remover 750ml",
    "image_url": "https://cdn1.woolworths.media/content/wowproductimages/large/184437.jpg",
    "source_id": "Woolworths - 184437",
    "barcode": "9339687277087",
    "category_id": "1_2432B58",
    "shop": "Woolworths",
    "weight": "1L",
    "prices": [
      {
        "state": "VIC",
        "price": "210",
        "price_per_unit": "280",
        "price_unit": "L"
      },
      {
        "state": "QLD",
        "price": "210",
        "price_per_unit": "280",
        "price_unit": "L"
      },
      {
        "state": "WA",
        "price": "210",
        "price_per_unit": "280",
        "price_unit": "L"
      },
      {
        "state": "SA",
        "price": "210",
        "price_per_unit": "280",
        "price_unit": "L"
      },
      {
        "state": "NT",
        "price": "210",
        "price_per_unit": "280",
        "price_unit": "L"
      }
    ]
  },
  {
    "source_url": "https://www.woolworths.com.au/shop/productdetails/184436/clean-ultimate-oxy-action-stain-remover",
    "name": "Clean Ultimate Oxy Action Stain Remover 750ml",
    "image_url": "https://cdn1.woolworths.media/content/wowproductimages/large/184436.jpg",
    "source_id": "Woolworths - 184436",
    "barcode": "9339687277070",
    "category_id": "1_2432B58",
    "shop": "Woolworths",
    "weight": "1L",
    "prices": [
      {
        "state": "VIC",
        "price": "210",
        "price_per_unit": "280",
        "price_unit": "L"
      },
      {
        "state": "QLD",
        "price": "210",
        "price_per_unit": "280",
        "price_unit": "L"
      },
      {
        "state": "WA",
        "price": "210",
        "price_per_unit": "280",
        "price_unit": "L"
      },
      {
        "state": "SA",
        "price": "210",
        "price_per_unit": "280",
        "price_unit": "L"
      },
      {
        "state": "TAS",
        "price": "210",
        "price_per_unit": "280",
        "price_unit": "L"
      },
      {
        "state": "ACT",
        "price": "210",
        "price_per_unit": "280",
        "price_unit": "L"
      },
      {
        "state": "NT",
        "price": "210",
        "price_per_unit": "280",
        "price_unit": "L"
      }
    ]
  },
  {
    "source_url": "https://www.woolworths.com.au/shop/productdetails/825741/dr-beckmann-colour-safe-colour-run-remover",
    "name": "Dr Beckmann Colour Safe Colour Run Remover 2 Pack",
    "image_url": "https://cdn1.woolworths.media/content/wowproductimages/large/825741.jpg",
    "source_id": "Woolworths - 825741",
    "barcode": "5010287472228",
    "category_id": "1_2432B58",
    "shop": "Woolworths",
    "weight": "1KG",
    "prices": [
      {
        "state": "VIC",
        "price": "700",
        "price_per_unit": "4667",
        "price_unit": "KG"
      },
      {
        "state": "QLD",
        "price": "700",
        "price_per_unit": "4667",
        "price_unit": "KG"
      },
      {
        "state": "WA",
        "price": "700",
        "price_per_unit": "4667",
        "price_unit": "KG"
      },
      {
        "state": "SA",
        "price": "700",
        "price_per_unit": "4667",
        "price_unit": "KG"
      },
      {
        "state": "TAS",
        "price": "700",
        "price_per_unit": "4667",
        "price_unit": "KG"
      },
      {
        "state": "ACT",
        "price": "700",
        "price_per_unit": "4667",
        "price_unit": "KG"
      },
      {
        "state": "NT",
        "price": "700",
        "price_per_unit": "4667",
        "price_unit": "KG"
      }
    ]
  },
  {
    "source_url": "https://www.woolworths.com.au/shop/productdetails/306772/magic-mini-stain-remover",
    "name": "Magic Mini Stain Remover 2 Pack",
    "image_url": "https://cdn1.woolworths.media/content/wowproductimages/large/306772.jpg",
    "source_id": "Woolworths - 306772",
    "barcode": "9312066000537",
    "category_id": "1_2432B58",
    "shop": "Woolworths",
    "weight": "1L",
    "prices": [
      {
        "state": "VIC",
        "price": "990",
        "price_per_unit": "49500",
        "price_unit": "L"
      },
      {
        "state": "QLD",
        "price": "990",
        "price_per_unit": "49500",
        "price_unit": "L"
      },
      {
        "state": "WA",
        "price": "990",
        "price_per_unit": "49500",
        "price_unit": "L"
      },
      {
        "state": "SA",
        "price": "990",
        "price_per_unit": "49500",
        "price_unit": "L"
      },
      {
        "state": "TAS",
        "price": "990",
        "price_per_unit": "49500",
        "price_unit": "L"
      },
      {
        "state": "ACT",
        "price": "990",
        "price_per_unit": "49500",
        "price_unit": "L"
      },
      {
        "state": "NT",
        "price": "1040",
        "price_per_unit": "52000",
        "price_unit": "L"
      }
    ]
  },
  {
    "source_url": "https://www.woolworths.com.au/shop/productdetails/656130/ozkleen-prewash-power-fabric-stain-remover-trigger",
    "name": "OzKleen Prewash Power Fabric Stain Remover Trigger 500mL",
    "image_url": "https://cdn1.woolworths.media/content/wowproductimages/large/656130.jpg",
    "source_id": "Woolworths - 656130",
    "barcode": "803678001443",
    "category_id": "1_2432B58",
    "shop": "Woolworths",
    "weight": "1L",
    "prices": [
      {
        "state": "VIC",
        "price": "700",
        "price_per_unit": "1400",
        "price_unit": "L"
      },
      {
        "state": "NT",
        "price": "730",
        "price_per_unit": "1460",
        "price_unit": "L"
      }
    ]
  },
  {
    "source_url": "https://www.woolworths.com.au/shop/productdetails/232383/sard-power-stain-remover-powder-soaker",
    "name": "Sard Power Stain Remover Powder Soaker 1kg",
    "image_url": "https://cdn1.woolworths.media/content/wowproductimages/large/232383.jpg",
    "source_id": "Woolworths - 232383",
    "barcode": "9350376000717",
    "category_id": "1_2432B58",
    "shop": "Woolworths",
    "weight": "1KG",
    "prices": [
      {
        "state": "VIC",
        "price": "550",
        "price_per_unit": "550",
        "price_unit": "KG"
      },
      {
        "state": "NT",
        "price": "570",
        "price_per_unit": "570",
        "price_unit": "KG"
      }
    ]
  },
  {
    "source_url": "https://www.woolworths.com.au/shop/productdetails/31737/sunlight-laundry-soap",
    "name": "Sunlight Laundry Soap 500g",
    "image_url": "https://cdn1.woolworths.media/content/wowproductimages/large/031737.jpg",
    "source_id": "Woolworths - 31737",
    "barcode": "9333441004049",
    "category_id": "1_2432B58",
    "shop": "Woolworths",
    "weight": "1KG",
    "prices": [
      {
        "state": "VIC",
        "price": "480",
        "price_per_unit": "960",
        "price_unit": "KG"
      },
      {
        "state": "QLD",
        "price": "480",
        "price_per_unit": "960",
        "price_unit": "KG"
      },
      {
        "state": "WA",
        "price": "480",
        "price_per_unit": "960",
        "price_unit": "KG"
      },
      {
        "state": "SA",
        "price": "480",
        "price_per_unit": "960",
        "price_unit": "KG"
      },
      {
        "state": "TAS",
        "price": "480",
        "price_per_unit": "960",
        "price_unit": "KG"
      },
      {
        "state": "ACT",
        "price": "480",
        "price_per_unit": "960",
        "price_unit": "KG"
      },
      {
        "state": "NT",
        "price": "480",
        "price_per_unit": "960",
        "price_unit": "KG"
      }
    ]
  },
  {
    "source_url": "https://www.woolworths.com.au/shop/productdetails/503712/vanish-gold-pro-white-stain-remover-remover",
    "name": "Vanish Gold Pro White Stain Remover 1kg",
    "image_url": "https://cdn1.woolworths.media/content/wowproductimages/large/503712.jpg",
    "source_id": "Woolworths - 503712",
    "barcode": "9300701837624",
    "category_id": "1_2432B58",
    "shop": "Woolworths",
    "weight": "1KG",
    "prices": [
      {
        "state": "VIC",
        "price": "1500",
        "price_per_unit": "1500",
        "price_unit": "KG"
      },
      {
        "state": "QLD",
        "price": "1500",
        "price_per_unit": "1500",
        "price_unit": "KG"
      },
      {
        "state": "WA",
        "price": "1500",
        "price_per_unit": "1500",
        "price_unit": "KG"
      },
      {
        "state": "SA",
        "price": "1500",
        "price_per_unit": "1500",
        "price_unit": "KG"
      },
      {
        "state": "TAS",
        "price": "1500",
        "price_per_unit": "1500",
        "price_unit": "KG"
      },
      {
        "state": "ACT",
        "price": "1500",
        "price_per_unit": "1500",
        "price_unit": "KG"
      },
      {
        "state": "NT",
        "price": "1570",
        "price_per_unit": "1570",
        "price_unit": "KG"
      }
    ]
  },
  {
    "source_url": "https://www.woolworths.com.au/shop/productdetails/503420/vanish-gold-stain-remover-refill-oxi-action-colour-safe",
    "name": "Vanish Gold Stain Remover Refill 500mL",
    "image_url": "https://cdn1.woolworths.media/content/wowproductimages/large/503420.jpg",
    "source_id": "Woolworths - 503420",
    "barcode": "9300701749699",
    "category_id": "1_2432B58",
    "shop": "Woolworths",
    "weight": "1L",
    "prices": [
      {
        "state": "VIC",
        "price": "850",
        "price_per_unit": "1700",
        "price_unit": "L"
      },
      {
        "state": "QLD",
        "price": "850",
        "price_per_unit": "1700",
        "price_unit": "L"
      },
      {
        "state": "WA",
        "price": "850",
        "price_per_unit": "1700",
        "price_unit": "L"
      },
      {
        "state": "SA",
        "price": "850",
        "price_per_unit": "1700",
        "price_unit": "L"
      },
      {
        "state": "TAS",
        "price": "850",
        "price_per_unit": "1700",
        "price_unit": "L"
      },
      {
        "state": "ACT",
        "price": "850",
        "price_per_unit": "1700",
        "price_unit": "L"
      },
      {
        "state": "NT",
        "price": "890",
        "price_per_unit": "1780",
        "price_unit": "L"
      }
    ]
  },
  {
    "source_url": "https://www.woolworths.com.au/shop/productdetails/219271/white-king-detergent-bleach",
    "name": "White King Detergent Bleach 1.25l",
    "image_url": "https://cdn1.woolworths.media/content/wowproductimages/large/219271.jpg",
    "source_id": "Woolworths - 219271",
    "barcode": "9333441013270",
    "category_id": "1_2432B58",
    "shop": "Woolworths",
    "weight": "1L",
    "prices": [
      {
        "state": "VIC",
        "price": "500",
        "price_per_unit": "400",
        "price_unit": "L"
      },
      {
        "state": "QLD",
        "price": "500",
        "price_per_unit": "400",
        "price_unit": "L"
      },
      {
        "state": "WA",
        "price": "500",
        "price_per_unit": "400",
        "price_unit": "L"
      },
      {
        "state": "SA",
        "price": "500",
        "price_per_unit": "400",
        "price_unit": "L"
      },
      {
        "state": "TAS",
        "price": "500",
        "price_per_unit": "400",
        "price_unit": "L"
      },
      {
        "state": "ACT",
        "price": "500",
        "price_per_unit": "400",
        "price_unit": "L"
      },
      {
        "state": "NT",
        "price": "500",
        "price_per_unit": "400",
        "price_unit": "L"
      }
    ]
  },
  {
    "source_url": "https://www.woolworths.com.au/shop/productdetails/180334/white-king-fabric-stain-lift",
    "name": "White King Fabric Stain Lift 500ml",
    "image_url": "https://cdn1.woolworths.media/content/wowproductimages/large/180334.jpg",
    "source_id": "Woolworths - 180334",
    "barcode": "9333441012266",
    "category_id": "1_2432B58",
    "shop": "Woolworths",
    "weight": "1L",
    "prices": [
      {
        "state": "VIC",
        "price": "500",
        "price_per_unit": "1000",
        "price_unit": "L"
      },
      {
        "state": "QLD",
        "price": "500",
        "price_per_unit": "1000",
        "price_unit": "L"
      },
      {
        "state": "WA",
        "price": "500",
        "price_per_unit": "1000",
        "price_unit": "L"
      },
      {
        "state": "SA",
        "price": "500",
        "price_per_unit": "1000",
        "price_unit": "L"
      },
      {
        "state": "TAS",
        "price": "500",
        "price_per_unit": "1000",
        "price_unit": "L"
      },
      {
        "state": "ACT",
        "price": "500",
        "price_per_unit": "1000",
        "price_unit": "L"
      },
      {
        "state": "NT",
        "price": "500",
        "price_per_unit": "1000",
        "price_unit": "L"
      }
    ]
  },
  {
    "source_url": "https://www.woolworths.com.au/shop/productdetails/336045/white-king-inwash-soaker-oxy-lift-booster",
    "name": "White King Inwash & Soaker Oxy Lift Booster 2kg",
    "image_url": "https://cdn1.woolworths.media/content/wowproductimages/large/336045.jpg",
    "source_id": "Woolworths - 336045",
    "barcode": "9300636019782",
    "category_id": "1_2432B58",
    "shop": "Woolworths",
    "weight": "1KG",
    "prices": [
      {
        "state": "VIC",
        "price": "1100",
        "price_per_unit": "550",
        "price_unit": "KG"
      },
      {
        "state": "NT",
        "price": "1100",
        "price_per_unit": "550",
        "price_unit": "KG"
      }
    ]
  },
  {
    "source_url": "https://www.woolworths.com.au/shop/productdetails/905041/bloody-awesome-laundry-stain-odour-remover",
    "name": "Bloody Awesome Laundry Stain & Odour Remover 500g",
    "image_url": "https://cdn1.woolworths.media/content/wowproductimages/large/905041.jpg",
    "source_id": "Woolworths - 905041",
    "barcode": "9309000850006",
    "category_id": "1_2432B58",
    "shop": "Woolworths",
    "weight": "1KG",
    "prices": [
      {
        "state": "QLD",
        "price": "960",
        "price_per_unit": "1920",
        "price_unit": "KG"
      },
      {
        "state": "WA",
        "price": "960",
        "price_per_unit": "1920",
        "price_unit": "KG"
      },
      {
        "state": "SA",
        "price": "960",
        "price_per_unit": "1920",
        "price_unit": "KG"
      },
      {
        "state": "TAS",
        "price": "960",
        "price_per_unit": "1920",
        "price_unit": "KG"
      },
      {
        "state": "ACT",
        "price": "960",
        "price_per_unit": "1920",
        "price_unit": "KG"
      }
    ]
  }
]