[
  {
    "source_url": "https://www.woolworths.com.au/shop/productdetails/954610/bio-cheese-dairy-free-cheddar-block",
    "name": "Bio Cheese Dairy Free Cheddar Block 200g",
    "image_url": "https://cdn1.woolworths.media/content/wowproductimages/large/954610.jpg",
    "source_id": "Woolworths - 954610",
    "barcode": "9348204000060",
    "shop": "Woolworths",
    "weight": "1KG",
    "prices": [
      {
        "state": "NSW",
        "price": "700",
        "price_per_unit": "3500",
        "price_unit": "KG"
      },
      {
        "state": "NSW",
        "price": "700",
        "price_per_unit": "3500",
        "price_unit": "KG"
      },
      {
        "state": "VIC",
        "price": "700",
        "price_per_unit": "3500",
        "price_unit": "KG"
      },
      {
        "state": "VIC",
        "price": "700",
        "price_per_unit": "3500",
        "price_unit": "KG"
      },
      {
        "state": "QLD",
        "price": "700",
        "price_per_unit": "3500",
        "price_unit": "KG"
      },
      {
        "state": "QLD",
        "price": "700",
        "price_per_unit": "3500",
        "price_unit": "KG"
      },
      {
        "state": "WA",
        "price": "700",
        "price_per_unit": "3500",
        "price_unit": "KG"
      },
      {
        "state": "WA",
        "price": "700",
        "price_per_unit": "3500",
        "price_unit": "KG"
      },
      {
        "state": "SA",
        "price": "700",
        "price_per_unit": "3500",
        "price_unit": "KG"
      },
      {
        "state": "SA",
        "price": "700",
        "price_per_unit": "3500",
        "price_unit": "KG"
      },
      {
        "state": "TAS",
        "price": "700",
        "price_per_unit": "3500",
        "price_unit": "KG"
      },
      {
        "state": "TAS",
        "price": "700",
        "price_per_unit": "3500",
        "price_unit": "KG"
      },
      {
        "state": "ACT",
        "price": "700",
        "price_per_unit": "3500",
        "price_unit": "KG"
      },
      {
        "state": "ACT",
        "price": "700",
        "price_per_unit": "3500",
        "price_unit": "KG"
      },
      {
        "state": "NT",
        "price": "700",
        "price_per_unit": "3500",
        "price_unit": "KG"
      },
      {
        "state": "NT",
        "price": "700",
        "price_per_unit": "3500",
        "price_unit": "KG"
      }
    ]
  },
  {
    "source_url": "https://www.woolworths.com.au/shop/productdetails/954528/bio-cheese-dairy-free-cheddar-slices",
    "name": "Bio Cheese Dairy Free Cheddar Slices 200g",
    "image_url": "https://cdn1.woolworths.media/content/wowproductimages/large/954528.jpg",
    "source_id": "Woolworths - 954528",
    "barcode": "9348204000084",
    "shop": "Woolworths",
    "weight": "1KG",
    "prices": [
      {
        "state": "NSW",
        "price": "700",
        "price_per_unit": "3500",
        "price_unit": "KG"
      },
      {
        "state": "NSW",
        "price": "700",
        "price_per_unit": "3500",
        "price_unit": "KG"
      },
      {
        "state": "VIC",
        "price": "700",
        "price_per_unit": "3500",
        "price_unit": "KG"
      },
      {
        "state": "VIC",
        "price": "700",
        "price_per_unit": "3500",
        "price_unit": "KG"
      },
      {
        "state": "QLD",
        "price": "700",
        "price_per_unit": "3500",
        "price_unit": "KG"
      },
      {
        "state": "QLD",
        "price": "700",
        "price_per_unit": "3500",
        "price_unit": "KG"
      },
      {
        "state": "WA",
        "price": "700",
        "price_per_unit": "3500",
        "price_unit": "KG"
      },
      {
        "state": "WA",
        "price": "700",
        "price_per_unit": "3500",
        "price_unit": "KG"
      },
      {
        "state": "SA",
        "price": "700",
        "price_per_unit": "3500",
        "price_unit": "KG"
      },
      {
        "state": "SA",
        "price": "700",
        "price_per_unit": "3500",
        "price_unit": "KG"
      },
      {
        "state": "TAS",
        "price": "700",
        "price_per_unit": "3500",
        "price_unit": "KG"
      },
      {
        "state": "TAS",
        "price": "700",
        "price_per_unit": "3500",
        "price_unit": "KG"
      },
      {
        "state": "ACT",
        "price": "700",
        "price_per_unit": "3500",
        "price_unit": "KG"
      },
      {
        "state": "ACT",
        "price": "700",
        "price_per_unit": "3500",
        "price_unit": "KG"
      },
      {
        "state": "NT",
        "price": "700",
        "price_per_unit": "3500",
        "price_unit": "KG"
      },
      {
        "state": "NT",
        "price": "700",
        "price_per_unit": "3500",
        "price_unit": "KG"
      }
    ]
  },
  {
    "source_url": "https://www.woolworths.com.au/shop/productdetails/679072/bio-cheese-dairy-free-feta",
    "name": "Bio Cheese Dairy Free Feta 200g",
    "image_url": "https://cdn1.woolworths.media/content/wowproductimages/large/679072.jpg",
    "source_id": "Woolworths - 679072",
    "barcode": "9348204000220",
    "shop": "Woolworths",
    "weight": "1KG",
    "prices": [
      {
        "state": "NSW",
        "price": "700",
        "price_per_unit": "3500",
        "price_unit": "KG"
      },
      {
        "state": "NSW",
        "price": "700",
        "price_per_unit": "3500",
        "price_unit": "KG"
      },
      {
        "state": "VIC",
        "price": "700",
        "price_per_unit": "3500",
        "price_unit": "KG"
      },
      {
        "state": "VIC",
        "price": "700",
        "price_per_unit": "3500",
        "price_unit": "KG"
      },
      {
        "state": "QLD",
        "price": "700",
        "price_per_unit": "3500",
        "price_unit": "KG"
      },
      {
        "state": "QLD",
        "price": "700",
        "price_per_unit": "3500",
        "price_unit": "KG"
      },
      {
        "state": "WA",
        "price": "700",
        "price_per_unit": "3500",
        "price_unit": "KG"
      },
      {
        "state": "WA",
        "price": "700",
        "price_per_unit": "3500",
        "price_unit": "KG"
      },
      {
        "state": "SA",
        "price": "700",
        "price_per_unit": "3500",
        "price_unit": "KG"
      },
      {
        "state": "SA",
        "price": "700",
        "price_per_unit": "3500",
        "price_unit": "KG"
      },
      {
        "state": "TAS",
        "price": "700",
        "price_per_unit": "3500",
        "price_unit": "KG"
      },
      {
        "state": "TAS",
        "price": "700",
        "price_per_unit": "3500",
        "price_unit": "KG"
      },
      {
        "state": "ACT",
        "price": "700",
        "price_per_unit": "3500",
        "price_unit": "KG"
      },
      {
        "state": "ACT",
        "price": "700",
        "price_per_unit": "3500",
        "price_unit": "KG"
      },
      {
        "state": "NT",
        "price": "700",
        "price_per_unit": "3500",
        "price_unit": "KG"
      },
      {
        "state": "NT",
        "price": "700",
        "price_per_unit": "3500",
        "price_unit": "KG"
      }
    ]
  },
  {
    "source_url": "https://www.woolworths.com.au/shop/productdetails/678734/bio-cheese-dairy-free-pizza-shred",
    "name": "Bio Cheese Dairy Free Pizza Shred 200g",
    "image_url": "https://cdn1.woolworths.media/content/wowproductimages/large/678734.jpg",
    "source_id": "Woolworths - 678734",
    "barcode": "9348204000138",
    "shop": "Woolworths",
    "weight": "1KG",
    "prices": [
      {
        "state": "NSW",
        "price": "900",
        "price_per_unit": "4500",
        "price_unit": "KG"
      },
      {
        "state": "NSW",
        "price": "900",
        "price_per_unit": "4500",
        "price_unit": "KG"
      },
      {
        "state": "VIC",
        "price": "900",
        "price_per_unit": "4500",
        "price_unit": "KG"
      },
      {
        "state": "VIC",
        "price": "900",
        "price_per_unit": "4500",
        "price_unit": "KG"
      },
      {
        "state": "QLD",
        "price": "900",
        "price_per_unit": "4500",
        "price_unit": "KG"
      },
      {
        "state": "QLD",
        "price": "900",
        "price_per_unit": "4500",
        "price_unit": "KG"
      },
      {
        "state": "WA",
        "price": "900",
        "price_per_unit": "4500",
        "price_unit": "KG"
      },
      {
        "state": "WA",
        "price": "900",
        "price_per_unit": "4500",
        "price_unit": "KG"
      },
      {
        "state": "SA",
        "price": "900",
        "price_per_unit": "4500",
        "price_unit": "KG"
      },
      {
        "state": "SA",
        "price": "900",
        "price_per_unit": "4500",
        "price_unit": "KG"
      },
      {
        "state": "ACT",
        "price": "900",
        "price_per_unit": "4500",
        "price_unit": "KG"
      },
      {
        "state": "ACT",
        "price": "900",
        "price_per_unit": "4500",
        "price_unit": "KG"
      },
      {
        "state": "NT",
        "price": "900",
        "price_per_unit": "4500",
        "price_unit": "KG"
      },
      {
        "state": "NT",
        "price": "900",
        "price_per_unit": "4500",
        "price_unit": "KG"
      }
    ]
  },
  {
    "source_url": "https://www.woolworths.com.au/shop/productdetails/107323/bio-dairy-free-cheese-spread",
    "name": "Bio Dairy Free Cheese Spread 150g",
    "image_url": "https://cdn1.woolworths.media/content/wowproductimages/large/107323.jpg",
    "source_id": "Woolworths - 107323",
    "barcode": "9348204000237",
    "shop": "Woolworths",
    "weight": "1KG",
    "prices": [
      {
        "state": "NSW",
        "price": "600",
        "price_per_unit": "4000",
        "price_unit": "KG"
      },
      {
        "state": "NSW",
        "price": "600",
        "price_per_unit": "4000",
        "price_unit": "KG"
      },
      {
        "state": "VIC",
        "price": "600",
        "price_per_unit": "4000",
        "price_unit": "KG"
      },
      {
        "state": "VIC",
        "price": "600",
        "price_per_unit": "4000",
        "price_unit": "KG"
      },
      {
        "state": "QLD",
        "price": "600",
        "price_per_unit": "4000",
        "price_unit": "KG"
      },
      {
        "state": "QLD",
        "price": "600",
        "price_per_unit": "4000",
        "price_unit": "KG"
      },
      {
        "state": "WA",
        "price": "600",
        "price_per_unit": "4000",
        "price_unit": "KG"
      },
      {
        "state": "WA",
        "price": "600",
        "price_per_unit": "4000",
        "price_unit": "KG"
      },
      {
        "state": "SA",
        "price": "600",
        "price_per_unit": "4000",
        "price_unit": "KG"
      },
      {
        "state": "SA",
        "price": "600",
        "price_per_unit": "4000",
        "price_unit": "KG"
      },
      {
        "state": "TAS",
        "price": "600",
        "price_per_unit": "4000",
        "price_unit": "KG"
      },
      {
        "state": "TAS",
        "price": "600",
        "price_per_unit": "4000",
        "price_unit": "KG"
      },
      {
        "state": "ACT",
        "price": "600",
        "price_per_unit": "4000",
        "price_unit": "KG"
      },
      {
        "state": "ACT",
        "price": "600",
        "price_per_unit": "4000",
        "price_unit": "KG"
      },
      {
        "state": "NT",
        "price": "600",
        "price_per_unit": "4000",
        "price_unit": "KG"
      },
      {
        "state": "NT",
        "price": "600",
        "price_per_unit": "4000",
        "price_unit": "KG"
      }
    ]
  },
  {
    "source_url": "https://www.woolworths.com.au/shop/productdetails/627088/evergreen-hard-tofu",
    "name": "Evergreen Hard Tofu 300g",
    "image_url": "https://cdn1.woolworths.media/content/wowproductimages/large/627088.jpg",
    "source_id": "Woolworths - 627088",
    "barcode": "9323536720015",
    "shop": "Woolworths",
    "weight": "1KG",
    "prices": [
      {
        "state": "NSW",
        "price": "500",
        "price_per_unit": "1667",
        "price_unit": "KG"
      },
      {
        "state": "NSW",
        "price": "500",
        "price_per_unit": "1667",
        "price_unit": "KG"
      },
      {
        "state": "VIC",
        "price": "500",
        "price_per_unit": "1667",
        "price_unit": "KG"
      },
      {
        "state": "VIC",
        "price": "500",
        "price_per_unit": "1667",
        "price_unit": "KG"
      },
      {
        "state": "QLD",
        "price": "500",
        "price_per_unit": "1667",
        "price_unit": "KG"
      },
      {
        "state": "QLD",
        "price": "500",
        "price_per_unit": "1667",
        "price_unit": "KG"
      },
      {
        "state": "WA",
        "price": "500",
        "price_per_unit": "1667",
        "price_unit": "KG"
      },
      {
        "state": "WA",
        "price": "500",
        "price_per_unit": "1667",
        "price_unit": "KG"
      },
      {
        "state": "SA",
        "price": "500",
        "price_per_unit": "1667",
        "price_unit": "KG"
      },
      {
        "state": "SA",
        "price": "500",
        "price_per_unit": "1667",
        "price_unit": "KG"
      },
      {
        "state": "NT",
        "price": "500",
        "price_per_unit": "1667",
        "price_unit": "KG"
      },
      {
        "state": "NT",
        "price": "500",
        "price_per_unit": "1667",
        "price_unit": "KG"
      }
    ]
  },
  {
    "source_url": "https://www.woolworths.com.au/shop/productdetails/394509/imber-s-pantry-fresh-mozzarella-in-brine",
    "name": "Imber's Pantry Fresh Mozzarella In Brine 200g",
    "image_url": "https://cdn1.woolworths.media/content/wowproductimages/large/394509.jpg",
    "source_id": "Woolworths - 394509",
    "barcode": "9309000839001",
    "shop": "Woolworths",
    "weight": "1KG",
    "prices": [
      {
        "state": "NSW",
        "price": "700",
        "price_per_unit": "3500",
        "price_unit": "KG"
      },
      {
        "state": "NSW",
        "price": "700",
        "price_per_unit": "3500",
        "price_unit": "KG"
      },
      {
        "state": "VIC",
        "price": "700",
        "price_per_unit": "3500",
        "price_unit": "KG"
      },
      {
        "state": "VIC",
        "price": "700",
        "price_per_unit": "3500",
        "price_unit": "KG"
      },
      {
        "state": "QLD",
        "price": "700",
        "price_per_unit": "3500",
        "price_unit": "KG"
      },
      {
        "state": "QLD",
        "price": "700",
        "price_per_unit": "3500",
        "price_unit": "KG"
      },
      {
        "state": "WA",
        "price": "700",
        "price_per_unit": "3500",
        "price_unit": "KG"
      },
      {
        "state": "WA",
        "price": "700",
        "price_per_unit": "3500",
        "price_unit": "KG"
      },
      {
        "state": "SA",
        "price": "700",
        "price_per_unit": "3500",
        "price_unit": "KG"
      },
      {
        "state": "SA",
        "price": "700",
        "price_per_unit": "3500",
        "price_unit": "KG"
      },
      {
        "state": "ACT",
        "price": "700",
        "price_per_unit": "3500",
        "price_unit": "KG"
      },
      {
        "state": "ACT",
        "price": "700",
        "price_per_unit": "3500",
        "price_unit": "KG"
      },
      {
        "state": "NT",
        "price": "700",
        "price_per_unit": "3500",
        "price_unit": "KG"
      },
      {
        "state": "NT",
        "price": "700",
        "price_per_unit": "3500",
        "price_unit": "KG"
      }
    ]
  },
  {
    "source_url": "https://www.woolworths.com.au/shop/productdetails/198284/impossible-plant-based-beef-burger",
    "name": "Impossible Plant Based Beef Burger 227g",
    "image_url": "https://cdn1.woolworths.media/content/wowproductimages/large/198284.jpg",
    "source_id": "Woolworths - 198284",
    "barcode": "1220000340015",
    "shop": "Woolworths",
    "weight": "1KG",
    "prices": [
      {
        "state": "NSW",
        "price": "835",
        "price_per_unit": "3678",
        "price_unit": "KG"
      },
      {
        "state": "NSW",
        "price": "835",
        "price_per_unit": "3678",
        "price_unit": "KG"
      },
      {
        "state": "QLD",
        "price": "835",
        "price_per_unit": "3678",
        "price_unit": "KG"
      },
      {
        "state": "QLD",
        "price": "835",
        "price_per_unit": "3678",
        "price_unit": "KG"
      },
      {
        "state": "WA",
        "price": "835",
        "price_per_unit": "3678",
        "price_unit": "KG"
      },
      {
        "state": "WA",
        "price": "835",
        "price_per_unit": "3678",
        "price_unit": "KG"
      },
      {
        "state": "SA",
        "price": "835",
        "price_per_unit": "3678",
        "price_unit": "KG"
      },
      {
        "state": "SA",
        "price": "835",
        "price_per_unit": "3678",
        "price_unit": "KG"
      }
    ]
  },
  {
    "source_url": "https://www.woolworths.com.au/shop/productdetails/198332/impossible-plant-based-beef-mince",
    "name": "Impossible Plant Based Beef Mince 340g",
    "image_url": "https://cdn1.woolworths.media/content/wowproductimages/large/198332.jpg",
    "source_id": "Woolworths - 198332",
    "barcode": "1220000340008",
    "shop": "Woolworths",
    "weight": "1KG",
    "prices": [
      {
        "state": "NSW",
        "price": "1035",
        "price_per_unit": "3044",
        "price_unit": "KG"
      },
      {
        "state": "NSW",
        "price": "1035",
        "price_per_unit": "3044",
        "price_unit": "KG"
      },
      {
        "state": "QLD",
        "price": "1035",
        "price_per_unit": "3044",
        "price_unit": "KG"
      },
      {
        "state": "QLD",
        "price": "1035",
        "price_per_unit": "3044",
        "price_unit": "KG"
      },
      {
        "state": "WA",
        "price": "1035",
        "price_per_unit": "3044",
        "price_unit": "KG"
      },
      {
        "state": "WA",
        "price": "1035",
        "price_per_unit": "3044",
        "price_unit": "KG"
      },
      {
        "state": "SA",
        "price": "1035",
        "price_per_unit": "3044",
        "price_unit": "KG"
      },
      {
        "state": "SA",
        "price": "1035",
        "price_per_unit": "3044",
        "price_unit": "KG"
      },
      {
        "state": "NT",
        "price": "1035",
        "price_per_unit": "3044",
        "price_unit": "KG"
      },
      {
        "state": "NT",
        "price": "1035",
        "price_per_unit": "3044",
        "price_unit": "KG"
      }
    ]
  },
  {
    "source_url": "https://www.woolworths.com.au/shop/productdetails/695085/macro-classic-tofu-regular",
    "name": "Macro Classic Tofu Regular 300g",
    "image_url": "https://cdn1.woolworths.media/content/wowproductimages/large/695085.jpg",
    "source_id": "Woolworths - 695085",
    "barcode": "9300633324704",
    "shop": "Woolworths",
    "weight": "1KG",
    "prices": [
      {
        "state": "NSW",
        "price": "230",
        "price_per_unit": "767",
        "price_unit": "KG"
      },
      {
        "state": "NSW",
        "price": "230",
        "price_per_unit": "767",
        "price_unit": "KG"
      },
      {
        "state": "VIC",
        "price": "230",
        "price_per_unit": "767",
        "price_unit": "KG"
      },
      {
        "state": "VIC",
        "price": "230",
        "price_per_unit": "767",
        "price_unit": "KG"
      },
      {
        "state": "QLD",
        "price": "230",
        "price_per_unit": "767",
        "price_unit": "KG"
      },
      {
        "state": "QLD",
        "price": "230",
        "price_per_unit": "767",
        "price_unit": "KG"
      },
      {
        "state": "WA",
        "price": "230",
        "price_per_unit": "767",
        "price_unit": "KG"
      },
      {
        "state": "WA",
        "price": "230",
        "price_per_unit": "767",
        "price_unit": "KG"
      },
      {
        "state": "SA",
        "price": "230",
        "price_per_unit": "767",
        "price_unit": "KG"
      },
      {
        "state": "SA",
        "price": "230",
        "price_per_unit": "767",
        "price_unit": "KG"
      },
      {
        "state": "TAS",
        "price": "230",
        "price_per_unit": "767",
        "price_unit": "KG"
      },
      {
        "state": "TAS",
        "price": "230",
        "price_per_unit": "767",
        "price_unit": "KG"
      },
      {
        "state": "ACT",
        "price": "230",
        "price_per_unit": "767",
        "price_unit": "KG"
      },
      {
        "state": "ACT",
        "price": "230",
        "price_per_unit": "767",
        "price_unit": "KG"
      },
      {
        "state": "NT",
        "price": "230",
        "price_per_unit": "767",
        "price_unit": "KG"
      },
      {
        "state": "NT",
        "price": "230",
        "price_per_unit": "767",
        "price_unit": "KG"
      }
    ]
  },
  {
    "source_url": "https://www.woolworths.com.au/shop/productdetails/695086/macro-classic-tofu-regular-firmness",
    "name": "Macro Classic Tofu Regular Firmness 500g",
    "image_url": "https://cdn1.woolworths.media/content/wowproductimages/large/695086.jpg",
    "source_id": "Woolworths - 695086",
    "barcode": "9300633324711",
    "shop": "Woolworths",
    "weight": "1KG",
    "prices": [
      {
        "state": "NSW",
        "price": "450",
        "price_per_unit": "900",
        "price_unit": "KG"
      },
      {
        "state": "NSW",
        "price": "450",
        "price_per_unit": "900",
        "price_unit": "KG"
      },
      {
        "state": "VIC",
        "price": "450",
        "price_per_unit": "900",
        "price_unit": "KG"
      },
      {
        "state": "VIC",
        "price": "450",
        "price_per_unit": "900",
        "price_unit": "KG"
      },
      {
        "state": "QLD",
        "price": "450",
        "price_per_unit": "900",
        "price_unit": "KG"
      },
      {
        "state": "QLD",
        "price": "450",
        "price_per_unit": "900",
        "price_unit": "KG"
      },
      {
        "state": "WA",
        "price": "450",
        "price_per_unit": "900",
        "price_unit": "KG"
      },
      {
        "state": "WA",
        "price": "450",
        "price_per_unit": "900",
        "price_unit": "KG"
      },
      {
        "state": "SA",
        "price": "450",
        "price_per_unit": "900",
        "price_unit": "KG"
      },
      {
        "state": "SA",
        "price": "450",
        "price_per_unit": "900",
        "price_unit": "KG"
      },
      {
        "state": "TAS",
        "price": "450",
        "price_per_unit": "900",
        "price_unit": "KG"
      },
      {
        "state": "TAS",
        "price": "450",
        "price_per_unit": "900",
        "price_unit": "KG"
      },
      {
        "state": "ACT",
        "price": "450",
        "price_per_unit": "900",
        "price_unit": "KG"
      },
      {
        "state": "ACT",
        "price": "450",
        "price_per_unit": "900",
        "price_unit": "KG"
      },
      {
        "state": "NT",
        "price": "450",
        "price_per_unit": "900",
        "price_unit": "KG"
      },
      {
        "state": "NT",
        "price": "450",
        "price_per_unit": "900",
        "price_unit": "KG"
      }
    ]
  },
  {
    "source_url": "https://www.woolworths.com.au/shop/productdetails/23038/macro-firm-tofu",
    "name": "Macro Firm Tofu 450g",
    "image_url": "https://cdn1.woolworths.media/content/wowproductimages/large/023038.jpg",
    "source_id": "Woolworths - 23038",
    "barcode": "9339687095230",
    "shop": "Woolworths",
    "weight": "1KG",
    "prices": [
      {
        "state": "NSW",
        "price": "300",
        "price_per_unit": "667",
        "price_unit": "KG"
      },
      {
        "state": "NSW",
        "price": "300",
        "price_per_unit": "667",
        "price_unit": "KG"
      },
      {
        "state": "VIC",
        "price": "300",
        "price_per_unit": "667",
        "price_unit": "KG"
      },
      {
        "state": "VIC",
        "price": "300",
        "price_per_unit": "667",
        "price_unit": "KG"
      },
      {
        "state": "QLD",
        "price": "300",
        "price_per_unit": "667",
        "price_unit": "KG"
      },
      {
        "state": "QLD",
        "price": "300",
        "price_per_unit": "667",
        "price_unit": "KG"
      },
      {
        "state": "WA",
        "price": "300",
        "price_per_unit": "667",
        "price_unit": "KG"
      },
      {
        "state": "WA",
        "price": "300",
        "price_per_unit": "667",
        "price_unit": "KG"
      },
      {
        "state": "SA",
        "price": "300",
        "price_per_unit": "667",
        "price_unit": "KG"
      },
      {
        "state": "SA",
        "price": "300",
        "price_per_unit": "667",
        "price_unit": "KG"
      },
      {
        "state": "TAS",
        "price": "300",
        "price_per_unit": "667",
        "price_unit": "KG"
      },
      {
        "state": "TAS",
        "price": "300",
        "price_per_unit": "667",
        "price_unit": "KG"
      },
      {
        "state": "ACT",
        "price": "300",
        "price_per_unit": "667",
        "price_unit": "KG"
      },
      {
        "state": "ACT",
        "price": "300",
        "price_per_unit": "667",
        "price_unit": "KG"
      },
      {
        "state": "NT",
        "price": "300",
        "price_per_unit": "667",
        "price_unit": "KG"
      },
      {
        "state": "NT",
        "price": "300",
        "price_per_unit": "667",
        "price_unit": "KG"
      }
    ]
  },
  {
    "source_url": "https://www.woolworths.com.au/shop/productdetails/88186/macro-plain-tempeh",
    "name": "Macro Plain Tempeh 300g",
    "image_url": "https://cdn1.woolworths.media/content/wowproductimages/large/088186.jpg",
    "source_id": "Woolworths - 88186",
    "barcode": "9339687167128",
    "shop": "Woolworths",
    "weight": "1KG",
    "prices": [
      {
        "state": "NSW",
        "price": "500",
        "price_per_unit": "1667",
        "price_unit": "KG"
      },
      {
        "state": "NSW",
        "price": "500",
        "price_per_unit": "1667",
        "price_unit": "KG"
      },
      {
        "state": "VIC",
        "price": "500",
        "price_per_unit": "1667",
        "price_unit": "KG"
      },
      {
        "state": "VIC",
        "price": "500",
        "price_per_unit": "1667",
        "price_unit": "KG"
      },
      {
        "state": "QLD",
        "price": "500",
        "price_per_unit": "1667",
        "price_unit": "KG"
      },
      {
        "state": "QLD",
        "price": "500",
        "price_per_unit": "1667",
        "price_unit": "KG"
      },
      {
        "state": "WA",
        "price": "500",
        "price_per_unit": "1667",
        "price_unit": "KG"
      },
      {
        "state": "WA",
        "price": "500",
        "price_per_unit": "1667",
        "price_unit": "KG"
      },
      {
        "state": "SA",
        "price": "500",
        "price_per_unit": "1667",
        "price_unit": "KG"
      },
      {
        "state": "SA",
        "price": "500",
        "price_per_unit": "1667",
        "price_unit": "KG"
      },
      {
        "state": "ACT",
        "price": "500",
        "price_per_unit": "1667",
        "price_unit": "KG"
      },
      {
        "state": "ACT",
        "price": "500",
        "price_per_unit": "1667",
        "price_unit": "KG"
      },
      {
        "state": "NT",
        "price": "500",
        "price_per_unit": "1667",
        "price_unit": "KG"
      },
      {
        "state": "NT",
        "price": "500",
        "price_per_unit": "1667",
        "price_unit": "KG"
      }
    ]
  },
  {
    "source_url": "https://www.woolworths.com.au/shop/productdetails/748945/macro-satay-tofu",
    "name": "Macro Satay Tofu 200g",
    "image_url": "https://cdn1.woolworths.media/content/wowproductimages/large/748945.jpg",
    "source_id": "Woolworths - 748945",
    "barcode": "9300633387174",
    "shop": "Woolworths",
    "weight": "1KG",
    "prices": [
      {
        "state": "NSW",
        "price": "450",
        "price_per_unit": "2250",
        "price_unit": "KG"
      },
      {
        "state": "NSW",
        "price": "450",
        "price_per_unit": "2250",
        "price_unit": "KG"
      },
      {
        "state": "VIC",
        "price": "450",
        "price_per_unit": "2250",
        "price_unit": "KG"
      },
      {
        "state": "VIC",
        "price": "450",
        "price_per_unit": "2250",
        "price_unit": "KG"
      },
      {
        "state": "QLD",
        "price": "450",
        "price_per_unit": "2250",
        "price_unit": "KG"
      },
      {
        "state": "QLD",
        "price": "450",
        "price_per_unit": "2250",
        "price_unit": "KG"
      },
      {
        "state": "WA",
        "price": "450",
        "price_per_unit": "2250",
        "price_unit": "KG"
      },
      {
        "state": "WA",
        "price": "450",
        "price_per_unit": "2250",
        "price_unit": "KG"
      },
      {
        "state": "SA",
        "price": "450",
        "price_per_unit": "2250",
        "price_unit": "KG"
      },
      {
        "state": "SA",
        "price": "450",
        "price_per_unit": "2250",
        "price_unit": "KG"
      },
      {
        "state": "TAS",
        "price": "450",
        "price_per_unit": "2250",
        "price_unit": "KG"
      },
      {
        "state": "TAS",
        "price": "450",
        "price_per_unit": "2250",
        "price_unit": "KG"
      },
      {
        "state": "ACT",
        "price": "450",
        "price_per_unit": "2250",
        "price_unit": "KG"
      },
      {
        "state": "ACT",
        "price": "450",
        "price_per_unit": "2250",
        "price_unit": "KG"
      },
      {
        "state": "NT",
        "price": "450",
        "price_per_unit": "2250",
        "price_unit": "KG"
      },
      {
        "state": "NT",
        "price": "450",
        "price_per_unit": "2250",
        "price_unit": "KG"
      }
    ]
  },
  {
    "source_url": "https://www.woolworths.com.au/shop/productdetails/695083/macro-silken-tofu",
    "name": "Macro Silken Tofu 300g",
    "image_url": "https://cdn1.woolworths.media/content/wowproductimages/large/695083.jpg",
    "source_id": "Woolworths - 695083",
    "barcode": "9300633324681",
    "shop": "Woolworths",
    "weight": "1KG",
    "prices": [
      {
        "state": "NSW",
        "price": "230",
        "price_per_unit": "767",
        "price_unit": "KG"
      },
      {
        "state": "NSW",
        "price": "230",
        "price_per_unit": "767",
        "price_unit": "KG"
      },
      {
        "state": "VIC",
        "price": "230",
        "price_per_unit": "767",
        "price_unit": "KG"
      },
      {
        "state": "VIC",
        "price": "230",
        "price_per_unit": "767",
        "price_unit": "KG"
      },
      {
        "state": "QLD",
        "price": "230",
        "price_per_unit": "767",
        "price_unit": "KG"
      },
      {
        "state": "QLD",
        "price": "230",
        "price_per_unit": "767",
        "price_unit": "KG"
      },
      {
        "state": "WA",
        "price": "230",
        "price_per_unit": "767",
        "price_unit": "KG"
      },
      {
        "state": "WA",
        "price": "230",
        "price_per_unit": "767",
        "price_unit": "KG"
      },
      {
        "state": "SA",
        "price": "230",
        "price_per_unit": "767",
        "price_unit": "KG"
      },
      {
        "state": "SA",
        "price": "230",
        "price_per_unit": "767",
        "price_unit": "KG"
      },
      {
        "state": "TAS",
        "price": "230",
        "price_per_unit": "767",
        "price_unit": "KG"
      },
      {
        "state": "TAS",
        "price": "230",
        "price_per_unit": "767",
        "price_unit": "KG"
      },
      {
        "state": "ACT",
        "price": "230",
        "price_per_unit": "767",
        "price_unit": "KG"
      },
      {
        "state": "ACT",
        "price": "230",
        "price_per_unit": "767",
        "price_unit": "KG"
      },
      {
        "state": "NT",
        "price": "230",
        "price_per_unit": "767",
        "price_unit": "KG"
      },
      {
        "state": "NT",
        "price": "230",
        "price_per_unit": "767",
        "price_unit": "KG"
      }
    ]
  },
  {
    "source_url": "https://www.woolworths.com.au/shop/productdetails/532551/macro-veggie-burger-patties",
    "name": "Macro Veggie Burger Patties 440g",
    "image_url": "https://cdn1.woolworths.media/content/wowproductimages/large/532551.jpg",
    "source_id": "Woolworths - 532551",
    "barcode": "9339687368945",
    "shop": "Woolworths",
    "weight": "100G",
    "prices": [
      {
        "state": "NSW",
        "price": "800",
        "price_per_unit": "182",
        "price_unit": "G"
      },
      {
        "state": "NSW",
        "price": "800",
        "price_per_unit": "182",
        "price_unit": "G"
      },
      {
        "state": "VIC",
        "price": "800",
        "price_per_unit": "182",
        "price_unit": "G"
      },
      {
        "state": "VIC",
        "price": "800",
        "price_per_unit": "182",
        "price_unit": "G"
      },
      {
        "state": "QLD",
        "price": "800",
        "price_per_unit": "182",
        "price_unit": "G"
      },
      {
        "state": "QLD",
        "price": "800",
        "price_per_unit": "182",
        "price_unit": "G"
      },
      {
        "state": "WA",
        "price": "950",
        "price_per_unit": "216",
        "price_unit": "G"
      },
      {
        "state": "WA",
        "price": "950",
        "price_per_unit": "216",
        "price_unit": "G"
      },
      {
        "state": "SA",
        "price": "800",
        "price_per_unit": "182",
        "price_unit": "G"
      },
      {
        "state": "SA",
        "price": "800",
        "price_per_unit": "182",
        "price_unit": "G"
      },
      {
        "state": "NT",
        "price": "800",
        "price_per_unit": "182",
        "price_unit": "G"
      },
      {
        "state": "NT",
        "price": "800",
        "price_per_unit": "182",
        "price_unit": "G"
      }
    ]
  },
  {
    "source_url": "https://www.woolworths.com.au/shop/productdetails/399943/made-with-plants-cheddar-block-dairy-free",
    "name": "Made With Plants Cheddar Block Dairy Free 500g",
    "image_url": "https://cdn1.woolworths.media/content/wowproductimages/large/399943.jpg",
    "source_id": "Woolworths - 399943",
    "barcode": "9354853001457",
    "shop": "Woolworths",
    "weight": "1KG",
    "prices": [
      {
        "state": "NSW",
        "price": "990",
        "price_per_unit": "1980",
        "price_unit": "KG"
      },
      {
        "state": "NSW",
        "price": "990",
        "price_per_unit": "1980",
        "price_unit": "KG"
      },
      {
        "state": "VIC",
        "price": "990",
        "price_per_unit": "1980",
        "price_unit": "KG"
      },
      {
        "state": "VIC",
        "price": "990",
        "price_per_unit": "1980",
        "price_unit": "KG"
      },
      {
        "state": "QLD",
        "price": "990",
        "price_per_unit": "1980",
        "price_unit": "KG"
      },
      {
        "state": "QLD",
        "price": "990",
        "price_per_unit": "1980",
        "price_unit": "KG"
      },
      {
        "state": "WA",
        "price": "990",
        "price_per_unit": "1980",
        "price_unit": "KG"
      },
      {
        "state": "WA",
        "price": "990",
        "price_per_unit": "1980",
        "price_unit": "KG"
      },
      {
        "state": "SA",
        "price": "990",
        "price_per_unit": "1980",
        "price_unit": "KG"
      },
      {
        "state": "SA",
        "price": "990",
        "price_per_unit": "1980",
        "price_unit": "KG"
      },
      {
        "state": "TAS",
        "price": "990",
        "price_per_unit": "1980",
        "price_unit": "KG"
      },
      {
        "state": "TAS",
        "price": "990",
        "price_per_unit": "1980",
        "price_unit": "KG"
      },
      {
        "state": "ACT",
        "price": "990",
        "price_per_unit": "1980",
        "price_unit": "KG"
      },
      {
        "state": "ACT",
        "price": "990",
        "price_per_unit": "1980",
        "price_unit": "KG"
      },
      {
        "state": "NT",
        "price": "990",
        "price_per_unit": "1980",
        "price_unit": "KG"
      },
      {
        "state": "NT",
        "price": "990",
        "price_per_unit": "1980",
        "price_unit": "KG"
      }
    ]
  },
  {
    "source_url": "https://www.woolworths.com.au/shop/productdetails/118214/made-with-plants-cheddar-slices-dairy-free",
    "name": "Made With Plants Cheddar Slices Dairy Free 200g",
    "image_url": "https://cdn1.woolworths.media/content/wowproductimages/large/118214.jpg",
    "source_id": "Woolworths - 118214",
    "barcode": "9354853001532",
    "shop": "Woolworths",
    "weight": "1KG",
    "prices": [
      {
        "state": "NSW",
        "price": "655",
        "price_per_unit": "3275",
        "price_unit": "KG"
      },
      {
        "state": "NSW",
        "price": "655",
        "price_per_unit": "3275",
        "price_unit": "KG"
      },
      {
        "state": "VIC",
        "price": "655",
        "price_per_unit": "3275",
        "price_unit": "KG"
      },
      {
        "state": "VIC",
        "price": "655",
        "price_per_unit": "3275",
        "price_unit": "KG"
      },
      {
        "state": "QLD",
        "price": "655",
        "price_per_unit": "3275",
        "price_unit": "KG"
      },
      {
        "state": "QLD",
        "price": "655",
        "price_per_unit": "3275",
        "price_unit": "KG"
      },
      {
        "state": "WA",
        "price": "655",
        "price_per_unit": "3275",
        "price_unit": "KG"
      },
      {
        "state": "WA",
        "price": "655",
        "price_per_unit": "3275",
        "price_unit": "KG"
      },
      {
        "state": "SA",
        "price": "655",
        "price_per_unit": "3275",
        "price_unit": "KG"
      },
      {
        "state": "SA",
        "price": "655",
        "price_per_unit": "3275",
        "price_unit": "KG"
      },
      {
        "state": "TAS",
        "price": "655",
        "price_per_unit": "3275",
        "price_unit": "KG"
      },
      {
        "state": "TAS",
        "price": "655",
        "price_per_unit": "3275",
        "price_unit": "KG"
      },
      {
        "state": "ACT",
        "price": "655",
        "price_per_unit": "3275",
        "price_unit": "KG"
      },
      {
        "state": "ACT",
        "price": "655",
        "price_per_unit": "3275",
        "price_unit": "KG"
      },
      {
        "state": "NT",
        "price": "655",
        "price_per_unit": "3275",
        "price_unit": "KG"
      },
      {
        "state": "NT",
        "price": "655",
        "price_per_unit": "3275",
        "price_unit": "KG"
      }
    ]
  },
  {
    "source_url": "https://www.woolworths.com.au/shop/productdetails/152653/made-with-plants-shredded-cheddar-dairy-free",
    "name": "Made With Plants Shredded Cheddar Dairy Free 200g",
    "image_url": "https://cdn1.woolworths.media/content/wowproductimages/large/152653.jpg",
    "source_id": "Woolworths - 152653",
    "barcode": "9354853001501",
    "shop": "Woolworths",
    "weight": "1KG",
    "prices": [
      {
        "state": "NSW",
        "price": "655",
        "price_per_unit": "3275",
        "price_unit": "KG"
      },
      {
        "state": "NSW",
        "price": "655",
        "price_per_unit": "3275",
        "price_unit": "KG"
      },
      {
        "state": "VIC",
        "price": "655",
        "price_per_unit": "3275",
        "price_unit": "KG"
      },
      {
        "state": "VIC",
        "price": "655",
        "price_per_unit": "3275",
        "price_unit": "KG"
      },
      {
        "state": "QLD",
        "price": "655",
        "price_per_unit": "3275",
        "price_unit": "KG"
      },
      {
        "state": "QLD",
        "price": "655",
        "price_per_unit": "3275",
        "price_unit": "KG"
      },
      {
        "state": "WA",
        "price": "655",
        "price_per_unit": "3275",
        "price_unit": "KG"
      },
      {
        "state": "WA",
        "price": "655",
        "price_per_unit": "3275",
        "price_unit": "KG"
      },
      {
        "state": "SA",
        "price": "655",
        "price_per_unit": "3275",
        "price_unit": "KG"
      },
      {
        "state": "SA",
        "price": "655",
        "price_per_unit": "3275",
        "price_unit": "KG"
      },
      {
        "state": "TAS",
        "price": "655",
        "price_per_unit": "3275",
        "price_unit": "KG"
      },
      {
        "state": "TAS",
        "price": "655",
        "price_per_unit": "3275",
        "price_unit": "KG"
      },
      {
        "state": "ACT",
        "price": "655",
        "price_per_unit": "3275",
        "price_unit": "KG"
      },
      {
        "state": "ACT",
        "price": "655",
        "price_per_unit": "3275",
        "price_unit": "KG"
      },
      {
        "state": "NT",
        "price": "655",
        "price_per_unit": "3275",
        "price_unit": "KG"
      },
      {
        "state": "NT",
        "price": "655",
        "price_per_unit": "3275",
        "price_unit": "KG"
      }
    ]
  },
  {
    "source_url": "https://www.woolworths.com.au/shop/productdetails/118215/made-with-plants-shredded-mozzarella-dairy-free",
    "name": "Made With Plants Shredded Mozzarella Dairy Free 200g",
    "image_url": "https://cdn1.woolworths.media/content/wowproductimages/large/118215.jpg",
    "source_id": "Woolworths - 118215",
    "barcode": "9354853001495",
    "shop": "Woolworths",
    "weight": "1KG",
    "prices": [
      {
        "state": "NSW",
        "price": "630",
        "price_per_unit": "3150",
        "price_unit": "KG"
      },
      {
        "state": "NSW",
        "price": "630",
        "price_per_unit": "3150",
        "price_unit": "KG"
      },
      {
        "state": "VIC",
        "price": "630",
        "price_per_unit": "3150",
        "price_unit": "KG"
      },
      {
        "state": "VIC",
        "price": "630",
        "price_per_unit": "3150",
        "price_unit": "KG"
      },
      {
        "state": "QLD",
        "price": "630",
        "price_per_unit": "3150",
        "price_unit": "KG"
      },
      {
        "state": "QLD",
        "price": "630",
        "price_per_unit": "3150",
        "price_unit": "KG"
      },
      {
        "state": "WA",
        "price": "630",
        "price_per_unit": "3150",
        "price_unit": "KG"
      },
      {
        "state": "WA",
        "price": "630",
        "price_per_unit": "3150",
        "price_unit": "KG"
      },
      {
        "state": "SA",
        "price": "630",
        "price_per_unit": "3150",
        "price_unit": "KG"
      },
      {
        "state": "SA",
        "price": "630",
        "price_per_unit": "3150",
        "price_unit": "KG"
      },
      {
        "state": "TAS",
        "price": "630",
        "price_per_unit": "3150",
        "price_unit": "KG"
      },
      {
        "state": "TAS",
        "price": "630",
        "price_per_unit": "3150",
        "price_unit": "KG"
      },
      {
        "state": "ACT",
        "price": "630",
        "price_per_unit": "3150",
        "price_unit": "KG"
      },
      {
        "state": "ACT",
        "price": "630",
        "price_per_unit": "3150",
        "price_unit": "KG"
      },
      {
        "state": "NT",
        "price": "630",
        "price_per_unit": "3150",
        "price_unit": "KG"
      },
      {
        "state": "NT",
        "price": "630",
        "price_per_unit": "3150",
        "price_unit": "KG"
      }
    ]
  },
  {
    "source_url": "https://www.woolworths.com.au/shop/productdetails/291062/plantein-plant-based-mediterranean-roast",
    "name": "Plantein Plant Based Mediterranean Roast 400g",
    "image_url": "https://cdn1.woolworths.media/content/wowproductimages/large/291062.jpg",
    "source_id": "Woolworths - 291062",
    "barcode": "9330752004461",
    "shop": "Woolworths",
    "weight": "1KG",
    "prices": [
      {
        "state": "NSW",
        "price": "780",
        "price_per_unit": "1950",
        "price_unit": "KG"
      },
      {
        "state": "NSW",
        "price": "780",
        "price_per_unit": "1950",
        "price_unit": "KG"
      },
      {
        "state": "WA",
        "price": "780",
        "price_per_unit": "1950",
        "price_unit": "KG"
      },
      {
        "state": "WA",
        "price": "780",
        "price_per_unit": "1950",
        "price_unit": "KG"
      },
      {
        "state": "SA",
        "price": "780",
        "price_per_unit": "1950",
        "price_unit": "KG"
      },
      {
        "state": "SA",
        "price": "780",
        "price_per_unit": "1950",
        "price_unit": "KG"
      },
      {
        "state": "TAS",
        "price": "780",
        "price_per_unit": "1950",
        "price_unit": "KG"
      },
      {
        "state": "TAS",
        "price": "780",
        "price_per_unit": "1950",
        "price_unit": "KG"
      }
    ]
  },
  {
    "source_url": "https://www.woolworths.com.au/shop/productdetails/90130/plantein-plant-based-schnitzel",
    "name": "Plantein Plant Based Schnitzel 300g",
    "image_url": "https://cdn1.woolworths.media/content/wowproductimages/large/090130.jpg",
    "source_id": "Woolworths - 90130",
    "barcode": "9330752003358",
    "shop": "Woolworths",
    "weight": "1KG",
    "prices": [
      {
        "state": "NSW",
        "price": "800",
        "price_per_unit": "2667",
        "price_unit": "KG"
      },
      {
        "state": "NSW",
        "price": "800",
        "price_per_unit": "2667",
        "price_unit": "KG"
      },
      {
        "state": "QLD",
        "price": "800",
        "price_per_unit": "2667",
        "price_unit": "KG"
      },
      {
        "state": "QLD",
        "price": "800",
        "price_per_unit": "2667",
        "price_unit": "KG"
      },
      {
        "state": "WA",
        "price": "800",
        "price_per_unit": "2667",
        "price_unit": "KG"
      },
      {
        "state": "WA",
        "price": "800",
        "price_per_unit": "2667",
        "price_unit": "KG"
      },
      {
        "state": "SA",
        "price": "800",
        "price_per_unit": "2667",
        "price_unit": "KG"
      },
      {
        "state": "SA",
        "price": "800",
        "price_per_unit": "2667",
        "price_unit": "KG"
      },
      {
        "state": "TAS",
        "price": "800",
        "price_per_unit": "2667",
        "price_unit": "KG"
      },
      {
        "state": "TAS",
        "price": "800",
        "price_per_unit": "2667",
        "price_unit": "KG"
      }
    ]
  },
  {
    "source_url": "https://www.woolworths.com.au/shop/productdetails/884617/plantein-premium-2-plant-based-burgers",
    "name": "Plantein Premium 2 Plant Based Burgers 200g",
    "image_url": "https://cdn1.woolworths.media/content/wowproductimages/large/884617.jpg",
    "source_id": "Woolworths - 884617",
    "barcode": "9330752004560",
    "shop": "Woolworths",
    "weight": "1KG",
    "prices": [
      {
        "state": "NSW",
        "price": "295",
        "price_per_unit": "1475",
        "price_unit": "KG"
      },
      {
        "state": "NSW",
        "price": "295",
        "price_per_unit": "1475",
        "price_unit": "KG"
      },
      {
        "state": "QLD",
        "price": "295",
        "price_per_unit": "1475",
        "price_unit": "KG"
      },
      {
        "state": "QLD",
        "price": "295",
        "price_per_unit": "1475",
        "price_unit": "KG"
      },
      {
        "state": "SA",
        "price": "295",
        "price_per_unit": "1475",
        "price_unit": "KG"
      },
      {
        "state": "SA",
        "price": "295",
        "price_per_unit": "1475",
        "price_unit": "KG"
      },
      {
        "state": "TAS",
        "price": "295",
        "price_per_unit": "1475",
        "price_unit": "KG"
      },
      {
        "state": "TAS",
        "price": "295",
        "price_per_unit": "1475",
        "price_unit": "KG"
      }
    ]
  },
  {
    "source_url": "https://www.woolworths.com.au/shop/productdetails/887493/plantein-premium-plant-based-mince",
    "name": "Plantein Premium Plant Based Mince 200g",
    "image_url": "https://cdn1.woolworths.media/content/wowproductimages/large/887493.jpg",
    "source_id": "Woolworths - 887493",
    "barcode": "9330752004584",
    "shop": "Woolworths",
    "weight": "1KG",
    "prices": [
      {
        "state": "NSW",
        "price": "295",
        "price_per_unit": "1475",
        "price_unit": "KG"
      },
      {
        "state": "NSW",
        "price": "295",
        "price_per_unit": "1475",
        "price_unit": "KG"
      },
      {
        "state": "QLD",
        "price": "295",
        "price_per_unit": "1475",
        "price_unit": "KG"
      },
      {
        "state": "QLD",
        "price": "295",
        "price_per_unit": "1475",
        "price_unit": "KG"
      },
      {
        "state": "WA",
        "price": "295",
        "price_per_unit": "1475",
        "price_unit": "KG"
      },
      {
        "state": "WA",
        "price": "295",
        "price_per_unit": "1475",
        "price_unit": "KG"
      },
      {
        "state": "SA",
        "price": "295",
        "price_per_unit": "1475",
        "price_unit": "KG"
      },
      {
        "state": "SA",
        "price": "295",
        "price_per_unit": "1475",
        "price_unit": "KG"
      },
      {
        "state": "TAS",
        "price": "295",
        "price_per_unit": "1475",
        "price_unit": "KG"
      },
      {
        "state": "TAS",
        "price": "295",
        "price_per_unit": "1475",
        "price_unit": "KG"
      }
    ]
  },
  {
    "source_url": "https://www.woolworths.com.au/shop/productdetails/164030/plantitude-pastrami-plant-based-slices-vegan",
    "name": "Plantitude Pastrami Plant Based Slices 90g",
    "image_url": "https://cdn1.woolworths.media/content/wowproductimages/large/164030.jpg",
    "source_id": "Woolworths - 164030",
    "barcode": "9339687265343",
    "shop": "Woolworths",
    "weight": "1KG",
    "prices": [
      {
        "state": "VIC",
        "price": "500",
        "price_per_unit": "5556",
        "price_unit": "KG"
      },
      {
        "state": "VIC",
        "price": "500",
        "price_per_unit": "5556",
        "price_unit": "KG"
      },
      {
        "state": "QLD",
        "price": "500",
        "price_per_unit": "5556",
        "price_unit": "KG"
      },
      {
        "state": "QLD",
        "price": "500",
        "price_per_unit": "5556",
        "price_unit": "KG"
      },
      {
        "state": "WA",
        "price": "500",
        "price_per_unit": "5556",
        "price_unit": "KG"
      },
      {
        "state": "WA",
        "price": "500",
        "price_per_unit": "5556",
        "price_unit": "KG"
      },
      {
        "state": "SA",
        "price": "500",
        "price_per_unit": "5556",
        "price_unit": "KG"
      },
      {
        "state": "SA",
        "price": "500",
        "price_per_unit": "5556",
        "price_unit": "KG"
      },
      {
        "state": "ACT",
        "price": "500",
        "price_per_unit": "5556",
        "price_unit": "KG"
      },
      {
        "state": "ACT",
        "price": "500",
        "price_per_unit": "5556",
        "price_unit": "KG"
      },
      {
        "state": "NT",
        "price": "500",
        "price_per_unit": "5556",
        "price_unit": "KG"
      },
      {
        "state": "NT",
        "price": "500",
        "price_per_unit": "5556",
        "price_unit": "KG"
      }
    ]
  },
  {
    "source_url": "https://www.woolworths.com.au/shop/productdetails/164233/plantitude-salami-plant-based-slices-vegan",
    "name": "Plantitude Salami Plant Based Slices 90g",
    "image_url": "https://cdn1.woolworths.media/content/wowproductimages/large/164233.jpg",
    "source_id": "Woolworths - 164233",
    "barcode": "9339687265350",
    "shop": "Woolworths",
    "weight": "1KG",
    "prices": [
      {
        "state": "VIC",
        "price": "500",
        "price_per_unit": "5556",
        "price_unit": "KG"
      },
      {
        "state": "VIC",
        "price": "500",
        "price_per_unit": "5556",
        "price_unit": "KG"
      },
      {
        "state": "QLD",
        "price": "500",
        "price_per_unit": "5556",
        "price_unit": "KG"
      },
      {
        "state": "QLD",
        "price": "500",
        "price_per_unit": "5556",
        "price_unit": "KG"
      },
      {
        "state": "WA",
        "price": "500",
        "price_per_unit": "5556",
        "price_unit": "KG"
      },
      {
        "state": "WA",
        "price": "500",
        "price_per_unit": "5556",
        "price_unit": "KG"
      },
      {
        "state": "SA",
        "price": "500",
        "price_per_unit": "5556",
        "price_unit": "KG"
      },
      {
        "state": "SA",
        "price": "500",
        "price_per_unit": "5556",
        "price_unit": "KG"
      },
      {
        "state": "ACT",
        "price": "500",
        "price_per_unit": "5556",
        "price_unit": "KG"
      },
      {
        "state": "ACT",
        "price": "500",
        "price_per_unit": "5556",
        "price_unit": "KG"
      },
      {
        "state": "NT",
        "price": "500",
        "price_per_unit": "5556",
        "price_unit": "KG"
      },
      {
        "state": "NT",
        "price": "500",
        "price_per_unit": "5556",
        "price_unit": "KG"
      }
    ]
  },
  {
    "source_url": "https://www.woolworths.com.au/shop/productdetails/164028/plantitude-smoked-ham-plant-based-slices-vegan",
    "name": "Plantitude Smoked Ham Plant Based Slices 90g",
    "image_url": "https://cdn1.woolworths.media/content/wowproductimages/large/164028.jpg",
    "source_id": "Woolworths - 164028",
    "barcode": "9339687265329",
    "shop": "Woolworths",
    "weight": "1KG",
    "prices": [
      {
        "state": "NSW",
        "price": "500",
        "price_per_unit": "5556",
        "price_unit": "KG"
      },
      {
        "state": "NSW",
        "price": "500",
        "price_per_unit": "5556",
        "price_unit": "KG"
      },
      {
        "state": "VIC",
        "price": "500",
        "price_per_unit": "5556",
        "price_unit": "KG"
      },
      {
        "state": "VIC",
        "price": "500",
        "price_per_unit": "5556",
        "price_unit": "KG"
      },
      {
        "state": "QLD",
        "price": "500",
        "price_per_unit": "5556",
        "price_unit": "KG"
      },
      {
        "state": "QLD",
        "price": "500",
        "price_per_unit": "5556",
        "price_unit": "KG"
      },
      {
        "state": "WA",
        "price": "500",
        "price_per_unit": "5556",
        "price_unit": "KG"
      },
      {
        "state": "WA",
        "price": "500",
        "price_per_unit": "5556",
        "price_unit": "KG"
      },
      {
        "state": "SA",
        "price": "500",
        "price_per_unit": "5556",
        "price_unit": "KG"
      },
      {
        "state": "SA",
        "price": "500",
        "price_per_unit": "5556",
        "price_unit": "KG"
      },
      {
        "state": "ACT",
        "price": "500",
        "price_per_unit": "5556",
        "price_unit": "KG"
      },
      {
        "state": "ACT",
        "price": "500",
        "price_per_unit": "5556",
        "price_unit": "KG"
      },
      {
        "state": "NT",
        "price": "500",
        "price_per_unit": "5556",
        "price_unit": "KG"
      },
      {
        "state": "NT",
        "price": "500",
        "price_per_unit": "5556",
        "price_unit": "KG"
      }
    ]
  },
  {
    "source_url": "https://www.woolworths.com.au/shop/productdetails/65255/unreal-co-plant-based-beefy-brat-sausages",
    "name": "Unreal Co. Plant Based Beefy Brat Sausages 350g",
    "image_url": "https://cdn1.woolworths.media/content/wowproductimages/large/065255.jpg",
    "source_id": "Woolworths - 65255",
    "barcode": "9353712000297",
    "shop": "Woolworths",
    "weight": "1KG",
    "prices": [
      {
        "state": "NSW",
        "price": "600",
        "price_per_unit": "1714",
        "price_unit": "KG"
      },
      {
        "state": "NSW",
        "price": "600",
        "price_per_unit": "1714",
        "price_unit": "KG"
      },
      {
        "state": "WA",
        "price": "600",
        "price_per_unit": "1714",
        "price_unit": "KG"
      },
      {
        "state": "WA",
        "price": "600",
        "price_per_unit": "1714",
        "price_unit": "KG"
      },
      {
        "state": "SA",
        "price": "600",
        "price_per_unit": "1714",
        "price_unit": "KG"
      },
      {
        "state": "SA",
        "price": "600",
        "price_per_unit": "1714",
        "price_unit": "KG"
      },
      {
        "state": "ACT",
        "price": "600",
        "price_per_unit": "1714",
        "price_unit": "KG"
      },
      {
        "state": "ACT",
        "price": "600",
        "price_per_unit": "1714",
        "price_unit": "KG"
      }
    ]
  },
  {
    "source_url": "https://www.woolworths.com.au/shop/productdetails/65254/unreal-co-plant-based-chick-n-chives-sausages",
    "name": "Unreal Co. Plant Based Chick'n Chives Sausages 350g",
    "image_url": "https://cdn1.woolworths.media/content/wowproductimages/large/065254.jpg",
    "source_id": "Woolworths - 65254",
    "barcode": "9353712000174",
    "shop": "Woolworths",
    "weight": "1KG",
    "prices": [
      {
        "state": "NSW",
        "price": "600",
        "price_per_unit": "1714",
        "price_unit": "KG"
      },
      {
        "state": "NSW",
        "price": "600",
        "price_per_unit": "1714",
        "price_unit": "KG"
      },
      {
        "state": "QLD",
        "price": "600",
        "price_per_unit": "1714",
        "price_unit": "KG"
      },
      {
        "state": "QLD",
        "price": "600",
        "price_per_unit": "1714",
        "price_unit": "KG"
      },
      {
        "state": "WA",
        "price": "600",
        "price_per_unit": "1714",
        "price_unit": "KG"
      },
      {
        "state": "WA",
        "price": "600",
        "price_per_unit": "1714",
        "price_unit": "KG"
      },
      {
        "state": "SA",
        "price": "600",
        "price_per_unit": "1714",
        "price_unit": "KG"
      },
      {
        "state": "SA",
        "price": "600",
        "price_per_unit": "1714",
        "price_unit": "KG"
      },
      {
        "state": "TAS",
        "price": "600",
        "price_per_unit": "1714",
        "price_unit": "KG"
      },
      {
        "state": "TAS",
        "price": "600",
        "price_per_unit": "1714",
        "price_unit": "KG"
      }
    ]
  },
  {
    "source_url": "https://www.woolworths.com.au/shop/productdetails/249729/vegie-delights-plant-based-hot-dogs",
    "name": "Vegie Delights Plant Based Hot Dogs 300g",
    "image_url": "https://cdn1.woolworths.media/content/wowproductimages/large/249729.jpg",
    "source_id": "Woolworths - 249729",
    "barcode": "9349174000494",
    "shop": "Woolworths",
    "weight": "1KG",
    "prices": [
      {
        "state": "NSW",
        "price": "650",
        "price_per_unit": "2167",
        "price_unit": "KG"
      },
      {
        "state": "NSW",
        "price": "650",
        "price_per_unit": "2167",
        "price_unit": "KG"
      },
      {
        "state": "VIC",
        "price": "650",
        "price_per_unit": "2167",
        "price_unit": "KG"
      },
      {
        "state": "VIC",
        "price": "650",
        "price_per_unit": "2167",
        "price_unit": "KG"
      },
      {
        "state": "QLD",
        "price": "650",
        "price_per_unit": "2167",
        "price_unit": "KG"
      },
      {
        "state": "QLD",
        "price": "650",
        "price_per_unit": "2167",
        "price_unit": "KG"
      },
      {
        "state": "WA",
        "price": "650",
        "price_per_unit": "2167",
        "price_unit": "KG"
      },
      {
        "state": "WA",
        "price": "650",
        "price_per_unit": "2167",
        "price_unit": "KG"
      },
      {
        "state": "SA",
        "price": "650",
        "price_per_unit": "2167",
        "price_unit": "KG"
      },
      {
        "state": "SA",
        "price": "650",
        "price_per_unit": "2167",
        "price_unit": "KG"
      },
      {
        "state": "TAS",
        "price": "650",
        "price_per_unit": "2167",
        "price_unit": "KG"
      },
      {
        "state": "TAS",
        "price": "650",
        "price_per_unit": "2167",
        "price_unit": "KG"
      },
      {
        "state": "ACT",
        "price": "650",
        "price_per_unit": "2167",
        "price_unit": "KG"
      },
      {
        "state": "ACT",
        "price": "650",
        "price_per_unit": "2167",
        "price_unit": "KG"
      }
    ]
  },
  {
    "source_url": "https://www.woolworths.com.au/shop/productdetails/392361/wildly-good-original-veggie-burgers",
    "name": "Wildly Good Original Veggie Burgers 2 Pack",
    "image_url": "https://cdn1.woolworths.media/content/wowproductimages/large/392361.jpg",
    "source_id": "Woolworths - 392361",
    "barcode": "9340784006678",
    "shop": "Woolworths",
    "weight": "1KG",
    "prices": [
      {
        "state": "NSW",
        "price": "490",
        "price_per_unit": "2227",
        "price_unit": "KG"
      },
      {
        "state": "NSW",
        "price": "490",
        "price_per_unit": "2227",
        "price_unit": "KG"
      },
      {
        "state": "VIC",
        "price": "490",
        "price_per_unit": "2227",
        "price_unit": "KG"
      },
      {
        "state": "VIC",
        "price": "490",
        "price_per_unit": "2227",
        "price_unit": "KG"
      },
      {
        "state": "WA",
        "price": "490",
        "price_per_unit": "2227",
        "price_unit": "KG"
      },
      {
        "state": "WA",
        "price": "490",
        "price_per_unit": "2227",
        "price_unit": "KG"
      },
      {
        "state": "SA",
        "price": "490",
        "price_per_unit": "2227",
        "price_unit": "KG"
      },
      {
        "state": "SA",
        "price": "490",
        "price_per_unit": "2227",
        "price_unit": "KG"
      },
      {
        "state": "TAS",
        "price": "490",
        "price_per_unit": "2227",
        "price_unit": "KG"
      },
      {
        "state": "TAS",
        "price": "490",
        "price_per_unit": "2227",
        "price_unit": "KG"
      },
      {
        "state": "ACT",
        "price": "490",
        "price_per_unit": "2227",
        "price_unit": "KG"
      },
      {
        "state": "ACT",
        "price": "490",
        "price_per_unit": "2227",
        "price_unit": "KG"
      }
    ]
  },
  {
    "source_url": "https://www.woolworths.com.au/shop/productdetails/375913/wildly-good-original-veggie-burgers",
    "name": "Wildly Good Original Veggie Burgers 360g",
    "image_url": "https://cdn1.woolworths.media/content/wowproductimages/large/375913.jpg",
    "source_id": "Woolworths - 375913",
    "barcode": "9340784006708",
    "shop": "Woolworths",
    "weight": "1KG",
    "prices": [
      {
        "state": "NSW",
        "price": "800",
        "price_per_unit": "2222",
        "price_unit": "KG"
      },
      {
        "state": "NSW",
        "price": "800",
        "price_per_unit": "2222",
        "price_unit": "KG"
      },
      {
        "state": "VIC",
        "price": "800",
        "price_per_unit": "2222",
        "price_unit": "KG"
      },
      {
        "state": "VIC",
        "price": "800",
        "price_per_unit": "2222",
        "price_unit": "KG"
      },
      {
        "state": "WA",
        "price": "800",
        "price_per_unit": "2222",
        "price_unit": "KG"
      },
      {
        "state": "WA",
        "price": "800",
        "price_per_unit": "2222",
        "price_unit": "KG"
      },
      {
        "state": "SA",
        "price": "800",
        "price_per_unit": "2222",
        "price_unit": "KG"
      },
      {
        "state": "SA",
        "price": "800",
        "price_per_unit": "2222",
        "price_unit": "KG"
      },
      {
        "state": "ACT",
        "price": "800",
        "price_per_unit": "2222",
        "price_unit": "KG"
      },
      {
        "state": "ACT",
        "price": "800",
        "price_per_unit": "2222",
        "price_unit": "KG"
      }
    ]
  },
  {
    "source_url": "https://www.woolworths.com.au/shop/productdetails/391871/wildly-good-smoky-cauliflower-burgers",
    "name": "Wildly Good Smoky Cauliflower Burgers 2 Pack",
    "image_url": "https://cdn1.woolworths.media/content/wowproductimages/large/391871.jpg",
    "source_id": "Woolworths - 391871",
    "barcode": "9340784006654",
    "shop": "Woolworths",
    "weight": "1KG",
    "prices": [
      {
        "state": "NSW",
        "price": "490",
        "price_per_unit": "2227",
        "price_unit": "KG"
      },
      {
        "state": "NSW",
        "price": "490",
        "price_per_unit": "2227",
        "price_unit": "KG"
      },
      {
        "state": "VIC",
        "price": "490",
        "price_per_unit": "2227",
        "price_unit": "KG"
      },
      {
        "state": "VIC",
        "price": "490",
        "price_per_unit": "2227",
        "price_unit": "KG"
      },
      {
        "state": "WA",
        "price": "490",
        "price_per_unit": "2227",
        "price_unit": "KG"
      },
      {
        "state": "WA",
        "price": "490",
        "price_per_unit": "2227",
        "price_unit": "KG"
      },
      {
        "state": "SA",
        "price": "490",
        "price_per_unit": "2227",
        "price_unit": "KG"
      },
      {
        "state": "SA",
        "price": "490",
        "price_per_unit": "2227",
        "price_unit": "KG"
      },
      {
        "state": "TAS",
        "price": "490",
        "price_per_unit": "2227",
        "price_unit": "KG"
      },
      {
        "state": "TAS",
        "price": "490",
        "price_per_unit": "2227",
        "price_unit": "KG"
      },
      {
        "state": "ACT",
        "price": "490",
        "price_per_unit": "2227",
        "price_unit": "KG"
      },
      {
        "state": "ACT",
        "price": "490",
        "price_per_unit": "2227",
        "price_unit": "KG"
      }
    ]
  },
  {
    "source_url": "https://www.woolworths.com.au/shop/productdetails/920843/yumi-s-green-goddess-burgers-with-spinach-zucchini-garden-peas",
    "name": "Yumi's Green Goddess Burgers With Spinach Zucchini & Garden Peas 2 pack",
    "image_url": "https://cdn1.woolworths.media/content/wowproductimages/large/920843.jpg",
    "source_id": "Woolworths - 920843",
    "barcode": "9317444004435",
    "shop": "Woolworths",
    "weight": "1KG",
    "prices": [
      {
        "state": "NSW",
        "price": "600",
        "price_per_unit": "3000",
        "price_unit": "KG"
      },
      {
        "state": "NSW",
        "price": "600",
        "price_per_unit": "3000",
        "price_unit": "KG"
      },
      {
        "state": "VIC",
        "price": "600",
        "price_per_unit": "3000",
        "price_unit": "KG"
      },
      {
        "state": "VIC",
        "price": "600",
        "price_per_unit": "3000",
        "price_unit": "KG"
      },
      {
        "state": "WA",
        "price": "600",
        "price_per_unit": "3000",
        "price_unit": "KG"
      },
      {
        "state": "WA",
        "price": "600",
        "price_per_unit": "3000",
        "price_unit": "KG"
      },
      {
        "state": "SA",
        "price": "600",
        "price_per_unit": "3000",
        "price_unit": "KG"
      },
      {
        "state": "SA",
        "price": "600",
        "price_per_unit": "3000",
        "price_unit": "KG"
      },
      {
        "state": "TAS",
        "price": "600",
        "price_per_unit": "3000",
        "price_unit": "KG"
      },
      {
        "state": "TAS",
        "price": "600",
        "price_per_unit": "3000",
        "price_unit": "KG"
      },
      {
        "state": "ACT",
        "price": "600",
        "price_per_unit": "3000",
        "price_unit": "KG"
      },
      {
        "state": "ACT",
        "price": "600",
        "price_per_unit": "3000",
        "price_unit": "KG"
      },
      {
        "state": "NT",
        "price": "600",
        "price_per_unit": "3000",
        "price_unit": "KG"
      },
      {
        "state": "NT",
        "price": "600",
        "price_per_unit": "3000",
        "price_unit": "KG"
      }
    ]
  },
  {
    "source_url": "https://www.woolworths.com.au/shop/productdetails/398119/yumi-s-herb-falafel",
    "name": "Yumi's Herb Falafel 200g",
    "image_url": "https://cdn1.woolworths.media/content/wowproductimages/large/398119.jpg",
    "source_id": "Woolworths - 398119",
    "barcode": "9317444004213",
    "shop": "Woolworths",
    "weight": "1KG",
    "prices": [
      {
        "state": "NSW",
        "price": "650",
        "price_per_unit": "3250",
        "price_unit": "KG"
      },
      {
        "state": "NSW",
        "price": "650",
        "price_per_unit": "3250",
        "price_unit": "KG"
      },
      {
        "state": "VIC",
        "price": "650",
        "price_per_unit": "3250",
        "price_unit": "KG"
      },
      {
        "state": "VIC",
        "price": "650",
        "price_per_unit": "3250",
        "price_unit": "KG"
      },
      {
        "state": "QLD",
        "price": "650",
        "price_per_unit": "3250",
        "price_unit": "KG"
      },
      {
        "state": "QLD",
        "price": "650",
        "price_per_unit": "3250",
        "price_unit": "KG"
      },
      {
        "state": "WA",
        "price": "650",
        "price_per_unit": "3250",
        "price_unit": "KG"
      },
      {
        "state": "WA",
        "price": "650",
        "price_per_unit": "3250",
        "price_unit": "KG"
      },
      {
        "state": "SA",
        "price": "650",
        "price_per_unit": "3250",
        "price_unit": "KG"
      },
      {
        "state": "SA",
        "price": "650",
        "price_per_unit": "3250",
        "price_unit": "KG"
      },
      {
        "state": "TAS",
        "price": "650",
        "price_per_unit": "3250",
        "price_unit": "KG"
      },
      {
        "state": "TAS",
        "price": "650",
        "price_per_unit": "3250",
        "price_unit": "KG"
      },
      {
        "state": "ACT",
        "price": "650",
        "price_per_unit": "3250",
        "price_unit": "KG"
      },
      {
        "state": "ACT",
        "price": "650",
        "price_per_unit": "3250",
        "price_unit": "KG"
      },
      {
        "state": "NT",
        "price": "650",
        "price_per_unit": "3250",
        "price_unit": "KG"
      },
      {
        "state": "NT",
        "price": "650",
        "price_per_unit": "3250",
        "price_unit": "KG"
      }
    ]
  },
  {
    "source_url": "https://www.woolworths.com.au/shop/productdetails/345092/yumi-s-original-falafel-balls",
    "name": "Yumi's Original Falafel Balls 225g",
    "image_url": "https://cdn1.woolworths.media/content/wowproductimages/large/345092.jpg",
    "source_id": "Woolworths - 345092",
    "barcode": "9317444001694",
    "shop": "Woolworths",
    "weight": "1KG",
    "prices": [
      {
        "state": "NSW",
        "price": "650",
        "price_per_unit": "2889",
        "price_unit": "KG"
      },
      {
        "state": "NSW",
        "price": "650",
        "price_per_unit": "2889",
        "price_unit": "KG"
      },
      {
        "state": "VIC",
        "price": "650",
        "price_per_unit": "2889",
        "price_unit": "KG"
      },
      {
        "state": "VIC",
        "price": "650",
        "price_per_unit": "2889",
        "price_unit": "KG"
      },
      {
        "state": "QLD",
        "price": "650",
        "price_per_unit": "2889",
        "price_unit": "KG"
      },
      {
        "state": "QLD",
        "price": "650",
        "price_per_unit": "2889",
        "price_unit": "KG"
      },
      {
        "state": "WA",
        "price": "650",
        "price_per_unit": "2889",
        "price_unit": "KG"
      },
      {
        "state": "WA",
        "price": "650",
        "price_per_unit": "2889",
        "price_unit": "KG"
      },
      {
        "state": "SA",
        "price": "650",
        "price_per_unit": "2889",
        "price_unit": "KG"
      },
      {
        "state": "SA",
        "price": "650",
        "price_per_unit": "2889",
        "price_unit": "KG"
      },
      {
        "state": "TAS",
        "price": "650",
        "price_per_unit": "2889",
        "price_unit": "KG"
      },
      {
        "state": "TAS",
        "price": "650",
        "price_per_unit": "2889",
        "price_unit": "KG"
      },
      {
        "state": "ACT",
        "price": "650",
        "price_per_unit": "2889",
        "price_unit": "KG"
      },
      {
        "state": "ACT",
        "price": "650",
        "price_per_unit": "2889",
        "price_unit": "KG"
      },
      {
        "state": "NT",
        "price": "650",
        "price_per_unit": "2889",
        "price_unit": "KG"
      },
      {
        "state": "NT",
        "price": "650",
        "price_per_unit": "2889",
        "price_unit": "KG"
      }
    ]
  },
  {
    "source_url": "https://www.woolworths.com.au/shop/productdetails/153336/yumi-s-pumpkin-spinach-bites",
    "name": "Yumi's Pumpkin & Spinach Bites 225g",
    "image_url": "https://cdn1.woolworths.media/content/wowproductimages/large/153336.jpg",
    "source_id": "Woolworths - 153336",
    "barcode": "9317444001991",
    "shop": "Woolworths",
    "weight": "1KG",
    "prices": [
      {
        "state": "NSW",
        "price": "650",
        "price_per_unit": "2889",
        "price_unit": "KG"
      },
      {
        "state": "NSW",
        "price": "650",
        "price_per_unit": "2889",
        "price_unit": "KG"
      },
      {
        "state": "VIC",
        "price": "650",
        "price_per_unit": "2889",
        "price_unit": "KG"
      },
      {
        "state": "VIC",
        "price": "650",
        "price_per_unit": "2889",
        "price_unit": "KG"
      },
      {
        "state": "QLD",
        "price": "650",
        "price_per_unit": "2889",
        "price_unit": "KG"
      },
      {
        "state": "QLD",
        "price": "650",
        "price_per_unit": "2889",
        "price_unit": "KG"
      },
      {
        "state": "WA",
        "price": "650",
        "price_per_unit": "2889",
        "price_unit": "KG"
      },
      {
        "state": "WA",
        "price": "650",
        "price_per_unit": "2889",
        "price_unit": "KG"
      },
      {
        "state": "SA",
        "price": "650",
        "price_per_unit": "2889",
        "price_unit": "KG"
      },
      {
        "state": "SA",
        "price": "650",
        "price_per_unit": "2889",
        "price_unit": "KG"
      },
      {
        "state": "TAS",
        "price": "650",
        "price_per_unit": "2889",
        "price_unit": "KG"
      },
      {
        "state": "TAS",
        "price": "650",
        "price_per_unit": "2889",
        "price_unit": "KG"
      },
      {
        "state": "NT",
        "price": "650",
        "price_per_unit": "2889",
        "price_unit": "KG"
      },
      {
        "state": "NT",
        "price": "650",
        "price_per_unit": "2889",
        "price_unit": "KG"
      }
    ]
  },
  {
    "source_url": "https://www.woolworths.com.au/shop/productdetails/706642/yumi-s-sesame-falafel-balls",
    "name": "Yumi's Sesame Falafel Balls 225g",
    "image_url": "https://cdn1.woolworths.media/content/wowproductimages/large/706642.jpg",
    "source_id": "Woolworths - 706642",
    "barcode": "9317444001717",
    "shop": "Woolworths",
    "weight": "1KG",
    "prices": [
      {
        "state": "NSW",
        "price": "650",
        "price_per_unit": "2889",
        "price_unit": "KG"
      },
      {
        "state": "NSW",
        "price": "650",
        "price_per_unit": "2889",
        "price_unit": "KG"
      },
      {
        "state": "VIC",
        "price": "650",
        "price_per_unit": "2889",
        "price_unit": "KG"
      },
      {
        "state": "VIC",
        "price": "650",
        "price_per_unit": "2889",
        "price_unit": "KG"
      },
      {
        "state": "QLD",
        "price": "650",
        "price_per_unit": "2889",
        "price_unit": "KG"
      },
      {
        "state": "QLD",
        "price": "650",
        "price_per_unit": "2889",
        "price_unit": "KG"
      },
      {
        "state": "WA",
        "price": "650",
        "price_per_unit": "2889",
        "price_unit": "KG"
      },
      {
        "state": "WA",
        "price": "650",
        "price_per_unit": "2889",
        "price_unit": "KG"
      },
      {
        "state": "SA",
        "price": "650",
        "price_per_unit": "2889",
        "price_unit": "KG"
      },
      {
        "state": "SA",
        "price": "650",
        "price_per_unit": "2889",
        "price_unit": "KG"
      },
      {
        "state": "TAS",
        "price": "650",
        "price_per_unit": "2889",
        "price_unit": "KG"
      },
      {
        "state": "TAS",
        "price": "650",
        "price_per_unit": "2889",
        "price_unit": "KG"
      },
      {
        "state": "ACT",
        "price": "650",
        "price_per_unit": "2889",
        "price_unit": "KG"
      },
      {
        "state": "ACT",
        "price": "650",
        "price_per_unit": "2889",
        "price_unit": "KG"
      },
      {
        "state": "NT",
        "price": "650",
        "price_per_unit": "2889",
        "price_unit": "KG"
      },
      {
        "state": "NT",
        "price": "650",
        "price_per_unit": "2889",
        "price_unit": "KG"
      }
    ]
  },
  {
    "source_url": "https://www.woolworths.com.au/shop/productdetails/398225/yumi-s-spiced-lentil-koftas-middle-eastern-spices",
    "name": "Yumi's Spiced Lentil Koftas Middle Eastern Spices 8 Pack",
    "image_url": "https://cdn1.woolworths.media/content/wowproductimages/large/398225.jpg",
    "source_id": "Woolworths - 398225",
    "barcode": "9317444004237",
    "shop": "Woolworths",
    "weight": "1KG",
    "prices": [
      {
        "state": "NSW",
        "price": "650",
        "price_per_unit": "2889",
        "price_unit": "KG"
      },
      {
        "state": "NSW",
        "price": "650",
        "price_per_unit": "2889",
        "price_unit": "KG"
      },
      {
        "state": "VIC",
        "price": "650",
        "price_per_unit": "2889",
        "price_unit": "KG"
      },
      {
        "state": "VIC",
        "price": "650",
        "price_per_unit": "2889",
        "price_unit": "KG"
      },
      {
        "state": "QLD",
        "price": "650",
        "price_per_unit": "2889",
        "price_unit": "KG"
      },
      {
        "state": "QLD",
        "price": "650",
        "price_per_unit": "2889",
        "price_unit": "KG"
      },
      {
        "state": "TAS",
        "price": "650",
        "price_per_unit": "2889",
        "price_unit": "KG"
      },
      {
        "state": "TAS",
        "price": "650",
        "price_per_unit": "2889",
        "price_unit": "KG"
      },
      {
        "state": "ACT",
        "price": "650",
        "price_per_unit": "2889",
        "price_unit": "KG"
      },
      {
        "state": "ACT",
        "price": "650",
        "price_per_unit": "2889",
        "price_unit": "KG"
      }
    ]
  },
  {
    "source_url": "https://www.woolworths.com.au/shop/productdetails/397094/yumi-s-sweet-corn-fritters",
    "name": "Yumi's Sweet Corn Fritters 6 Pack",
    "image_url": "https://cdn1.woolworths.media/content/wowproductimages/large/397094.jpg",
    "source_id": "Woolworths - 397094",
    "barcode": "9317444003834",
    "shop": "Woolworths",
    "weight": "1KG",
    "prices": [
      {
        "state": "NSW",
        "price": "650",
        "price_per_unit": "2500",
        "price_unit": "KG"
      },
      {
        "state": "NSW",
        "price": "650",
        "price_per_unit": "2500",
        "price_unit": "KG"
      },
      {
        "state": "VIC",
        "price": "650",
        "price_per_unit": "2500",
        "price_unit": "KG"
      },
      {
        "state": "VIC",
        "price": "650",
        "price_per_unit": "2500",
        "price_unit": "KG"
      },
      {
        "state": "QLD",
        "price": "650",
        "price_per_unit": "2500",
        "price_unit": "KG"
      },
      {
        "state": "QLD",
        "price": "650",
        "price_per_unit": "2500",
        "price_unit": "KG"
      },
      {
        "state": "WA",
        "price": "650",
        "price_per_unit": "2500",
        "price_unit": "KG"
      },
      {
        "state": "WA",
        "price": "650",
        "price_per_unit": "2500",
        "price_unit": "KG"
      },
      {
        "state": "SA",
        "price": "650",
        "price_per_unit": "2500",
        "price_unit": "KG"
      },
      {
        "state": "SA",
        "price": "650",
        "price_per_unit": "2500",
        "price_unit": "KG"
      },
      {
        "state": "TAS",
        "price": "650",
        "price_per_unit": "2500",
        "price_unit": "KG"
      },
      {
        "state": "TAS",
        "price": "650",
        "price_per_unit": "2500",
        "price_unit": "KG"
      },
      {
        "state": "ACT",
        "price": "650",
        "price_per_unit": "2500",
        "price_unit": "KG"
      },
      {
        "state": "ACT",
        "price": "650",
        "price_per_unit": "2500",
        "price_unit": "KG"
      },
      {
        "state": "NT",
        "price": "650",
        "price_per_unit": "2500",
        "price_unit": "KG"
      },
      {
        "state": "NT",
        "price": "650",
        "price_per_unit": "2500",
        "price_unit": "KG"
      }
    ]
  },
  {
    "source_url": "https://www.woolworths.com.au/shop/productdetails/116292/yumi-s-veggie-bites-roasted-veggies-peas",
    "name": "Yumi's Veggie Bites Roasted Veggies & Peas 225g",
    "image_url": "https://cdn1.woolworths.media/content/wowproductimages/large/116292.jpg",
    "source_id": "Woolworths - 116292",
    "barcode": "9317444002004",
    "shop": "Woolworths",
    "weight": "1KG",
    "prices": [
      {
        "state": "NSW",
        "price": "650",
        "price_per_unit": "2889",
        "price_unit": "KG"
      },
      {
        "state": "NSW",
        "price": "650",
        "price_per_unit": "2889",
        "price_unit": "KG"
      },
      {
        "state": "VIC",
        "price": "650",
        "price_per_unit": "2889",
        "price_unit": "KG"
      },
      {
        "state": "VIC",
        "price": "650",
        "price_per_unit": "2889",
        "price_unit": "KG"
      },
      {
        "state": "QLD",
        "price": "650",
        "price_per_unit": "2889",
        "price_unit": "KG"
      },
      {
        "state": "QLD",
        "price": "650",
        "price_per_unit": "2889",
        "price_unit": "KG"
      },
      {
        "state": "WA",
        "price": "650",
        "price_per_unit": "2889",
        "price_unit": "KG"
      },
      {
        "state": "WA",
        "price": "650",
        "price_per_unit": "2889",
        "price_unit": "KG"
      },
      {
        "state": "SA",
        "price": "650",
        "price_per_unit": "2889",
        "price_unit": "KG"
      },
      {
        "state": "SA",
        "price": "650",
        "price_per_unit": "2889",
        "price_unit": "KG"
      },
      {
        "state": "TAS",
        "price": "650",
        "price_per_unit": "2889",
        "price_unit": "KG"
      },
      {
        "state": "TAS",
        "price": "650",
        "price_per_unit": "2889",
        "price_unit": "KG"
      },
      {
        "state": "ACT",
        "price": "650",
        "price_per_unit": "2889",
        "price_unit": "KG"
      },
      {
        "state": "ACT",
        "price": "650",
        "price_per_unit": "2889",
        "price_unit": "KG"
      },
      {
        "state": "NT",
        "price": "650",
        "price_per_unit": "2889",
        "price_unit": "KG"
      },
      {
        "state": "NT",
        "price": "650",
        "price_per_unit": "2889",
        "price_unit": "KG"
      }
    ]
  },
  {
    "source_url": "https://www.woolworths.com.au/shop/productdetails/531194/yumi-s-zucchini-lentil-bites",
    "name": "Yumi's Zucchini & Lentil Bites 225g",
    "image_url": "https://cdn1.woolworths.media/content/wowproductimages/large/531194.jpg",
    "source_id": "Woolworths - 531194",
    "barcode": "9317444002028",
    "shop": "Woolworths",
    "weight": "1KG",
    "prices": [
      {
        "state": "NSW",
        "price": "650",
        "price_per_unit": "2889",
        "price_unit": "KG"
      },
      {
        "state": "NSW",
        "price": "650",
        "price_per_unit": "2889",
        "price_unit": "KG"
      },
      {
        "state": "VIC",
        "price": "650",
        "price_per_unit": "2889",
        "price_unit": "KG"
      },
      {
        "state": "VIC",
        "price": "650",
        "price_per_unit": "2889",
        "price_unit": "KG"
      },
      {
        "state": "QLD",
        "price": "650",
        "price_per_unit": "2889",
        "price_unit": "KG"
      },
      {
        "state": "QLD",
        "price": "650",
        "price_per_unit": "2889",
        "price_unit": "KG"
      },
      {
        "state": "WA",
        "price": "650",
        "price_per_unit": "2889",
        "price_unit": "KG"
      },
      {
        "state": "WA",
        "price": "650",
        "price_per_unit": "2889",
        "price_unit": "KG"
      },
      {
        "state": "SA",
        "price": "650",
        "price_per_unit": "2889",
        "price_unit": "KG"
      },
      {
        "state": "SA",
        "price": "650",
        "price_per_unit": "2889",
        "price_unit": "KG"
      },
      {
        "state": "TAS",
        "price": "650",
        "price_per_unit": "2889",
        "price_unit": "KG"
      },
      {
        "state": "TAS",
        "price": "650",
        "price_per_unit": "2889",
        "price_unit": "KG"
      },
      {
        "state": "ACT",
        "price": "650",
        "price_per_unit": "2889",
        "price_unit": "KG"
      },
      {
        "state": "ACT",
        "price": "650",
        "price_per_unit": "2889",
        "price_unit": "KG"
      },
      {
        "state": "NT",
        "price": "650",
        "price_per_unit": "2889",
        "price_unit": "KG"
      },
      {
        "state": "NT",
        "price": "650",
        "price_per_unit": "2889",
        "price_unit": "KG"
      }
    ]
  },
  {
    "source_url": "https://www.woolworths.com.au/shop/productdetails/286388/made-with-plants-meat-free-roast-duck",
    "name": "Made With Plants Meat Free Roast Duck 300g",
    "image_url": "https://cdn1.woolworths.media/content/wowproductimages/large/286388.jpg",
    "source_id": "Woolworths - 286388",
    "barcode": "9354853001297",
    "shop": "Woolworths",
    "weight": "1KG",
    "prices": [
      {
        "state": "NSW",
        "price": "715",
        "price_per_unit": "2383",
        "price_unit": "KG"
      },
      {
        "state": "WA",
        "price": "715",
        "price_per_unit": "2383",
        "price_unit": "KG"
      },
      {
        "state": "SA",
        "price": "715",
        "price_per_unit": "2383",
        "price_unit": "KG"
      },
      {
        "state": "TAS",
        "price": "715",
        "price_per_unit": "2383",
        "price_unit": "KG"
      },
      {
        "state": "ACT",
        "price": "715",
        "price_per_unit": "2383",
        "price_unit": "KG"
      }
    ]
  },
  {
    "source_url": "https://www.woolworths.com.au/shop/productdetails/118212/plantein-plant-based-garlic-kyivs",
    "name": "Plantein Plant Based Garlic Kyivs 300G",
    "image_url": "https://cdn1.woolworths.media/content/wowproductimages/large/118212.jpg",
    "source_id": "Woolworths - 118212",
    "barcode": "9330752003471",
    "shop": "Woolworths",
    "weight": "1KG",
    "prices": [
      {
        "state": "NSW",
        "price": "800",
        "price_per_unit": "2667",
        "price_unit": "KG"
      },
      {
        "state": "QLD",
        "price": "800",
        "price_per_unit": "2667",
        "price_unit": "KG"
      },
      {
        "state": "WA",
        "price": "800",
        "price_per_unit": "2667",
        "price_unit": "KG"
      },
      {
        "state": "SA",
        "price": "800",
        "price_per_unit": "2667",
        "price_unit": "KG"
      }
    ]
  },
  {
    "source_url": "https://www.woolworths.com.au/shop/productdetails/176963/plantein-plant-based-sweet-chilli-tenders",
    "name": "Plantein Plant Based Sweet Chilli Tenders 300g",
    "image_url": "https://cdn1.woolworths.media/content/wowproductimages/large/176963.jpg",
    "source_id": "Woolworths - 176963",
    "barcode": "9330752003969",
    "shop": "Woolworths",
    "weight": "1KG",
    "prices": [
      {
        "state": "NSW",
        "price": "800",
        "price_per_unit": "2667",
        "price_unit": "KG"
      },
      {
        "state": "QLD",
        "price": "800",
        "price_per_unit": "2667",
        "price_unit": "KG"
      },
      {
        "state": "WA",
        "price": "800",
        "price_per_unit": "2667",
        "price_unit": "KG"
      },
      {
        "state": "SA",
        "price": "800",
        "price_per_unit": "2667",
        "price_unit": "KG"
      },
      {
        "state": "ACT",
        "price": "800",
        "price_per_unit": "2667",
        "price_unit": "KG"
      },
      {
        "state": "NT",
        "price": "800",
        "price_per_unit": "2667",
        "price_unit": "KG"
      }
    ]
  },
  {
    "source_url": "https://www.woolworths.com.au/shop/productdetails/920897/v2-plant-protein-burger",
    "name": "V2 Plant Protein Burger 4 pack",
    "image_url": "https://cdn1.woolworths.media/content/wowproductimages/large/920897.jpg",
    "source_id": "Woolworths - 920897",
    "barcode": "9356418003562",
    "shop": "Woolworths",
    "weight": "1KG",
    "prices": [
      {
        "state": "NSW",
        "price": "1000",
        "price_per_unit": "2212",
        "price_unit": "KG"
      },
      {
        "state": "VIC",
        "price": "1000",
        "price_per_unit": "2212",
        "price_unit": "KG"
      },
      {
        "state": "QLD",
        "price": "1000",
        "price_per_unit": "2212",
        "price_unit": "KG"
      },
      {
        "state": "WA",
        "price": "1000",
        "price_per_unit": "2212",
        "price_unit": "KG"
      },
      {
        "state": "SA",
        "price": "1000",
        "price_per_unit": "2212",
        "price_unit": "KG"
      },
      {
        "state": "ACT",
        "price": "1000",
        "price_per_unit": "2212",
        "price_unit": "KG"
      }
    ]
  },
  {
    "source_url": "https://www.woolworths.com.au/shop/productdetails/288471/made-with-plants-meat-free-bacon",
    "name": "Made With Plants Meat Free Bacon 160g",
    "image_url": "https://cdn1.woolworths.media/content/wowproductimages/large/288471.jpg",
    "source_id": "Woolworths - 288471",
    "barcode": "9354853001341",
    "shop": "Woolworths",
    "weight": "1KG",
    "prices": [
      {
        "state": "VIC",
        "price": "760",
        "price_per_unit": "4750",
        "price_unit": "KG"
      },
      {
        "state": "VIC",
        "price": "760",
        "price_per_unit": "4750",
        "price_unit": "KG"
      },
      {
        "state": "QLD",
        "price": "760",
        "price_per_unit": "4750",
        "price_unit": "KG"
      },
      {
        "state": "QLD",
        "price": "760",
        "price_per_unit": "4750",
        "price_unit": "KG"
      },
      {
        "state": "WA",
        "price": "760",
        "price_per_unit": "4750",
        "price_unit": "KG"
      },
      {
        "state": "WA",
        "price": "760",
        "price_per_unit": "4750",
        "price_unit": "KG"
      },
      {
        "state": "SA",
        "price": "760",
        "price_per_unit": "4750",
        "price_unit": "KG"
      },
      {
        "state": "SA",
        "price": "760",
        "price_per_unit": "4750",
        "price_unit": "KG"
      },
      {
        "state": "ACT",
        "price": "760",
        "price_per_unit": "4750",
        "price_unit": "KG"
      },
      {
        "state": "ACT",
        "price": "760",
        "price_per_unit": "4750",
        "price_unit": "KG"
      }
    ]
  },
  {
    "source_url": "https://www.woolworths.com.au/shop/productdetails/922814/unreal-co-plant-based-sausages-brekky-bangers",
    "name": "Unreal Co. Plant Based Sausages Brekky Bangers 6 pack",
    "image_url": "https://cdn1.woolworths.media/content/wowproductimages/large/922814.jpg",
    "source_id": "Woolworths - 922814",
    "barcode": "9352435099014",
    "shop": "Woolworths",
    "weight": "1KG",
    "prices": [
      {
        "state": "VIC",
        "price": "600",
        "price_per_unit": "1714",
        "price_unit": "KG"
      },
      {
        "state": "VIC",
        "price": "600",
        "price_per_unit": "1714",
        "price_unit": "KG"
      },
      {
        "state": "WA",
        "price": "600",
        "price_per_unit": "1714",
        "price_unit": "KG"
      },
      {
        "state": "WA",
        "price": "600",
        "price_per_unit": "1714",
        "price_unit": "KG"
      },
      {
        "state": "SA",
        "price": "600",
        "price_per_unit": "1714",
        "price_unit": "KG"
      },
      {
        "state": "SA",
        "price": "600",
        "price_per_unit": "1714",
        "price_unit": "KG"
      },
      {
        "state": "TAS",
        "price": "600",
        "price_per_unit": "1714",
        "price_unit": "KG"
      },
      {
        "state": "TAS",
        "price": "600",
        "price_per_unit": "1714",
        "price_unit": "KG"
      }
    ]
  },
  {
    "source_url": "https://www.woolworths.com.au/shop/productdetails/922722/v2-plant-protein-schnitzel",
    "name": "V2 Plant Protein Schnitzel 2 pack",
    "image_url": "https://cdn1.woolworths.media/content/wowproductimages/large/922722.jpg",
    "source_id": "Woolworths - 922722",
    "barcode": "9356418003586",
    "shop": "Woolworths",
    "weight": "1KG",
    "prices": [
      {
        "state": "SA",
        "price": "850",
        "price_per_unit": "2833",
        "price_unit": "KG"
      },
      {
        "state": "SA",
        "price": "850",
        "price_per_unit": "2833",
        "price_unit": "KG"
      },
      {
        "state": "TAS",
        "price": "850",
        "price_per_unit": "2833",
        "price_unit": "KG"
      },
      {
        "state": "TAS",
        "price": "850",
        "price_per_unit": "2833",
        "price_unit": "KG"
      }
    ]
  },
  {
    "source_url": "https://www.woolworths.com.au/shop/productdetails/162607/woolworths-vegetable-spring-rolls-chilled-meal",
    "name": "Woolworths Vegetable Spring Rolls Chilled Meal 200g",
    "image_url": "https://cdn1.woolworths.media/content/wowproductimages/large/162607.jpg",
    "source_id": "Woolworths - 162607",
    "barcode": "9339687265008",
    "shop": "Woolworths",
    "weight": "100G",
    "prices": []
  }
]