[
  {
    "source_url": "https://www.woolworths.com.au/shop/productdetails/53732/woolworths-honey-fig-glaze",
    "name": "Woolworths Honey & Fig Glaze 250g",
    "image_url": "https://cdn1.woolworths.media/content/wowproductimages/large/053732.jpg",
    "source_id": "Woolworths - 53732",
    "barcode": "9339687104345",
    "shop": "Woolworths",
    "weight": "100G",
    "prices": []
  },
  {
    "source_url": "https://www.woolworths.com.au/shop/productdetails/679072/bio-cheese-dairy-free-feta",
    "name": "Bio Cheese Dairy Free Feta 200g",
    "image_url": "https://cdn1.woolworths.media/content/wowproductimages/large/679072.jpg",
    "source_id": "Woolworths - 679072",
    "barcode": "9348204000220",
    "shop": "Woolworths",
    "weight": "1KG",
    "prices": [
      {
        "state": "NSW",
        "price": "700",
        "price_per_unit": "3500",
        "price_unit": "KG"
      },
      {
        "state": "NSW",
        "price": "700",
        "price_per_unit": "3500",
        "price_unit": "KG"
      },
      {
        "state": "VIC",
        "price": "700",
        "price_per_unit": "3500",
        "price_unit": "KG"
      },
      {
        "state": "VIC",
        "price": "700",
        "price_per_unit": "3500",
        "price_unit": "KG"
      },
      {
        "state": "QLD",
        "price": "700",
        "price_per_unit": "3500",
        "price_unit": "KG"
      },
      {
        "state": "QLD",
        "price": "700",
        "price_per_unit": "3500",
        "price_unit": "KG"
      },
      {
        "state": "WA",
        "price": "700",
        "price_per_unit": "3500",
        "price_unit": "KG"
      },
      {
        "state": "WA",
        "price": "700",
        "price_per_unit": "3500",
        "price_unit": "KG"
      },
      {
        "state": "SA",
        "price": "700",
        "price_per_unit": "3500",
        "price_unit": "KG"
      },
      {
        "state": "SA",
        "price": "700",
        "price_per_unit": "3500",
        "price_unit": "KG"
      },
      {
        "state": "TAS",
        "price": "700",
        "price_per_unit": "3500",
        "price_unit": "KG"
      },
      {
        "state": "TAS",
        "price": "700",
        "price_per_unit": "3500",
        "price_unit": "KG"
      },
      {
        "state": "ACT",
        "price": "700",
        "price_per_unit": "3500",
        "price_unit": "KG"
      },
      {
        "state": "ACT",
        "price": "700",
        "price_per_unit": "3500",
        "price_unit": "KG"
      },
      {
        "state": "NT",
        "price": "700",
        "price_per_unit": "3500",
        "price_unit": "KG"
      },
      {
        "state": "NT",
        "price": "700",
        "price_per_unit": "3500",
        "price_unit": "KG"
      }
    ]
  },
  {
    "source_url": "https://www.woolworths.com.au/shop/productdetails/107323/bio-dairy-free-cheese-spread",
    "name": "Bio Dairy Free Cheese Spread 150g",
    "image_url": "https://cdn1.woolworths.media/content/wowproductimages/large/107323.jpg",
    "source_id": "Woolworths - 107323",
    "barcode": "9348204000237",
    "shop": "Woolworths",
    "weight": "1KG",
    "prices": [
      {
        "state": "NSW",
        "price": "600",
        "price_per_unit": "4000",
        "price_unit": "KG"
      },
      {
        "state": "NSW",
        "price": "600",
        "price_per_unit": "4000",
        "price_unit": "KG"
      },
      {
        "state": "VIC",
        "price": "600",
        "price_per_unit": "4000",
        "price_unit": "KG"
      },
      {
        "state": "VIC",
        "price": "600",
        "price_per_unit": "4000",
        "price_unit": "KG"
      },
      {
        "state": "QLD",
        "price": "600",
        "price_per_unit": "4000",
        "price_unit": "KG"
      },
      {
        "state": "QLD",
        "price": "600",
        "price_per_unit": "4000",
        "price_unit": "KG"
      },
      {
        "state": "WA",
        "price": "600",
        "price_per_unit": "4000",
        "price_unit": "KG"
      },
      {
        "state": "WA",
        "price": "600",
        "price_per_unit": "4000",
        "price_unit": "KG"
      },
      {
        "state": "SA",
        "price": "600",
        "price_per_unit": "4000",
        "price_unit": "KG"
      },
      {
        "state": "SA",
        "price": "600",
        "price_per_unit": "4000",
        "price_unit": "KG"
      },
      {
        "state": "TAS",
        "price": "600",
        "price_per_unit": "4000",
        "price_unit": "KG"
      },
      {
        "state": "TAS",
        "price": "600",
        "price_per_unit": "4000",
        "price_unit": "KG"
      },
      {
        "state": "ACT",
        "price": "600",
        "price_per_unit": "4000",
        "price_unit": "KG"
      },
      {
        "state": "ACT",
        "price": "600",
        "price_per_unit": "4000",
        "price_unit": "KG"
      },
      {
        "state": "NT",
        "price": "600",
        "price_per_unit": "4000",
        "price_unit": "KG"
      },
      {
        "state": "NT",
        "price": "600",
        "price_per_unit": "4000",
        "price_unit": "KG"
      }
    ]
  },
  {
    "source_url": "https://www.woolworths.com.au/shop/productdetails/627088/evergreen-hard-tofu",
    "name": "Evergreen Hard Tofu 300g",
    "image_url": "https://cdn1.woolworths.media/content/wowproductimages/large/627088.jpg",
    "source_id": "Woolworths - 627088",
    "barcode": "9323536720015",
    "shop": "Woolworths",
    "weight": "1KG",
    "prices": [
      {
        "state": "NSW",
        "price": "500",
        "price_per_unit": "1667",
        "price_unit": "KG"
      },
      {
        "state": "NSW",
        "price": "500",
        "price_per_unit": "1667",
        "price_unit": "KG"
      },
      {
        "state": "VIC",
        "price": "500",
        "price_per_unit": "1667",
        "price_unit": "KG"
      },
      {
        "state": "VIC",
        "price": "500",
        "price_per_unit": "1667",
        "price_unit": "KG"
      },
      {
        "state": "QLD",
        "price": "500",
        "price_per_unit": "1667",
        "price_unit": "KG"
      },
      {
        "state": "QLD",
        "price": "500",
        "price_per_unit": "1667",
        "price_unit": "KG"
      },
      {
        "state": "WA",
        "price": "500",
        "price_per_unit": "1667",
        "price_unit": "KG"
      },
      {
        "state": "WA",
        "price": "500",
        "price_per_unit": "1667",
        "price_unit": "KG"
      },
      {
        "state": "SA",
        "price": "500",
        "price_per_unit": "1667",
        "price_unit": "KG"
      },
      {
        "state": "SA",
        "price": "500",
        "price_per_unit": "1667",
        "price_unit": "KG"
      },
      {
        "state": "NT",
        "price": "500",
        "price_per_unit": "1667",
        "price_unit": "KG"
      },
      {
        "state": "NT",
        "price": "500",
        "price_per_unit": "1667",
        "price_unit": "KG"
      }
    ]
  },
  {
    "source_url": "https://www.woolworths.com.au/shop/productdetails/198332/impossible-plant-based-beef-mince",
    "name": "Impossible Plant Based Beef Mince 340g",
    "image_url": "https://cdn1.woolworths.media/content/wowproductimages/large/198332.jpg",
    "source_id": "Woolworths - 198332",
    "barcode": "1220000340008",
    "shop": "Woolworths",
    "weight": "1KG",
    "prices": [
      {
        "state": "NSW",
        "price": "1035",
        "price_per_unit": "3044",
        "price_unit": "KG"
      },
      {
        "state": "NSW",
        "price": "1035",
        "price_per_unit": "3044",
        "price_unit": "KG"
      },
      {
        "state": "QLD",
        "price": "1035",
        "price_per_unit": "3044",
        "price_unit": "KG"
      },
      {
        "state": "QLD",
        "price": "1035",
        "price_per_unit": "3044",
        "price_unit": "KG"
      },
      {
        "state": "WA",
        "price": "1035",
        "price_per_unit": "3044",
        "price_unit": "KG"
      },
      {
        "state": "WA",
        "price": "1035",
        "price_per_unit": "3044",
        "price_unit": "KG"
      },
      {
        "state": "SA",
        "price": "1035",
        "price_per_unit": "3044",
        "price_unit": "KG"
      },
      {
        "state": "SA",
        "price": "1035",
        "price_per_unit": "3044",
        "price_unit": "KG"
      },
      {
        "state": "NT",
        "price": "1035",
        "price_per_unit": "3044",
        "price_unit": "KG"
      },
      {
        "state": "NT",
        "price": "1035",
        "price_per_unit": "3044",
        "price_unit": "KG"
      }
    ]
  },
  {
    "source_url": "https://www.woolworths.com.au/shop/productdetails/695085/macro-classic-tofu-regular",
    "name": "Macro Classic Tofu Regular 300g",
    "image_url": "https://cdn1.woolworths.media/content/wowproductimages/large/695085.jpg",
    "source_id": "Woolworths - 695085",
    "barcode": "9300633324704",
    "shop": "Woolworths",
    "weight": "1KG",
    "prices": [
      {
        "state": "NSW",
        "price": "230",
        "price_per_unit": "767",
        "price_unit": "KG"
      },
      {
        "state": "NSW",
        "price": "230",
        "price_per_unit": "767",
        "price_unit": "KG"
      },
      {
        "state": "VIC",
        "price": "230",
        "price_per_unit": "767",
        "price_unit": "KG"
      },
      {
        "state": "VIC",
        "price": "230",
        "price_per_unit": "767",
        "price_unit": "KG"
      },
      {
        "state": "QLD",
        "price": "230",
        "price_per_unit": "767",
        "price_unit": "KG"
      },
      {
        "state": "QLD",
        "price": "230",
        "price_per_unit": "767",
        "price_unit": "KG"
      },
      {
        "state": "WA",
        "price": "230",
        "price_per_unit": "767",
        "price_unit": "KG"
      },
      {
        "state": "WA",
        "price": "230",
        "price_per_unit": "767",
        "price_unit": "KG"
      },
      {
        "state": "SA",
        "price": "230",
        "price_per_unit": "767",
        "price_unit": "KG"
      },
      {
        "state": "SA",
        "price": "230",
        "price_per_unit": "767",
        "price_unit": "KG"
      },
      {
        "state": "TAS",
        "price": "230",
        "price_per_unit": "767",
        "price_unit": "KG"
      },
      {
        "state": "TAS",
        "price": "230",
        "price_per_unit": "767",
        "price_unit": "KG"
      },
      {
        "state": "ACT",
        "price": "230",
        "price_per_unit": "767",
        "price_unit": "KG"
      },
      {
        "state": "ACT",
        "price": "230",
        "price_per_unit": "767",
        "price_unit": "KG"
      },
      {
        "state": "NT",
        "price": "230",
        "price_per_unit": "767",
        "price_unit": "KG"
      },
      {
        "state": "NT",
        "price": "230",
        "price_per_unit": "767",
        "price_unit": "KG"
      }
    ]
  },
  {
    "source_url": "https://www.woolworths.com.au/shop/productdetails/695086/macro-classic-tofu-regular-firmness",
    "name": "Macro Classic Tofu Regular Firmness 500g",
    "image_url": "https://cdn1.woolworths.media/content/wowproductimages/large/695086.jpg",
    "source_id": "Woolworths - 695086",
    "barcode": "9300633324711",
    "shop": "Woolworths",
    "weight": "1KG",
    "prices": [
      {
        "state": "NSW",
        "price": "450",
        "price_per_unit": "900",
        "price_unit": "KG"
      },
      {
        "state": "NSW",
        "price": "450",
        "price_per_unit": "900",
        "price_unit": "KG"
      },
      {
        "state": "VIC",
        "price": "450",
        "price_per_unit": "900",
        "price_unit": "KG"
      },
      {
        "state": "VIC",
        "price": "450",
        "price_per_unit": "900",
        "price_unit": "KG"
      },
      {
        "state": "QLD",
        "price": "450",
        "price_per_unit": "900",
        "price_unit": "KG"
      },
      {
        "state": "QLD",
        "price": "450",
        "price_per_unit": "900",
        "price_unit": "KG"
      },
      {
        "state": "WA",
        "price": "450",
        "price_per_unit": "900",
        "price_unit": "KG"
      },
      {
        "state": "WA",
        "price": "450",
        "price_per_unit": "900",
        "price_unit": "KG"
      },
      {
        "state": "SA",
        "price": "450",
        "price_per_unit": "900",
        "price_unit": "KG"
      },
      {
        "state": "SA",
        "price": "450",
        "price_per_unit": "900",
        "price_unit": "KG"
      },
      {
        "state": "TAS",
        "price": "450",
        "price_per_unit": "900",
        "price_unit": "KG"
      },
      {
        "state": "TAS",
        "price": "450",
        "price_per_unit": "900",
        "price_unit": "KG"
      },
      {
        "state": "ACT",
        "price": "450",
        "price_per_unit": "900",
        "price_unit": "KG"
      },
      {
        "state": "ACT",
        "price": "450",
        "price_per_unit": "900",
        "price_unit": "KG"
      },
      {
        "state": "NT",
        "price": "450",
        "price_per_unit": "900",
        "price_unit": "KG"
      },
      {
        "state": "NT",
        "price": "450",
        "price_per_unit": "900",
        "price_unit": "KG"
      }
    ]
  },
  {
    "source_url": "https://www.woolworths.com.au/shop/productdetails/23038/macro-firm-tofu",
    "name": "Macro Firm Tofu 450g",
    "image_url": "https://cdn1.woolworths.media/content/wowproductimages/large/023038.jpg",
    "source_id": "Woolworths - 23038",
    "barcode": "9339687095230",
    "shop": "Woolworths",
    "weight": "1KG",
    "prices": [
      {
        "state": "NSW",
        "price": "300",
        "price_per_unit": "667",
        "price_unit": "KG"
      },
      {
        "state": "NSW",
        "price": "300",
        "price_per_unit": "667",
        "price_unit": "KG"
      },
      {
        "state": "VIC",
        "price": "300",
        "price_per_unit": "667",
        "price_unit": "KG"
      },
      {
        "state": "VIC",
        "price": "300",
        "price_per_unit": "667",
        "price_unit": "KG"
      },
      {
        "state": "QLD",
        "price": "300",
        "price_per_unit": "667",
        "price_unit": "KG"
      },
      {
        "state": "QLD",
        "price": "300",
        "price_per_unit": "667",
        "price_unit": "KG"
      },
      {
        "state": "WA",
        "price": "300",
        "price_per_unit": "667",
        "price_unit": "KG"
      },
      {
        "state": "WA",
        "price": "300",
        "price_per_unit": "667",
        "price_unit": "KG"
      },
      {
        "state": "SA",
        "price": "300",
        "price_per_unit": "667",
        "price_unit": "KG"
      },
      {
        "state": "SA",
        "price": "300",
        "price_per_unit": "667",
        "price_unit": "KG"
      },
      {
        "state": "TAS",
        "price": "300",
        "price_per_unit": "667",
        "price_unit": "KG"
      },
      {
        "state": "TAS",
        "price": "300",
        "price_per_unit": "667",
        "price_unit": "KG"
      },
      {
        "state": "ACT",
        "price": "300",
        "price_per_unit": "667",
        "price_unit": "KG"
      },
      {
        "state": "ACT",
        "price": "300",
        "price_per_unit": "667",
        "price_unit": "KG"
      },
      {
        "state": "NT",
        "price": "300",
        "price_per_unit": "667",
        "price_unit": "KG"
      },
      {
        "state": "NT",
        "price": "300",
        "price_per_unit": "667",
        "price_unit": "KG"
      }
    ]
  },
  {
    "source_url": "https://www.woolworths.com.au/shop/productdetails/88186/macro-plain-tempeh",
    "name": "Macro Plain Tempeh 300g",
    "image_url": "https://cdn1.woolworths.media/content/wowproductimages/large/088186.jpg",
    "source_id": "Woolworths - 88186",
    "barcode": "9339687167128",
    "shop": "Woolworths",
    "weight": "1KG",
    "prices": [
      {
        "state": "NSW",
        "price": "500",
        "price_per_unit": "1667",
        "price_unit": "KG"
      },
      {
        "state": "NSW",
        "price": "500",
        "price_per_unit": "1667",
        "price_unit": "KG"
      },
      {
        "state": "VIC",
        "price": "500",
        "price_per_unit": "1667",
        "price_unit": "KG"
      },
      {
        "state": "VIC",
        "price": "500",
        "price_per_unit": "1667",
        "price_unit": "KG"
      },
      {
        "state": "QLD",
        "price": "500",
        "price_per_unit": "1667",
        "price_unit": "KG"
      },
      {
        "state": "QLD",
        "price": "500",
        "price_per_unit": "1667",
        "price_unit": "KG"
      },
      {
        "state": "WA",
        "price": "500",
        "price_per_unit": "1667",
        "price_unit": "KG"
      },
      {
        "state": "WA",
        "price": "500",
        "price_per_unit": "1667",
        "price_unit": "KG"
      },
      {
        "state": "SA",
        "price": "500",
        "price_per_unit": "1667",
        "price_unit": "KG"
      },
      {
        "state": "SA",
        "price": "500",
        "price_per_unit": "1667",
        "price_unit": "KG"
      },
      {
        "state": "ACT",
        "price": "500",
        "price_per_unit": "1667",
        "price_unit": "KG"
      },
      {
        "state": "ACT",
        "price": "500",
        "price_per_unit": "1667",
        "price_unit": "KG"
      },
      {
        "state": "NT",
        "price": "500",
        "price_per_unit": "1667",
        "price_unit": "KG"
      },
      {
        "state": "NT",
        "price": "500",
        "price_per_unit": "1667",
        "price_unit": "KG"
      }
    ]
  },
  {
    "source_url": "https://www.woolworths.com.au/shop/productdetails/748945/macro-satay-tofu",
    "name": "Macro Satay Tofu 200g",
    "image_url": "https://cdn1.woolworths.media/content/wowproductimages/large/748945.jpg",
    "source_id": "Woolworths - 748945",
    "barcode": "9300633387174",
    "shop": "Woolworths",
    "weight": "1KG",
    "prices": [
      {
        "state": "NSW",
        "price": "450",
        "price_per_unit": "2250",
        "price_unit": "KG"
      },
      {
        "state": "NSW",
        "price": "450",
        "price_per_unit": "2250",
        "price_unit": "KG"
      },
      {
        "state": "VIC",
        "price": "450",
        "price_per_unit": "2250",
        "price_unit": "KG"
      },
      {
        "state": "VIC",
        "price": "450",
        "price_per_unit": "2250",
        "price_unit": "KG"
      },
      {
        "state": "QLD",
        "price": "450",
        "price_per_unit": "2250",
        "price_unit": "KG"
      },
      {
        "state": "QLD",
        "price": "450",
        "price_per_unit": "2250",
        "price_unit": "KG"
      },
      {
        "state": "WA",
        "price": "450",
        "price_per_unit": "2250",
        "price_unit": "KG"
      },
      {
        "state": "WA",
        "price": "450",
        "price_per_unit": "2250",
        "price_unit": "KG"
      },
      {
        "state": "SA",
        "price": "450",
        "price_per_unit": "2250",
        "price_unit": "KG"
      },
      {
        "state": "SA",
        "price": "450",
        "price_per_unit": "2250",
        "price_unit": "KG"
      },
      {
        "state": "TAS",
        "price": "450",
        "price_per_unit": "2250",
        "price_unit": "KG"
      },
      {
        "state": "TAS",
        "price": "450",
        "price_per_unit": "2250",
        "price_unit": "KG"
      },
      {
        "state": "ACT",
        "price": "450",
        "price_per_unit": "2250",
        "price_unit": "KG"
      },
      {
        "state": "ACT",
        "price": "450",
        "price_per_unit": "2250",
        "price_unit": "KG"
      },
      {
        "state": "NT",
        "price": "450",
        "price_per_unit": "2250",
        "price_unit": "KG"
      },
      {
        "state": "NT",
        "price": "450",
        "price_per_unit": "2250",
        "price_unit": "KG"
      }
    ]
  },
  {
    "source_url": "https://www.woolworths.com.au/shop/productdetails/695083/macro-silken-tofu",
    "name": "Macro Silken Tofu 300g",
    "image_url": "https://cdn1.woolworths.media/content/wowproductimages/large/695083.jpg",
    "source_id": "Woolworths - 695083",
    "barcode": "9300633324681",
    "shop": "Woolworths",
    "weight": "1KG",
    "prices": [
      {
        "state": "NSW",
        "price": "230",
        "price_per_unit": "767",
        "price_unit": "KG"
      },
      {
        "state": "NSW",
        "price": "230",
        "price_per_unit": "767",
        "price_unit": "KG"
      },
      {
        "state": "VIC",
        "price": "230",
        "price_per_unit": "767",
        "price_unit": "KG"
      },
      {
        "state": "VIC",
        "price": "230",
        "price_per_unit": "767",
        "price_unit": "KG"
      },
      {
        "state": "QLD",
        "price": "230",
        "price_per_unit": "767",
        "price_unit": "KG"
      },
      {
        "state": "QLD",
        "price": "230",
        "price_per_unit": "767",
        "price_unit": "KG"
      },
      {
        "state": "WA",
        "price": "230",
        "price_per_unit": "767",
        "price_unit": "KG"
      },
      {
        "state": "WA",
        "price": "230",
        "price_per_unit": "767",
        "price_unit": "KG"
      },
      {
        "state": "SA",
        "price": "230",
        "price_per_unit": "767",
        "price_unit": "KG"
      },
      {
        "state": "SA",
        "price": "230",
        "price_per_unit": "767",
        "price_unit": "KG"
      },
      {
        "state": "TAS",
        "price": "230",
        "price_per_unit": "767",
        "price_unit": "KG"
      },
      {
        "state": "TAS",
        "price": "230",
        "price_per_unit": "767",
        "price_unit": "KG"
      },
      {
        "state": "ACT",
        "price": "230",
        "price_per_unit": "767",
        "price_unit": "KG"
      },
      {
        "state": "ACT",
        "price": "230",
        "price_per_unit": "767",
        "price_unit": "KG"
      },
      {
        "state": "NT",
        "price": "230",
        "price_per_unit": "767",
        "price_unit": "KG"
      },
      {
        "state": "NT",
        "price": "230",
        "price_per_unit": "767",
        "price_unit": "KG"
      }
    ]
  },
  {
    "source_url": "https://www.woolworths.com.au/shop/productdetails/164030/plantitude-pastrami-plant-based-slices-vegan",
    "name": "Plantitude Pastrami Plant Based Slices 90g",
    "image_url": "https://cdn1.woolworths.media/content/wowproductimages/large/164030.jpg",
    "source_id": "Woolworths - 164030",
    "barcode": "9339687265343",
    "shop": "Woolworths",
    "weight": "1KG",
    "prices": [
      {
        "state": "VIC",
        "price": "500",
        "price_per_unit": "5556",
        "price_unit": "KG"
      },
      {
        "state": "VIC",
        "price": "500",
        "price_per_unit": "5556",
        "price_unit": "KG"
      },
      {
        "state": "QLD",
        "price": "500",
        "price_per_unit": "5556",
        "price_unit": "KG"
      },
      {
        "state": "QLD",
        "price": "500",
        "price_per_unit": "5556",
        "price_unit": "KG"
      },
      {
        "state": "WA",
        "price": "500",
        "price_per_unit": "5556",
        "price_unit": "KG"
      },
      {
        "state": "WA",
        "price": "500",
        "price_per_unit": "5556",
        "price_unit": "KG"
      },
      {
        "state": "SA",
        "price": "500",
        "price_per_unit": "5556",
        "price_unit": "KG"
      },
      {
        "state": "SA",
        "price": "500",
        "price_per_unit": "5556",
        "price_unit": "KG"
      },
      {
        "state": "ACT",
        "price": "500",
        "price_per_unit": "5556",
        "price_unit": "KG"
      },
      {
        "state": "ACT",
        "price": "500",
        "price_per_unit": "5556",
        "price_unit": "KG"
      },
      {
        "state": "NT",
        "price": "500",
        "price_per_unit": "5556",
        "price_unit": "KG"
      },
      {
        "state": "NT",
        "price": "500",
        "price_per_unit": "5556",
        "price_unit": "KG"
      }
    ]
  },
  {
    "source_url": "https://www.woolworths.com.au/shop/productdetails/164233/plantitude-salami-plant-based-slices-vegan",
    "name": "Plantitude Salami Plant Based Slices 90g",
    "image_url": "https://cdn1.woolworths.media/content/wowproductimages/large/164233.jpg",
    "source_id": "Woolworths - 164233",
    "barcode": "9339687265350",
    "shop": "Woolworths",
    "weight": "1KG",
    "prices": [
      {
        "state": "VIC",
        "price": "500",
        "price_per_unit": "5556",
        "price_unit": "KG"
      },
      {
        "state": "VIC",
        "price": "500",
        "price_per_unit": "5556",
        "price_unit": "KG"
      },
      {
        "state": "QLD",
        "price": "500",
        "price_per_unit": "5556",
        "price_unit": "KG"
      },
      {
        "state": "QLD",
        "price": "500",
        "price_per_unit": "5556",
        "price_unit": "KG"
      },
      {
        "state": "WA",
        "price": "500",
        "price_per_unit": "5556",
        "price_unit": "KG"
      },
      {
        "state": "WA",
        "price": "500",
        "price_per_unit": "5556",
        "price_unit": "KG"
      },
      {
        "state": "SA",
        "price": "500",
        "price_per_unit": "5556",
        "price_unit": "KG"
      },
      {
        "state": "SA",
        "price": "500",
        "price_per_unit": "5556",
        "price_unit": "KG"
      },
      {
        "state": "ACT",
        "price": "500",
        "price_per_unit": "5556",
        "price_unit": "KG"
      },
      {
        "state": "ACT",
        "price": "500",
        "price_per_unit": "5556",
        "price_unit": "KG"
      },
      {
        "state": "NT",
        "price": "500",
        "price_per_unit": "5556",
        "price_unit": "KG"
      },
      {
        "state": "NT",
        "price": "500",
        "price_per_unit": "5556",
        "price_unit": "KG"
      }
    ]
  },
  {
    "source_url": "https://www.woolworths.com.au/shop/productdetails/164028/plantitude-smoked-ham-plant-based-slices-vegan",
    "name": "Plantitude Smoked Ham Plant Based Slices 90g",
    "image_url": "https://cdn1.woolworths.media/content/wowproductimages/large/164028.jpg",
    "source_id": "Woolworths - 164028",
    "barcode": "9339687265329",
    "shop": "Woolworths",
    "weight": "1KG",
    "prices": [
      {
        "state": "NSW",
        "price": "500",
        "price_per_unit": "5556",
        "price_unit": "KG"
      },
      {
        "state": "NSW",
        "price": "500",
        "price_per_unit": "5556",
        "price_unit": "KG"
      },
      {
        "state": "VIC",
        "price": "500",
        "price_per_unit": "5556",
        "price_unit": "KG"
      },
      {
        "state": "VIC",
        "price": "500",
        "price_per_unit": "5556",
        "price_unit": "KG"
      },
      {
        "state": "QLD",
        "price": "500",
        "price_per_unit": "5556",
        "price_unit": "KG"
      },
      {
        "state": "QLD",
        "price": "500",
        "price_per_unit": "5556",
        "price_unit": "KG"
      },
      {
        "state": "WA",
        "price": "500",
        "price_per_unit": "5556",
        "price_unit": "KG"
      },
      {
        "state": "WA",
        "price": "500",
        "price_per_unit": "5556",
        "price_unit": "KG"
      },
      {
        "state": "SA",
        "price": "500",
        "price_per_unit": "5556",
        "price_unit": "KG"
      },
      {
        "state": "SA",
        "price": "500",
        "price_per_unit": "5556",
        "price_unit": "KG"
      },
      {
        "state": "ACT",
        "price": "500",
        "price_per_unit": "5556",
        "price_unit": "KG"
      },
      {
        "state": "ACT",
        "price": "500",
        "price_per_unit": "5556",
        "price_unit": "KG"
      },
      {
        "state": "NT",
        "price": "500",
        "price_per_unit": "5556",
        "price_unit": "KG"
      },
      {
        "state": "NT",
        "price": "500",
        "price_per_unit": "5556",
        "price_unit": "KG"
      }
    ]
  },
  {
    "source_url": "https://www.woolworths.com.au/shop/productdetails/65255/unreal-co-plant-based-beefy-brat-sausages",
    "name": "Unreal Co. Plant Based Beefy Brat Sausages 350g",
    "image_url": "https://cdn1.woolworths.media/content/wowproductimages/large/065255.jpg",
    "source_id": "Woolworths - 65255",
    "barcode": "9353712000297",
    "shop": "Woolworths",
    "weight": "1KG",
    "prices": [
      {
        "state": "NSW",
        "price": "600",
        "price_per_unit": "1714",
        "price_unit": "KG"
      },
      {
        "state": "NSW",
        "price": "600",
        "price_per_unit": "1714",
        "price_unit": "KG"
      },
      {
        "state": "WA",
        "price": "600",
        "price_per_unit": "1714",
        "price_unit": "KG"
      },
      {
        "state": "WA",
        "price": "600",
        "price_per_unit": "1714",
        "price_unit": "KG"
      },
      {
        "state": "SA",
        "price": "600",
        "price_per_unit": "1714",
        "price_unit": "KG"
      },
      {
        "state": "SA",
        "price": "600",
        "price_per_unit": "1714",
        "price_unit": "KG"
      },
      {
        "state": "ACT",
        "price": "600",
        "price_per_unit": "1714",
        "price_unit": "KG"
      },
      {
        "state": "ACT",
        "price": "600",
        "price_per_unit": "1714",
        "price_unit": "KG"
      }
    ]
  },
  {
    "source_url": "https://www.woolworths.com.au/shop/productdetails/65254/unreal-co-plant-based-chick-n-chives-sausages",
    "name": "Unreal Co. Plant Based Chick'n Chives Sausages 350g",
    "image_url": "https://cdn1.woolworths.media/content/wowproductimages/large/065254.jpg",
    "source_id": "Woolworths - 65254",
    "barcode": "9353712000174",
    "shop": "Woolworths",
    "weight": "1KG",
    "prices": [
      {
        "state": "NSW",
        "price": "600",
        "price_per_unit": "1714",
        "price_unit": "KG"
      },
      {
        "state": "NSW",
        "price": "600",
        "price_per_unit": "1714",
        "price_unit": "KG"
      },
      {
        "state": "QLD",
        "price": "600",
        "price_per_unit": "1714",
        "price_unit": "KG"
      },
      {
        "state": "QLD",
        "price": "600",
        "price_per_unit": "1714",
        "price_unit": "KG"
      },
      {
        "state": "WA",
        "price": "600",
        "price_per_unit": "1714",
        "price_unit": "KG"
      },
      {
        "state": "WA",
        "price": "600",
        "price_per_unit": "1714",
        "price_unit": "KG"
      },
      {
        "state": "SA",
        "price": "600",
        "price_per_unit": "1714",
        "price_unit": "KG"
      },
      {
        "state": "SA",
        "price": "600",
        "price_per_unit": "1714",
        "price_unit": "KG"
      },
      {
        "state": "TAS",
        "price": "600",
        "price_per_unit": "1714",
        "price_unit": "KG"
      },
      {
        "state": "TAS",
        "price": "600",
        "price_per_unit": "1714",
        "price_unit": "KG"
      }
    ]
  },
  {
    "source_url": "https://www.woolworths.com.au/shop/productdetails/249729/vegie-delights-plant-based-hot-dogs",
    "name": "Vegie Delights Plant Based Hot Dogs 300g",
    "image_url": "https://cdn1.woolworths.media/content/wowproductimages/large/249729.jpg",
    "source_id": "Woolworths - 249729",
    "barcode": "9349174000494",
    "shop": "Woolworths",
    "weight": "1KG",
    "prices": [
      {
        "state": "NSW",
        "price": "650",
        "price_per_unit": "2167",
        "price_unit": "KG"
      },
      {
        "state": "NSW",
        "price": "650",
        "price_per_unit": "2167",
        "price_unit": "KG"
      },
      {
        "state": "VIC",
        "price": "650",
        "price_per_unit": "2167",
        "price_unit": "KG"
      },
      {
        "state": "VIC",
        "price": "650",
        "price_per_unit": "2167",
        "price_unit": "KG"
      },
      {
        "state": "QLD",
        "price": "650",
        "price_per_unit": "2167",
        "price_unit": "KG"
      },
      {
        "state": "QLD",
        "price": "650",
        "price_per_unit": "2167",
        "price_unit": "KG"
      },
      {
        "state": "WA",
        "price": "650",
        "price_per_unit": "2167",
        "price_unit": "KG"
      },
      {
        "state": "WA",
        "price": "650",
        "price_per_unit": "2167",
        "price_unit": "KG"
      },
      {
        "state": "SA",
        "price": "650",
        "price_per_unit": "2167",
        "price_unit": "KG"
      },
      {
        "state": "SA",
        "price": "650",
        "price_per_unit": "2167",
        "price_unit": "KG"
      },
      {
        "state": "TAS",
        "price": "650",
        "price_per_unit": "2167",
        "price_unit": "KG"
      },
      {
        "state": "TAS",
        "price": "650",
        "price_per_unit": "2167",
        "price_unit": "KG"
      },
      {
        "state": "ACT",
        "price": "650",
        "price_per_unit": "2167",
        "price_unit": "KG"
      },
      {
        "state": "ACT",
        "price": "650",
        "price_per_unit": "2167",
        "price_unit": "KG"
      }
    ]
  },
  {
    "source_url": "https://www.woolworths.com.au/shop/productdetails/249730/vegie-delights-plant-based-vegie-sausages",
    "name": "Vegie Delights Plant Based Vegie Sausages 300g",
    "image_url": "https://cdn1.woolworths.media/content/wowproductimages/large/249730.jpg",
    "source_id": "Woolworths - 249730",
    "barcode": "9349174000500",
    "shop": "Woolworths",
    "weight": "1KG",
    "prices": [
      {
        "state": "NSW",
        "price": "650",
        "price_per_unit": "2167",
        "price_unit": "KG"
      },
      {
        "state": "NSW",
        "price": "650",
        "price_per_unit": "2167",
        "price_unit": "KG"
      },
      {
        "state": "VIC",
        "price": "650",
        "price_per_unit": "2167",
        "price_unit": "KG"
      },
      {
        "state": "VIC",
        "price": "650",
        "price_per_unit": "2167",
        "price_unit": "KG"
      },
      {
        "state": "QLD",
        "price": "650",
        "price_per_unit": "2167",
        "price_unit": "KG"
      },
      {
        "state": "QLD",
        "price": "650",
        "price_per_unit": "2167",
        "price_unit": "KG"
      },
      {
        "state": "WA",
        "price": "650",
        "price_per_unit": "2167",
        "price_unit": "KG"
      },
      {
        "state": "WA",
        "price": "650",
        "price_per_unit": "2167",
        "price_unit": "KG"
      },
      {
        "state": "SA",
        "price": "650",
        "price_per_unit": "2167",
        "price_unit": "KG"
      },
      {
        "state": "SA",
        "price": "650",
        "price_per_unit": "2167",
        "price_unit": "KG"
      },
      {
        "state": "TAS",
        "price": "650",
        "price_per_unit": "2167",
        "price_unit": "KG"
      },
      {
        "state": "TAS",
        "price": "650",
        "price_per_unit": "2167",
        "price_unit": "KG"
      },
      {
        "state": "ACT",
        "price": "650",
        "price_per_unit": "2167",
        "price_unit": "KG"
      },
      {
        "state": "ACT",
        "price": "650",
        "price_per_unit": "2167",
        "price_unit": "KG"
      },
      {
        "state": "NT",
        "price": "650",
        "price_per_unit": "2167",
        "price_unit": "KG"
      },
      {
        "state": "NT",
        "price": "650",
        "price_per_unit": "2167",
        "price_unit": "KG"
      }
    ]
  },
  {
    "source_url": "https://www.woolworths.com.au/shop/productdetails/827222/woolworths-macaroni-cheese-chilled-meal",
    "name": "Woolworths Macaroni & Cheese Chilled Meal 350g",
    "image_url": "https://cdn1.woolworths.media/content/wowproductimages/large/827222.jpg",
    "source_id": "Woolworths - 827222",
    "barcode": "9300633718398",
    "shop": "Woolworths",
    "weight": "100G",
    "prices": [
      {
        "state": "NSW",
        "price": "800",
        "price_per_unit": "229",
        "price_unit": "G"
      },
      {
        "state": "NSW",
        "price": "800",
        "price_per_unit": "229",
        "price_unit": "G"
      },
      {
        "state": "VIC",
        "price": "800",
        "price_per_unit": "229",
        "price_unit": "G"
      },
      {
        "state": "VIC",
        "price": "800",
        "price_per_unit": "229",
        "price_unit": "G"
      },
      {
        "state": "QLD",
        "price": "800",
        "price_per_unit": "229",
        "price_unit": "G"
      },
      {
        "state": "QLD",
        "price": "800",
        "price_per_unit": "229",
        "price_unit": "G"
      },
      {
        "state": "WA",
        "price": "800",
        "price_per_unit": "229",
        "price_unit": "G"
      },
      {
        "state": "WA",
        "price": "800",
        "price_per_unit": "229",
        "price_unit": "G"
      },
      {
        "state": "SA",
        "price": "800",
        "price_per_unit": "229",
        "price_unit": "G"
      },
      {
        "state": "SA",
        "price": "800",
        "price_per_unit": "229",
        "price_unit": "G"
      },
      {
        "state": "TAS",
        "price": "800",
        "price_per_unit": "229",
        "price_unit": "G"
      },
      {
        "state": "TAS",
        "price": "800",
        "price_per_unit": "229",
        "price_unit": "G"
      },
      {
        "state": "ACT",
        "price": "800",
        "price_per_unit": "229",
        "price_unit": "G"
      },
      {
        "state": "ACT",
        "price": "800",
        "price_per_unit": "229",
        "price_unit": "G"
      },
      {
        "state": "NT",
        "price": "800",
        "price_per_unit": "229",
        "price_unit": "G"
      },
      {
        "state": "NT",
        "price": "800",
        "price_per_unit": "229",
        "price_unit": "G"
      }
    ]
  },
  {
    "source_url": "https://www.woolworths.com.au/shop/productdetails/507622/woolworths-spinach-ricotta-cannelloni",
    "name": "Woolworths Spinach & Ricotta Cannelloni 350g",
    "image_url": "https://cdn1.woolworths.media/content/wowproductimages/large/507622.jpg",
    "source_id": "Woolworths - 507622",
    "barcode": "9339687362875",
    "shop": "Woolworths",
    "weight": "100G",
    "prices": [
      {
        "state": "NSW",
        "price": "800",
        "price_per_unit": "229",
        "price_unit": "G"
      },
      {
        "state": "NSW",
        "price": "800",
        "price_per_unit": "229",
        "price_unit": "G"
      },
      {
        "state": "QLD",
        "price": "800",
        "price_per_unit": "229",
        "price_unit": "G"
      },
      {
        "state": "QLD",
        "price": "800",
        "price_per_unit": "229",
        "price_unit": "G"
      },
      {
        "state": "WA",
        "price": "800",
        "price_per_unit": "229",
        "price_unit": "G"
      },
      {
        "state": "WA",
        "price": "800",
        "price_per_unit": "229",
        "price_unit": "G"
      },
      {
        "state": "SA",
        "price": "800",
        "price_per_unit": "229",
        "price_unit": "G"
      },
      {
        "state": "SA",
        "price": "800",
        "price_per_unit": "229",
        "price_unit": "G"
      },
      {
        "state": "TAS",
        "price": "800",
        "price_per_unit": "229",
        "price_unit": "G"
      },
      {
        "state": "TAS",
        "price": "800",
        "price_per_unit": "229",
        "price_unit": "G"
      },
      {
        "state": "ACT",
        "price": "800",
        "price_per_unit": "229",
        "price_unit": "G"
      },
      {
        "state": "ACT",
        "price": "800",
        "price_per_unit": "229",
        "price_unit": "G"
      }
    ]
  },
  {
    "source_url": "https://www.woolworths.com.au/shop/productdetails/345092/yumi-s-original-falafel-balls",
    "name": "Yumi's Original Falafel Balls 225g",
    "image_url": "https://cdn1.woolworths.media/content/wowproductimages/large/345092.jpg",
    "source_id": "Woolworths - 345092",
    "barcode": "9317444001694",
    "shop": "Woolworths",
    "weight": "1KG",
    "prices": [
      {
        "state": "NSW",
        "price": "650",
        "price_per_unit": "2889",
        "price_unit": "KG"
      },
      {
        "state": "NSW",
        "price": "650",
        "price_per_unit": "2889",
        "price_unit": "KG"
      },
      {
        "state": "VIC",
        "price": "650",
        "price_per_unit": "2889",
        "price_unit": "KG"
      },
      {
        "state": "VIC",
        "price": "650",
        "price_per_unit": "2889",
        "price_unit": "KG"
      },
      {
        "state": "QLD",
        "price": "650",
        "price_per_unit": "2889",
        "price_unit": "KG"
      },
      {
        "state": "QLD",
        "price": "650",
        "price_per_unit": "2889",
        "price_unit": "KG"
      },
      {
        "state": "WA",
        "price": "650",
        "price_per_unit": "2889",
        "price_unit": "KG"
      },
      {
        "state": "WA",
        "price": "650",
        "price_per_unit": "2889",
        "price_unit": "KG"
      },
      {
        "state": "SA",
        "price": "650",
        "price_per_unit": "2889",
        "price_unit": "KG"
      },
      {
        "state": "SA",
        "price": "650",
        "price_per_unit": "2889",
        "price_unit": "KG"
      },
      {
        "state": "TAS",
        "price": "650",
        "price_per_unit": "2889",
        "price_unit": "KG"
      },
      {
        "state": "TAS",
        "price": "650",
        "price_per_unit": "2889",
        "price_unit": "KG"
      },
      {
        "state": "ACT",
        "price": "650",
        "price_per_unit": "2889",
        "price_unit": "KG"
      },
      {
        "state": "ACT",
        "price": "650",
        "price_per_unit": "2889",
        "price_unit": "KG"
      },
      {
        "state": "NT",
        "price": "650",
        "price_per_unit": "2889",
        "price_unit": "KG"
      },
      {
        "state": "NT",
        "price": "650",
        "price_per_unit": "2889",
        "price_unit": "KG"
      }
    ]
  },
  {
    "source_url": "https://www.woolworths.com.au/shop/productdetails/153336/yumi-s-pumpkin-spinach-bites",
    "name": "Yumi's Pumpkin & Spinach Bites 225g",
    "image_url": "https://cdn1.woolworths.media/content/wowproductimages/large/153336.jpg",
    "source_id": "Woolworths - 153336",
    "barcode": "9317444001991",
    "shop": "Woolworths",
    "weight": "1KG",
    "prices": [
      {
        "state": "NSW",
        "price": "650",
        "price_per_unit": "2889",
        "price_unit": "KG"
      },
      {
        "state": "NSW",
        "price": "650",
        "price_per_unit": "2889",
        "price_unit": "KG"
      },
      {
        "state": "VIC",
        "price": "650",
        "price_per_unit": "2889",
        "price_unit": "KG"
      },
      {
        "state": "VIC",
        "price": "650",
        "price_per_unit": "2889",
        "price_unit": "KG"
      },
      {
        "state": "QLD",
        "price": "650",
        "price_per_unit": "2889",
        "price_unit": "KG"
      },
      {
        "state": "QLD",
        "price": "650",
        "price_per_unit": "2889",
        "price_unit": "KG"
      },
      {
        "state": "WA",
        "price": "650",
        "price_per_unit": "2889",
        "price_unit": "KG"
      },
      {
        "state": "WA",
        "price": "650",
        "price_per_unit": "2889",
        "price_unit": "KG"
      },
      {
        "state": "SA",
        "price": "650",
        "price_per_unit": "2889",
        "price_unit": "KG"
      },
      {
        "state": "SA",
        "price": "650",
        "price_per_unit": "2889",
        "price_unit": "KG"
      },
      {
        "state": "TAS",
        "price": "650",
        "price_per_unit": "2889",
        "price_unit": "KG"
      },
      {
        "state": "TAS",
        "price": "650",
        "price_per_unit": "2889",
        "price_unit": "KG"
      },
      {
        "state": "NT",
        "price": "650",
        "price_per_unit": "2889",
        "price_unit": "KG"
      },
      {
        "state": "NT",
        "price": "650",
        "price_per_unit": "2889",
        "price_unit": "KG"
      }
    ]
  },
  {
    "source_url": "https://www.woolworths.com.au/shop/productdetails/706642/yumi-s-sesame-falafel-balls",
    "name": "Yumi's Sesame Falafel Balls 225g",
    "image_url": "https://cdn1.woolworths.media/content/wowproductimages/large/706642.jpg",
    "source_id": "Woolworths - 706642",
    "barcode": "9317444001717",
    "shop": "Woolworths",
    "weight": "1KG",
    "prices": [
      {
        "state": "NSW",
        "price": "650",
        "price_per_unit": "2889",
        "price_unit": "KG"
      },
      {
        "state": "NSW",
        "price": "650",
        "price_per_unit": "2889",
        "price_unit": "KG"
      },
      {
        "state": "VIC",
        "price": "650",
        "price_per_unit": "2889",
        "price_unit": "KG"
      },
      {
        "state": "VIC",
        "price": "650",
        "price_per_unit": "2889",
        "price_unit": "KG"
      },
      {
        "state": "QLD",
        "price": "650",
        "price_per_unit": "2889",
        "price_unit": "KG"
      },
      {
        "state": "QLD",
        "price": "650",
        "price_per_unit": "2889",
        "price_unit": "KG"
      },
      {
        "state": "WA",
        "price": "650",
        "price_per_unit": "2889",
        "price_unit": "KG"
      },
      {
        "state": "WA",
        "price": "650",
        "price_per_unit": "2889",
        "price_unit": "KG"
      },
      {
        "state": "SA",
        "price": "650",
        "price_per_unit": "2889",
        "price_unit": "KG"
      },
      {
        "state": "SA",
        "price": "650",
        "price_per_unit": "2889",
        "price_unit": "KG"
      },
      {
        "state": "TAS",
        "price": "650",
        "price_per_unit": "2889",
        "price_unit": "KG"
      },
      {
        "state": "TAS",
        "price": "650",
        "price_per_unit": "2889",
        "price_unit": "KG"
      },
      {
        "state": "ACT",
        "price": "650",
        "price_per_unit": "2889",
        "price_unit": "KG"
      },
      {
        "state": "ACT",
        "price": "650",
        "price_per_unit": "2889",
        "price_unit": "KG"
      },
      {
        "state": "NT",
        "price": "650",
        "price_per_unit": "2889",
        "price_unit": "KG"
      },
      {
        "state": "NT",
        "price": "650",
        "price_per_unit": "2889",
        "price_unit": "KG"
      }
    ]
  },
  {
    "source_url": "https://www.woolworths.com.au/shop/productdetails/116292/yumi-s-veggie-bites-roasted-veggies-peas",
    "name": "Yumi's Veggie Bites Roasted Veggies & Peas 225g",
    "image_url": "https://cdn1.woolworths.media/content/wowproductimages/large/116292.jpg",
    "source_id": "Woolworths - 116292",
    "barcode": "9317444002004",
    "shop": "Woolworths",
    "weight": "1KG",
    "prices": [
      {
        "state": "NSW",
        "price": "650",
        "price_per_unit": "2889",
        "price_unit": "KG"
      },
      {
        "state": "NSW",
        "price": "650",
        "price_per_unit": "2889",
        "price_unit": "KG"
      },
      {
        "state": "VIC",
        "price": "650",
        "price_per_unit": "2889",
        "price_unit": "KG"
      },
      {
        "state": "VIC",
        "price": "650",
        "price_per_unit": "2889",
        "price_unit": "KG"
      },
      {
        "state": "QLD",
        "price": "650",
        "price_per_unit": "2889",
        "price_unit": "KG"
      },
      {
        "state": "QLD",
        "price": "650",
        "price_per_unit": "2889",
        "price_unit": "KG"
      },
      {
        "state": "WA",
        "price": "650",
        "price_per_unit": "2889",
        "price_unit": "KG"
      },
      {
        "state": "WA",
        "price": "650",
        "price_per_unit": "2889",
        "price_unit": "KG"
      },
      {
        "state": "SA",
        "price": "650",
        "price_per_unit": "2889",
        "price_unit": "KG"
      },
      {
        "state": "SA",
        "price": "650",
        "price_per_unit": "2889",
        "price_unit": "KG"
      },
      {
        "state": "TAS",
        "price": "650",
        "price_per_unit": "2889",
        "price_unit": "KG"
      },
      {
        "state": "TAS",
        "price": "650",
        "price_per_unit": "2889",
        "price_unit": "KG"
      },
      {
        "state": "ACT",
        "price": "650",
        "price_per_unit": "2889",
        "price_unit": "KG"
      },
      {
        "state": "ACT",
        "price": "650",
        "price_per_unit": "2889",
        "price_unit": "KG"
      },
      {
        "state": "NT",
        "price": "650",
        "price_per_unit": "2889",
        "price_unit": "KG"
      },
      {
        "state": "NT",
        "price": "650",
        "price_per_unit": "2889",
        "price_unit": "KG"
      }
    ]
  },
  {
    "source_url": "https://www.woolworths.com.au/shop/productdetails/531194/yumi-s-zucchini-lentil-bites",
    "name": "Yumi's Zucchini & Lentil Bites 225g",
    "image_url": "https://cdn1.woolworths.media/content/wowproductimages/large/531194.jpg",
    "source_id": "Woolworths - 531194",
    "barcode": "9317444002028",
    "shop": "Woolworths",
    "weight": "1KG",
    "prices": [
      {
        "state": "NSW",
        "price": "650",
        "price_per_unit": "2889",
        "price_unit": "KG"
      },
      {
        "state": "NSW",
        "price": "650",
        "price_per_unit": "2889",
        "price_unit": "KG"
      },
      {
        "state": "VIC",
        "price": "650",
        "price_per_unit": "2889",
        "price_unit": "KG"
      },
      {
        "state": "VIC",
        "price": "650",
        "price_per_unit": "2889",
        "price_unit": "KG"
      },
      {
        "state": "QLD",
        "price": "650",
        "price_per_unit": "2889",
        "price_unit": "KG"
      },
      {
        "state": "QLD",
        "price": "650",
        "price_per_unit": "2889",
        "price_unit": "KG"
      },
      {
        "state": "WA",
        "price": "650",
        "price_per_unit": "2889",
        "price_unit": "KG"
      },
      {
        "state": "WA",
        "price": "650",
        "price_per_unit": "2889",
        "price_unit": "KG"
      },
      {
        "state": "SA",
        "price": "650",
        "price_per_unit": "2889",
        "price_unit": "KG"
      },
      {
        "state": "SA",
        "price": "650",
        "price_per_unit": "2889",
        "price_unit": "KG"
      },
      {
        "state": "TAS",
        "price": "650",
        "price_per_unit": "2889",
        "price_unit": "KG"
      },
      {
        "state": "TAS",
        "price": "650",
        "price_per_unit": "2889",
        "price_unit": "KG"
      },
      {
        "state": "ACT",
        "price": "650",
        "price_per_unit": "2889",
        "price_unit": "KG"
      },
      {
        "state": "ACT",
        "price": "650",
        "price_per_unit": "2889",
        "price_unit": "KG"
      },
      {
        "state": "NT",
        "price": "650",
        "price_per_unit": "2889",
        "price_unit": "KG"
      },
      {
        "state": "NT",
        "price": "650",
        "price_per_unit": "2889",
        "price_unit": "KG"
      }
    ]
  },
  {
    "source_url": "https://www.woolworths.com.au/shop/productdetails/922814/unreal-co-plant-based-sausages-brekky-bangers",
    "name": "Unreal Co. Plant Based Sausages Brekky Bangers 6 pack",
    "image_url": "https://cdn1.woolworths.media/content/wowproductimages/large/922814.jpg",
    "source_id": "Woolworths - 922814",
    "barcode": "9352435099014",
    "shop": "Woolworths",
    "weight": "1KG",
    "prices": [
      {
        "state": "VIC",
        "price": "600",
        "price_per_unit": "1714",
        "price_unit": "KG"
      },
      {
        "state": "VIC",
        "price": "600",
        "price_per_unit": "1714",
        "price_unit": "KG"
      },
      {
        "state": "WA",
        "price": "600",
        "price_per_unit": "1714",
        "price_unit": "KG"
      },
      {
        "state": "WA",
        "price": "600",
        "price_per_unit": "1714",
        "price_unit": "KG"
      },
      {
        "state": "SA",
        "price": "600",
        "price_per_unit": "1714",
        "price_unit": "KG"
      },
      {
        "state": "SA",
        "price": "600",
        "price_per_unit": "1714",
        "price_unit": "KG"
      },
      {
        "state": "TAS",
        "price": "600",
        "price_per_unit": "1714",
        "price_unit": "KG"
      },
      {
        "state": "TAS",
        "price": "600",
        "price_per_unit": "1714",
        "price_unit": "KG"
      }
    ]
  },
  {
    "source_url": "https://www.woolworths.com.au/shop/productdetails/135208/woolworths-basil-pesto-arancini-bites-null",
    "name": "Woolworths Basil Pesto Arancini Bites 200g",
    "image_url": "https://cdn1.woolworths.media/content/wowproductimages/large/135208.jpg",
    "source_id": "Woolworths - 135208",
    "barcode": "9339687225170",
    "shop": "Woolworths",
    "weight": "100G",
    "prices": []
  },
  {
    "source_url": "https://www.woolworths.com.au/shop/productdetails/135211/woolworths-crumbed-haloumi-chips-null",
    "name": "Woolworths Crumbed Haloumi Chips 180g",
    "image_url": "https://cdn1.woolworths.media/content/wowproductimages/large/135211.jpg",
    "source_id": "Woolworths - 135211",
    "barcode": "9339687225194",
    "shop": "Woolworths",
    "weight": "100G",
    "prices": []
  },
  {
    "source_url": "https://www.woolworths.com.au/shop/productdetails/135505/woolworths-pea-fetta-zucchini-fritters-null",
    "name": "Woolworths Pea & Fetta Zucchini Fritters 200g",
    "image_url": "https://cdn1.woolworths.media/content/wowproductimages/large/135505.jpg",
    "source_id": "Woolworths - 135505",
    "barcode": "9339687225224",
    "shop": "Woolworths",
    "weight": "100G",
    "prices": []
  },
  {
    "source_url": "https://www.woolworths.com.au/shop/productdetails/135503/woolworths-sweet-corn-fritters-null",
    "name": "Woolworths Sweet Corn Fritters 200g",
    "image_url": "https://cdn1.woolworths.media/content/wowproductimages/large/135503.jpg",
    "source_id": "Woolworths - 135503",
    "barcode": "9339687225217",
    "shop": "Woolworths",
    "weight": "100G",
    "prices": []
  },
  {
    "source_url": "https://www.woolworths.com.au/shop/productdetails/162607/woolworths-vegetable-spring-rolls-chilled-meal",
    "name": "Woolworths Vegetable Spring Rolls Chilled Meal 200g",
    "image_url": "https://cdn1.woolworths.media/content/wowproductimages/large/162607.jpg",
    "source_id": "Woolworths - 162607",
    "barcode": "9339687265008",
    "shop": "Woolworths",
    "weight": "100G",
    "prices": []
  }
]