[
  {
    "source_url": "https://www.woolworths.com.au/shop/productdetails/136634/dermal-therapy-anti-itch-soothing-cream",
    "name": "Dermal Therapy Anti Itch Soothing Cream 85g",
    "image_url": "https://cdn1.woolworths.media/content/wowproductimages/large/136634.jpg",
    "source_id": "Woolworths - 136634",
    "barcode": "9329224001695",
    "shop": "Woolworths",
    "weight": "100G",
    "prices": [
      {
        "state": "NSW",
        "price": "1400",
        "price_per_unit": "1647",
        "price_unit": "G"
      },
      {
        "state": "VIC",
        "price": "1400",
        "price_per_unit": "1647",
        "price_unit": "G"
      },
      {
        "state": "QLD",
        "price": "1400",
        "price_per_unit": "1647",
        "price_unit": "G"
      },
      {
        "state": "SA",
        "price": "1400",
        "price_per_unit": "1647",
        "price_unit": "G"
      },
      {
        "state": "TAS",
        "price": "1400",
        "price_per_unit": "1647",
        "price_unit": "G"
      },
      {
        "state": "ACT",
        "price": "1400",
        "price_per_unit": "1647",
        "price_unit": "G"
      },
      {
        "state": "NT",
        "price": "1400",
        "price_per_unit": "1647",
        "price_unit": "G"
      },
      {
        "state": "NSW",
        "price": "1400",
        "price_per_unit": "1647",
        "price_unit": "G"
      },
      {
        "state": "VIC",
        "price": "1400",
        "price_per_unit": "1647",
        "price_unit": "G"
      },
      {
        "state": "WA",
        "price": "1400",
        "price_per_unit": "1647",
        "price_unit": "G"
      },
      {
        "state": "SA",
        "price": "1400",
        "price_per_unit": "1647",
        "price_unit": "G"
      },
      {
        "state": "TAS",
        "price": "1400",
        "price_per_unit": "1647",
        "price_unit": "G"
      },
      {
        "state": "ACT",
        "price": "1400",
        "price_per_unit": "1647",
        "price_unit": "G"
      },
      {
        "state": "NT",
        "price": "1400",
        "price_per_unit": "1647",
        "price_unit": "G"
      }
    ]
  },
  {
    "source_url": "https://www.woolworths.com.au/shop/productdetails/1075452692/3lab-hydrating-vita-cream-60ml-2oz",
    "name": "3LAB Hydrating-Vita Cream 60ml/2oz",
    "image_url": "https://cdn1.woolworths.media/content/wowproductimages/large/1075452692.jpg",
    "source_id": "Woolworths - 1075452692",
    "barcode": null,
    "shop": "Woolworths",
    "weight": "100ML",
    "prices": [
      {
        "state": "NSW",
        "price": "20600",
        "price_per_unit": "34333",
        "price_unit": "ML"
      },
      {
        "state": "VIC",
        "price": "20600",
        "price_per_unit": "34333",
        "price_unit": "ML"
      },
      {
        "state": "QLD",
        "price": "20600",
        "price_per_unit": "34333",
        "price_unit": "ML"
      },
      {
        "state": "WA",
        "price": "20600",
        "price_per_unit": "34333",
        "price_unit": "ML"
      },
      {
        "state": "SA",
        "price": "20600",
        "price_per_unit": "34333",
        "price_unit": "ML"
      },
      {
        "state": "TAS",
        "price": "20600",
        "price_per_unit": "34333",
        "price_unit": "ML"
      },
      {
        "state": "ACT",
        "price": "20600",
        "price_per_unit": "34333",
        "price_unit": "ML"
      },
      {
        "state": "NT",
        "price": "20600",
        "price_per_unit": "34333",
        "price_unit": "ML"
      }
    ]
  },
  {
    "source_url": "https://www.woolworths.com.au/shop/productdetails/1075452695/3lab-perfect-cream-exclusive-complex-60ml-2oz",
    "name": "3LAB Perfect Cream Exclusive Complex 60ml/2oz",
    "image_url": "https://cdn1.woolworths.media/content/wowproductimages/large/1075452695.jpg",
    "source_id": "Woolworths - 1075452695",
    "barcode": null,
    "shop": "Woolworths",
    "weight": "100ML",
    "prices": [
      {
        "state": "NSW",
        "price": "23200",
        "price_per_unit": "38667",
        "price_unit": "ML"
      },
      {
        "state": "VIC",
        "price": "23200",
        "price_per_unit": "38667",
        "price_unit": "ML"
      },
      {
        "state": "QLD",
        "price": "23200",
        "price_per_unit": "38667",
        "price_unit": "ML"
      },
      {
        "state": "WA",
        "price": "23200",
        "price_per_unit": "38667",
        "price_unit": "ML"
      },
      {
        "state": "SA",
        "price": "23200",
        "price_per_unit": "38667",
        "price_unit": "ML"
      },
      {
        "state": "TAS",
        "price": "23200",
        "price_per_unit": "38667",
        "price_unit": "ML"
      },
      {
        "state": "ACT",
        "price": "23200",
        "price_per_unit": "38667",
        "price_unit": "ML"
      },
      {
        "state": "NT",
        "price": "23200",
        "price_per_unit": "38667",
        "price_unit": "ML"
      }
    ]
  },
  {
    "source_url": "https://www.woolworths.com.au/shop/productdetails/1075452696/3lab-perfect-neck-cream-60ml-2oz",
    "name": "3LAB Perfect Neck Cream 60ml/2oz",
    "image_url": "https://cdn1.woolworths.media/content/wowproductimages/large/1075452696.jpg",
    "source_id": "Woolworths - 1075452696",
    "barcode": null,
    "shop": "Woolworths",
    "weight": "100ML",
    "prices": [
      {
        "state": "NSW",
        "price": "20200",
        "price_per_unit": "33667",
        "price_unit": "ML"
      },
      {
        "state": "VIC",
        "price": "20200",
        "price_per_unit": "33667",
        "price_unit": "ML"
      },
      {
        "state": "QLD",
        "price": "20200",
        "price_per_unit": "33667",
        "price_unit": "ML"
      },
      {
        "state": "WA",
        "price": "20200",
        "price_per_unit": "33667",
        "price_unit": "ML"
      },
      {
        "state": "SA",
        "price": "20200",
        "price_per_unit": "33667",
        "price_unit": "ML"
      },
      {
        "state": "TAS",
        "price": "20200",
        "price_per_unit": "33667",
        "price_unit": "ML"
      },
      {
        "state": "ACT",
        "price": "20200",
        "price_per_unit": "33667",
        "price_unit": "ML"
      },
      {
        "state": "NT",
        "price": "20200",
        "price_per_unit": "33667",
        "price_unit": "ML"
      }
    ]
  },
  {
    "source_url": "https://www.woolworths.com.au/shop/productdetails/1074385324/acqua-di-parma-signatures-of-the-sun-yuzu-body-cream-150ml-5oz",
    "name": "Acqua Di Parma Signatures Of The Sun Yuzu Body Cream 150ml/5oz",
    "image_url": "https://cdn1.woolworths.media/content/wowproductimages/large/1074385324.jpg",
    "source_id": "Woolworths - 1074385324",
    "barcode": null,
    "shop": "Woolworths",
    "weight": "100ML",
    "prices": [
      {
        "state": "NSW",
        "price": "13300",
        "price_per_unit": "8867",
        "price_unit": "ML"
      },
      {
        "state": "VIC",
        "price": "13300",
        "price_per_unit": "8867",
        "price_unit": "ML"
      },
      {
        "state": "QLD",
        "price": "13300",
        "price_per_unit": "8867",
        "price_unit": "ML"
      },
      {
        "state": "WA",
        "price": "13300",
        "price_per_unit": "8867",
        "price_unit": "ML"
      },
      {
        "state": "SA",
        "price": "13300",
        "price_per_unit": "8867",
        "price_unit": "ML"
      },
      {
        "state": "TAS",
        "price": "13300",
        "price_per_unit": "8867",
        "price_unit": "ML"
      },
      {
        "state": "ACT",
        "price": "13300",
        "price_per_unit": "8867",
        "price_unit": "ML"
      },
      {
        "state": "NT",
        "price": "13300",
        "price_per_unit": "8867",
        "price_unit": "ML"
      }
    ]
  },
  {
    "source_url": "https://www.woolworths.com.au/shop/productdetails/1074385342/aerin-wild-geranium-body-cream-150ml-5oz",
    "name": "Aerin Wild Geranium Body Cream 150ml/5oz",
    "image_url": "https://cdn1.woolworths.media/content/wowproductimages/large/1074385342.jpg",
    "source_id": "Woolworths - 1074385342",
    "barcode": null,
    "shop": "Woolworths",
    "weight": "100ML",
    "prices": [
      {
        "state": "NSW",
        "price": "10500",
        "price_per_unit": "7000",
        "price_unit": "ML"
      },
      {
        "state": "VIC",
        "price": "10500",
        "price_per_unit": "7000",
        "price_unit": "ML"
      },
      {
        "state": "QLD",
        "price": "10500",
        "price_per_unit": "7000",
        "price_unit": "ML"
      },
      {
        "state": "WA",
        "price": "10500",
        "price_per_unit": "7000",
        "price_unit": "ML"
      },
      {
        "state": "SA",
        "price": "10500",
        "price_per_unit": "7000",
        "price_unit": "ML"
      },
      {
        "state": "TAS",
        "price": "10500",
        "price_per_unit": "7000",
        "price_unit": "ML"
      },
      {
        "state": "ACT",
        "price": "10500",
        "price_per_unit": "7000",
        "price_unit": "ML"
      },
      {
        "state": "NT",
        "price": "10500",
        "price_per_unit": "7000",
        "price_unit": "ML"
      }
    ]
  },
  {
    "source_url": "https://www.woolworths.com.au/shop/productdetails/1075351504/aesop-camellia-nut-facial-hydrating-cream-60ml-2-01oz",
    "name": "Aesop Camellia Nut Facial Hydrating Cream 60ml/2.01oz",
    "image_url": "https://cdn1.woolworths.media/content/wowproductimages/large/1075351504.jpg",
    "source_id": "Woolworths - 1075351504",
    "barcode": null,
    "shop": "Woolworths",
    "weight": "100ML",
    "prices": [
      {
        "state": "NSW",
        "price": "9400",
        "price_per_unit": "15667",
        "price_unit": "ML"
      },
      {
        "state": "VIC",
        "price": "9400",
        "price_per_unit": "15667",
        "price_unit": "ML"
      },
      {
        "state": "QLD",
        "price": "9400",
        "price_per_unit": "15667",
        "price_unit": "ML"
      },
      {
        "state": "WA",
        "price": "9400",
        "price_per_unit": "15667",
        "price_unit": "ML"
      },
      {
        "state": "SA",
        "price": "9400",
        "price_per_unit": "15667",
        "price_unit": "ML"
      },
      {
        "state": "TAS",
        "price": "9400",
        "price_per_unit": "15667",
        "price_unit": "ML"
      },
      {
        "state": "ACT",
        "price": "9400",
        "price_per_unit": "15667",
        "price_unit": "ML"
      },
      {
        "state": "NT",
        "price": "9400",
        "price_per_unit": "15667",
        "price_unit": "ML"
      }
    ]
  },
  {
    "source_url": "https://www.woolworths.com.au/shop/productdetails/1075351529/aesop-primrose-facial-hydrating-cream-60ml-2oz",
    "name": "Aesop Primrose Facial Hydrating Cream 60ml/2oz",
    "image_url": "https://cdn1.woolworths.media/content/wowproductimages/large/1075351529.jpg",
    "source_id": "Woolworths - 1075351529",
    "barcode": null,
    "shop": "Woolworths",
    "weight": "100ML",
    "prices": [
      {
        "state": "NSW",
        "price": "9000",
        "price_per_unit": "15000",
        "price_unit": "ML"
      },
      {
        "state": "VIC",
        "price": "9000",
        "price_per_unit": "15000",
        "price_unit": "ML"
      },
      {
        "state": "QLD",
        "price": "9000",
        "price_per_unit": "15000",
        "price_unit": "ML"
      },
      {
        "state": "WA",
        "price": "9000",
        "price_per_unit": "15000",
        "price_unit": "ML"
      },
      {
        "state": "SA",
        "price": "9000",
        "price_per_unit": "15000",
        "price_unit": "ML"
      },
      {
        "state": "TAS",
        "price": "9000",
        "price_per_unit": "15000",
        "price_unit": "ML"
      },
      {
        "state": "ACT",
        "price": "9000",
        "price_per_unit": "15000",
        "price_unit": "ML"
      },
      {
        "state": "NT",
        "price": "9000",
        "price_per_unit": "15000",
        "price_unit": "ML"
      }
    ]
  },
  {
    "source_url": "https://www.woolworths.com.au/shop/productdetails/1075180486/ahava-beauty-before-age-uplift-night-cream-50ml-1-7oz",
    "name": "Ahava Beauty Before Age Uplift Night Cream 50ml/1.7oz",
    "image_url": "https://cdn1.woolworths.media/content/wowproductimages/large/1075180486.jpg",
    "source_id": "Woolworths - 1075180486",
    "barcode": null,
    "shop": "Woolworths",
    "weight": "100ML",
    "prices": [
      {
        "state": "NSW",
        "price": "10700",
        "price_per_unit": "21400",
        "price_unit": "ML"
      },
      {
        "state": "VIC",
        "price": "10700",
        "price_per_unit": "21400",
        "price_unit": "ML"
      },
      {
        "state": "QLD",
        "price": "10700",
        "price_per_unit": "21400",
        "price_unit": "ML"
      },
      {
        "state": "WA",
        "price": "10700",
        "price_per_unit": "21400",
        "price_unit": "ML"
      },
      {
        "state": "SA",
        "price": "10700",
        "price_per_unit": "21400",
        "price_unit": "ML"
      },
      {
        "state": "TAS",
        "price": "10700",
        "price_per_unit": "21400",
        "price_unit": "ML"
      },
      {
        "state": "ACT",
        "price": "10700",
        "price_per_unit": "21400",
        "price_unit": "ML"
      },
      {
        "state": "NT",
        "price": "10700",
        "price_per_unit": "21400",
        "price_unit": "ML"
      }
    ]
  },
  {
    "source_url": "https://www.woolworths.com.au/shop/productdetails/1075180490/ahava-deadsea-plants-dry-oil-body-mist-sea-kissed-100ml-3-4oz",
    "name": "Ahava Deadsea Plants Dry Oil Body Mist - Sea-Kissed 100ml/3.4oz",
    "image_url": "https://cdn1.woolworths.media/content/wowproductimages/large/1075180490.jpg",
    "source_id": "Woolworths - 1075180490",
    "barcode": null,
    "shop": "Woolworths",
    "weight": "100ML",
    "prices": [
      {
        "state": "NSW",
        "price": "5800",
        "price_per_unit": "5800",
        "price_unit": "ML"
      },
      {
        "state": "VIC",
        "price": "5800",
        "price_per_unit": "5800",
        "price_unit": "ML"
      },
      {
        "state": "QLD",
        "price": "5800",
        "price_per_unit": "5800",
        "price_unit": "ML"
      },
      {
        "state": "WA",
        "price": "5800",
        "price_per_unit": "5800",
        "price_unit": "ML"
      },
      {
        "state": "SA",
        "price": "5800",
        "price_per_unit": "5800",
        "price_unit": "ML"
      },
      {
        "state": "TAS",
        "price": "5800",
        "price_per_unit": "5800",
        "price_unit": "ML"
      },
      {
        "state": "ACT",
        "price": "5800",
        "price_per_unit": "5800",
        "price_unit": "ML"
      },
      {
        "state": "NT",
        "price": "5800",
        "price_per_unit": "5800",
        "price_unit": "ML"
      }
    ]
  },
  {
    "source_url": "https://www.woolworths.com.au/shop/productdetails/1075180492/ahava-deadsea-water-mineral-body-exfoliator-200ml-6-8oz",
    "name": "Ahava Deadsea Water Mineral Body Exfoliator 200ml/6.8oz",
    "image_url": "https://cdn1.woolworths.media/content/wowproductimages/large/1075180492.jpg",
    "source_id": "Woolworths - 1075180492",
    "barcode": null,
    "shop": "Woolworths",
    "weight": "100ML",
    "prices": [
      {
        "state": "NSW",
        "price": "4200",
        "price_per_unit": "2100",
        "price_unit": "ML"
      },
      {
        "state": "VIC",
        "price": "4200",
        "price_per_unit": "2100",
        "price_unit": "ML"
      },
      {
        "state": "QLD",
        "price": "4200",
        "price_per_unit": "2100",
        "price_unit": "ML"
      },
      {
        "state": "WA",
        "price": "4200",
        "price_per_unit": "2100",
        "price_unit": "ML"
      },
      {
        "state": "SA",
        "price": "4200",
        "price_per_unit": "2100",
        "price_unit": "ML"
      },
      {
        "state": "TAS",
        "price": "4200",
        "price_per_unit": "2100",
        "price_unit": "ML"
      },
      {
        "state": "ACT",
        "price": "4200",
        "price_per_unit": "2100",
        "price_unit": "ML"
      },
      {
        "state": "NT",
        "price": "4200",
        "price_per_unit": "2100",
        "price_unit": "ML"
      }
    ]
  },
  {
    "source_url": "https://www.woolworths.com.au/shop/productdetails/1075180493/ahava-deadsea-water-mineral-body-lotion-sea-kissed-250ml-8-5oz",
    "name": "Ahava Deadsea Water Mineral Body Lotion - Sea-Kissed 250ml/8.5oz",
    "image_url": "https://cdn1.woolworths.media/content/wowproductimages/large/1075180493.jpg",
    "source_id": "Woolworths - 1075180493",
    "barcode": null,
    "shop": "Woolworths",
    "weight": "100ML",
    "prices": [
      {
        "state": "NSW",
        "price": "5100",
        "price_per_unit": "2040",
        "price_unit": "ML"
      },
      {
        "state": "VIC",
        "price": "5100",
        "price_per_unit": "2040",
        "price_unit": "ML"
      },
      {
        "state": "QLD",
        "price": "5100",
        "price_per_unit": "2040",
        "price_unit": "ML"
      },
      {
        "state": "WA",
        "price": "5100",
        "price_per_unit": "2040",
        "price_unit": "ML"
      },
      {
        "state": "SA",
        "price": "5100",
        "price_per_unit": "2040",
        "price_unit": "ML"
      },
      {
        "state": "TAS",
        "price": "5100",
        "price_per_unit": "2040",
        "price_unit": "ML"
      },
      {
        "state": "ACT",
        "price": "5100",
        "price_per_unit": "2040",
        "price_unit": "ML"
      },
      {
        "state": "NT",
        "price": "5100",
        "price_per_unit": "2040",
        "price_unit": "ML"
      }
    ]
  },
  {
    "source_url": "https://www.woolworths.com.au/shop/productdetails/1075180506/ahava-mineral-radiance-overnight-de-stressing-cream-50ml-1-7oz",
    "name": "Ahava Mineral Radiance Overnight De-Stressing Cream 50ml/1.7oz",
    "image_url": "https://cdn1.woolworths.media/content/wowproductimages/large/1075180506.jpg",
    "source_id": "Woolworths - 1075180506",
    "barcode": null,
    "shop": "Woolworths",
    "weight": "100ML",
    "prices": [
      {
        "state": "NSW",
        "price": "7200",
        "price_per_unit": "14400",
        "price_unit": "ML"
      },
      {
        "state": "VIC",
        "price": "7200",
        "price_per_unit": "14400",
        "price_unit": "ML"
      },
      {
        "state": "QLD",
        "price": "7200",
        "price_per_unit": "14400",
        "price_unit": "ML"
      },
      {
        "state": "WA",
        "price": "7200",
        "price_per_unit": "14400",
        "price_unit": "ML"
      },
      {
        "state": "SA",
        "price": "7200",
        "price_per_unit": "14400",
        "price_unit": "ML"
      },
      {
        "state": "TAS",
        "price": "7200",
        "price_per_unit": "14400",
        "price_unit": "ML"
      },
      {
        "state": "ACT",
        "price": "7200",
        "price_per_unit": "14400",
        "price_unit": "ML"
      },
      {
        "state": "NT",
        "price": "7200",
        "price_per_unit": "14400",
        "price_unit": "ML"
      }
    ]
  },
  {
    "source_url": "https://www.woolworths.com.au/shop/productdetails/1075180525/ahava-time-to-hydrate-night-replenisher-normal-to-dry-skin-50ml-1-7oz",
    "name": "Ahava Time To Hydrate Night Replenisher (Normal to Dry Skin) 50ml/1.7oz",
    "image_url": "https://cdn1.woolworths.media/content/wowproductimages/large/1075180525.jpg",
    "source_id": "Woolworths - 1075180525",
    "barcode": null,
    "shop": "Woolworths",
    "weight": "100ML",
    "prices": [
      {
        "state": "NSW",
        "price": "6800",
        "price_per_unit": "13600",
        "price_unit": "ML"
      },
      {
        "state": "VIC",
        "price": "6800",
        "price_per_unit": "13600",
        "price_unit": "ML"
      },
      {
        "state": "QLD",
        "price": "6800",
        "price_per_unit": "13600",
        "price_unit": "ML"
      },
      {
        "state": "WA",
        "price": "6800",
        "price_per_unit": "13600",
        "price_unit": "ML"
      },
      {
        "state": "SA",
        "price": "6800",
        "price_per_unit": "13600",
        "price_unit": "ML"
      },
      {
        "state": "TAS",
        "price": "6800",
        "price_per_unit": "13600",
        "price_unit": "ML"
      },
      {
        "state": "ACT",
        "price": "6800",
        "price_per_unit": "13600",
        "price_unit": "ML"
      },
      {
        "state": "NT",
        "price": "6800",
        "price_per_unit": "13600",
        "price_unit": "ML"
      }
    ]
  },
  {
    "source_url": "https://www.woolworths.com.au/shop/productdetails/1074649381/ahava-time-to-revitalize-extreme-firming-neck-decollete-cream-75ml-2-5oz",
    "name": "Ahava Time To Revitalize Extreme Firming Neck & Decollete Cream 75ml/2.5oz",
    "image_url": "https://cdn1.woolworths.media/content/wowproductimages/large/1074649381.jpg",
    "source_id": "Woolworths - 1074649381",
    "barcode": null,
    "shop": "Woolworths",
    "weight": "100ML",
    "prices": [
      {
        "state": "NSW",
        "price": "7300",
        "price_per_unit": "9733",
        "price_unit": "ML"
      },
      {
        "state": "VIC",
        "price": "7300",
        "price_per_unit": "9733",
        "price_unit": "ML"
      },
      {
        "state": "QLD",
        "price": "7300",
        "price_per_unit": "9733",
        "price_unit": "ML"
      },
      {
        "state": "WA",
        "price": "7300",
        "price_per_unit": "9733",
        "price_unit": "ML"
      },
      {
        "state": "SA",
        "price": "7300",
        "price_per_unit": "9733",
        "price_unit": "ML"
      },
      {
        "state": "TAS",
        "price": "7300",
        "price_per_unit": "9733",
        "price_unit": "ML"
      },
      {
        "state": "ACT",
        "price": "7300",
        "price_per_unit": "9733",
        "price_unit": "ML"
      },
      {
        "state": "NT",
        "price": "7300",
        "price_per_unit": "9733",
        "price_unit": "ML"
      }
    ]
  },
  {
    "source_url": "https://www.woolworths.com.au/shop/productdetails/1075480954/aloe-pura-aloe-vera-gel-200ml",
    "name": "Aloe Pura Aloe Vera Gel 200ml",
    "image_url": "https://cdn1.woolworths.media/content/wowproductimages/large/1075480954.jpg",
    "source_id": "Woolworths - 1075480954",
    "barcode": null,
    "shop": "Woolworths",
    "weight": "100ML",
    "prices": [
      {
        "state": "NSW",
        "price": "1596",
        "price_per_unit": "798",
        "price_unit": "ML"
      },
      {
        "state": "VIC",
        "price": "1596",
        "price_per_unit": "798",
        "price_unit": "ML"
      },
      {
        "state": "QLD",
        "price": "1596",
        "price_per_unit": "798",
        "price_unit": "ML"
      },
      {
        "state": "WA",
        "price": "1596",
        "price_per_unit": "798",
        "price_unit": "ML"
      },
      {
        "state": "SA",
        "price": "1596",
        "price_per_unit": "798",
        "price_unit": "ML"
      },
      {
        "state": "TAS",
        "price": "1596",
        "price_per_unit": "798",
        "price_unit": "ML"
      },
      {
        "state": "ACT",
        "price": "1596",
        "price_per_unit": "798",
        "price_unit": "ML"
      },
      {
        "state": "NT",
        "price": "1596",
        "price_per_unit": "798",
        "price_unit": "ML"
      }
    ]
  },
  {
    "source_url": "https://www.woolworths.com.au/shop/productdetails/1075481745/aloe-pura-aloe-vera-lotion-with-shea-butter-vitamin-e-200ml",
    "name": "Aloe Pura Aloe Vera Lotion with Shea Butter & Vitamin E 200ml",
    "image_url": "https://cdn1.woolworths.media/content/wowproductimages/large/1075481745.jpg",
    "source_id": "Woolworths - 1075481745",
    "barcode": null,
    "shop": "Woolworths",
    "weight": "100ML",
    "prices": [
      {
        "state": "NSW",
        "price": "1436",
        "price_per_unit": "718",
        "price_unit": "ML"
      },
      {
        "state": "VIC",
        "price": "1436",
        "price_per_unit": "718",
        "price_unit": "ML"
      },
      {
        "state": "QLD",
        "price": "1436",
        "price_per_unit": "718",
        "price_unit": "ML"
      },
      {
        "state": "WA",
        "price": "1436",
        "price_per_unit": "718",
        "price_unit": "ML"
      },
      {
        "state": "SA",
        "price": "1436",
        "price_per_unit": "718",
        "price_unit": "ML"
      },
      {
        "state": "TAS",
        "price": "1436",
        "price_per_unit": "718",
        "price_unit": "ML"
      },
      {
        "state": "ACT",
        "price": "1436",
        "price_per_unit": "718",
        "price_unit": "ML"
      },
      {
        "state": "NT",
        "price": "1436",
        "price_per_unit": "718",
        "price_unit": "ML"
      }
    ]
  },
  {
    "source_url": "https://www.woolworths.com.au/shop/productdetails/1075477252/alpha-keri-aloe-cream-500ml",
    "name": "Alpha Keri Aloe Cream 500ml",
    "image_url": "https://cdn1.woolworths.media/content/wowproductimages/large/1075477252.jpg",
    "source_id": "Woolworths - 1075477252",
    "barcode": null,
    "shop": "Woolworths",
    "weight": "100ML",
    "prices": [
      {
        "state": "NSW",
        "price": "2296",
        "price_per_unit": "459",
        "price_unit": "ML"
      },
      {
        "state": "VIC",
        "price": "2296",
        "price_per_unit": "459",
        "price_unit": "ML"
      },
      {
        "state": "QLD",
        "price": "2296",
        "price_per_unit": "459",
        "price_unit": "ML"
      },
      {
        "state": "WA",
        "price": "2296",
        "price_per_unit": "459",
        "price_unit": "ML"
      },
      {
        "state": "SA",
        "price": "2296",
        "price_per_unit": "459",
        "price_unit": "ML"
      },
      {
        "state": "TAS",
        "price": "2296",
        "price_per_unit": "459",
        "price_unit": "ML"
      },
      {
        "state": "ACT",
        "price": "2296",
        "price_per_unit": "459",
        "price_unit": "ML"
      },
      {
        "state": "NT",
        "price": "2296",
        "price_per_unit": "459",
        "price_unit": "ML"
      }
    ]
  },
  {
    "source_url": "https://www.woolworths.com.au/shop/productdetails/1075477085/alpha-keri-avocado-skin-lotion-1-litre",
    "name": "Alpha Keri Avocado Skin Lotion 1 Litre",
    "image_url": "https://cdn1.woolworths.media/content/wowproductimages/large/1075477085.jpg",
    "source_id": "Woolworths - 1075477085",
    "barcode": null,
    "shop": "Woolworths",
    "weight": "100ML",
    "prices": [
      {
        "state": "NSW",
        "price": "2499",
        "price_per_unit": "250",
        "price_unit": "ML"
      },
      {
        "state": "VIC",
        "price": "2499",
        "price_per_unit": "250",
        "price_unit": "ML"
      },
      {
        "state": "QLD",
        "price": "2499",
        "price_per_unit": "250",
        "price_unit": "ML"
      },
      {
        "state": "WA",
        "price": "2499",
        "price_per_unit": "250",
        "price_unit": "ML"
      },
      {
        "state": "SA",
        "price": "2499",
        "price_per_unit": "250",
        "price_unit": "ML"
      },
      {
        "state": "TAS",
        "price": "2499",
        "price_per_unit": "250",
        "price_unit": "ML"
      },
      {
        "state": "ACT",
        "price": "2499",
        "price_per_unit": "250",
        "price_unit": "ML"
      },
      {
        "state": "NT",
        "price": "2499",
        "price_per_unit": "250",
        "price_unit": "ML"
      }
    ]
  },
  {
    "source_url": "https://www.woolworths.com.au/shop/productdetails/1075479860/alpha-keri-super-hydrating-gentle-wash-1-litre",
    "name": "Alpha Keri Super Hydrating Gentle Wash 1 Litre",
    "image_url": "https://cdn1.woolworths.media/content/wowproductimages/large/1075479860.jpg",
    "source_id": "Woolworths - 1075479860",
    "barcode": null,
    "shop": "Woolworths",
    "weight": "100ML",
    "prices": [
      {
        "state": "NSW",
        "price": "2295",
        "price_per_unit": "230",
        "price_unit": "ML"
      },
      {
        "state": "VIC",
        "price": "2295",
        "price_per_unit": "230",
        "price_unit": "ML"
      },
      {
        "state": "QLD",
        "price": "2295",
        "price_per_unit": "230",
        "price_unit": "ML"
      },
      {
        "state": "WA",
        "price": "2295",
        "price_per_unit": "230",
        "price_unit": "ML"
      },
      {
        "state": "SA",
        "price": "2295",
        "price_per_unit": "230",
        "price_unit": "ML"
      },
      {
        "state": "TAS",
        "price": "2295",
        "price_per_unit": "230",
        "price_unit": "ML"
      },
      {
        "state": "ACT",
        "price": "2295",
        "price_per_unit": "230",
        "price_unit": "ML"
      },
      {
        "state": "NT",
        "price": "2295",
        "price_per_unit": "230",
        "price_unit": "ML"
      }
    ]
  },
  {
    "source_url": "https://www.woolworths.com.au/shop/productdetails/1075480590/alpha-keri-super-hydrating-moisturising-lotion-1-litre",
    "name": "Alpha Keri Super Hydrating Moisturising Lotion 1 Litre",
    "image_url": "https://cdn1.woolworths.media/content/wowproductimages/large/1075480590.jpg",
    "source_id": "Woolworths - 1075480590",
    "barcode": null,
    "shop": "Woolworths",
    "weight": "100ML",
    "prices": [
      {
        "state": "NSW",
        "price": "2295",
        "price_per_unit": "230",
        "price_unit": "ML"
      },
      {
        "state": "VIC",
        "price": "2295",
        "price_per_unit": "230",
        "price_unit": "ML"
      },
      {
        "state": "QLD",
        "price": "2295",
        "price_per_unit": "230",
        "price_unit": "ML"
      },
      {
        "state": "WA",
        "price": "2295",
        "price_per_unit": "230",
        "price_unit": "ML"
      },
      {
        "state": "SA",
        "price": "2295",
        "price_per_unit": "230",
        "price_unit": "ML"
      },
      {
        "state": "TAS",
        "price": "2295",
        "price_per_unit": "230",
        "price_unit": "ML"
      },
      {
        "state": "ACT",
        "price": "2295",
        "price_per_unit": "230",
        "price_unit": "ML"
      },
      {
        "state": "NT",
        "price": "2295",
        "price_per_unit": "230",
        "price_unit": "ML"
      }
    ]
  },
  {
    "source_url": "https://www.woolworths.com.au/shop/productdetails/1074742348/alyssa-ashley-green-tea-hand-body-moisturiser-500ml-17oz",
    "name": "Alyssa Ashley Green Tea Hand & Body Moisturiser 500ml/17oz",
    "image_url": "https://cdn1.woolworths.media/content/wowproductimages/large/1074742348.jpg",
    "source_id": "Woolworths - 1074742348",
    "barcode": null,
    "shop": "Woolworths",
    "weight": "100ML",
    "prices": [
      {
        "state": "NSW",
        "price": "3400",
        "price_per_unit": "680",
        "price_unit": "ML"
      },
      {
        "state": "VIC",
        "price": "3400",
        "price_per_unit": "680",
        "price_unit": "ML"
      },
      {
        "state": "QLD",
        "price": "3400",
        "price_per_unit": "680",
        "price_unit": "ML"
      },
      {
        "state": "WA",
        "price": "3400",
        "price_per_unit": "680",
        "price_unit": "ML"
      },
      {
        "state": "SA",
        "price": "3400",
        "price_per_unit": "680",
        "price_unit": "ML"
      },
      {
        "state": "TAS",
        "price": "3400",
        "price_per_unit": "680",
        "price_unit": "ML"
      },
      {
        "state": "ACT",
        "price": "3400",
        "price_per_unit": "680",
        "price_unit": "ML"
      },
      {
        "state": "NT",
        "price": "3400",
        "price_per_unit": "680",
        "price_unit": "ML"
      }
    ]
  },
  {
    "source_url": "https://www.woolworths.com.au/shop/productdetails/1075481393/amazing-oils-magnesium-body-repair-lotion-200ml",
    "name": "Amazing Oils Magnesium Body Repair Lotion 200ml",
    "image_url": "https://cdn1.woolworths.media/content/wowproductimages/large/1075481393.jpg",
    "source_id": "Woolworths - 1075481393",
    "barcode": null,
    "shop": "Woolworths",
    "weight": "100ML",
    "prices": [
      {
        "state": "NSW",
        "price": "2396",
        "price_per_unit": "1198",
        "price_unit": "ML"
      },
      {
        "state": "VIC",
        "price": "2396",
        "price_per_unit": "1198",
        "price_unit": "ML"
      },
      {
        "state": "QLD",
        "price": "2396",
        "price_per_unit": "1198",
        "price_unit": "ML"
      },
      {
        "state": "WA",
        "price": "2396",
        "price_per_unit": "1198",
        "price_unit": "ML"
      },
      {
        "state": "SA",
        "price": "2396",
        "price_per_unit": "1198",
        "price_unit": "ML"
      },
      {
        "state": "TAS",
        "price": "2396",
        "price_per_unit": "1198",
        "price_unit": "ML"
      },
      {
        "state": "ACT",
        "price": "2396",
        "price_per_unit": "1198",
        "price_unit": "ML"
      },
      {
        "state": "NT",
        "price": "2396",
        "price_per_unit": "1198",
        "price_unit": "ML"
      }
    ]
  },
  {
    "source_url": "https://www.woolworths.com.au/shop/productdetails/1075346962/amazing-oils-magnesium-flex-lotion-with-msm-turmeric-black-pepper-125ml",
    "name": "Amazing Oils Magnesium Flex Lotion With Msm Turmeric & Black Pepper 125ml",
    "image_url": "https://cdn1.woolworths.media/content/wowproductimages/large/1075346962.jpg",
    "source_id": "Woolworths - 1075346962",
    "barcode": null,
    "shop": "Woolworths",
    "weight": "100ML",
    "prices": [
      {
        "state": "NSW",
        "price": "2796",
        "price_per_unit": "2237",
        "price_unit": "ML"
      },
      {
        "state": "VIC",
        "price": "2796",
        "price_per_unit": "2237",
        "price_unit": "ML"
      },
      {
        "state": "QLD",
        "price": "2796",
        "price_per_unit": "2237",
        "price_unit": "ML"
      },
      {
        "state": "WA",
        "price": "2796",
        "price_per_unit": "2237",
        "price_unit": "ML"
      },
      {
        "state": "SA",
        "price": "2796",
        "price_per_unit": "2237",
        "price_unit": "ML"
      },
      {
        "state": "TAS",
        "price": "2796",
        "price_per_unit": "2237",
        "price_unit": "ML"
      },
      {
        "state": "ACT",
        "price": "2796",
        "price_per_unit": "2237",
        "price_unit": "ML"
      },
      {
        "state": "NT",
        "price": "2796",
        "price_per_unit": "2237",
        "price_unit": "ML"
      }
    ]
  },
  {
    "source_url": "https://www.woolworths.com.au/shop/productdetails/1074131551/amenas-sea-minerals-ultra-hydrating-night-cream-100g",
    "name": "Amenas Sea Minerals Ultra Hydrating Night Cream 100g",
    "image_url": "https://cdn1.woolworths.media/content/wowproductimages/large/1074131551.jpg",
    "source_id": "Woolworths - 1074131551",
    "barcode": null,
    "shop": "Woolworths",
    "weight": "100G",
    "prices": [
      {
        "state": "NSW",
        "price": "8140",
        "price_per_unit": "8140",
        "price_unit": "G"
      },
      {
        "state": "VIC",
        "price": "8140",
        "price_per_unit": "8140",
        "price_unit": "G"
      },
      {
        "state": "QLD",
        "price": "8140",
        "price_per_unit": "8140",
        "price_unit": "G"
      },
      {
        "state": "WA",
        "price": "8140",
        "price_per_unit": "8140",
        "price_unit": "G"
      },
      {
        "state": "SA",
        "price": "8140",
        "price_per_unit": "8140",
        "price_unit": "G"
      },
      {
        "state": "TAS",
        "price": "8140",
        "price_per_unit": "8140",
        "price_unit": "G"
      },
      {
        "state": "ACT",
        "price": "8140",
        "price_per_unit": "8140",
        "price_unit": "G"
      },
      {
        "state": "NT",
        "price": "8140",
        "price_per_unit": "8140",
        "price_unit": "G"
      }
    ]
  },
  {
    "source_url": "https://www.woolworths.com.au/shop/productdetails/1074131559/ancient-minerals-magnesium-gel-237ml",
    "name": "Ancient Minerals Magnesium Gel 237ml",
    "image_url": "https://cdn1.woolworths.media/content/wowproductimages/large/1074131559.jpg",
    "source_id": "Woolworths - 1074131559",
    "barcode": null,
    "shop": "Woolworths",
    "weight": "100ML",
    "prices": [
      {
        "state": "NSW",
        "price": "10340",
        "price_per_unit": "4363",
        "price_unit": "ML"
      },
      {
        "state": "VIC",
        "price": "10340",
        "price_per_unit": "4363",
        "price_unit": "ML"
      },
      {
        "state": "QLD",
        "price": "10340",
        "price_per_unit": "4363",
        "price_unit": "ML"
      },
      {
        "state": "WA",
        "price": "10340",
        "price_per_unit": "4363",
        "price_unit": "ML"
      },
      {
        "state": "SA",
        "price": "10340",
        "price_per_unit": "4363",
        "price_unit": "ML"
      },
      {
        "state": "TAS",
        "price": "10340",
        "price_per_unit": "4363",
        "price_unit": "ML"
      },
      {
        "state": "ACT",
        "price": "10340",
        "price_per_unit": "4363",
        "price_unit": "ML"
      },
      {
        "state": "NT",
        "price": "10340",
        "price_per_unit": "4363",
        "price_unit": "ML"
      }
    ]
  },
  {
    "source_url": "https://www.woolworths.com.au/shop/productdetails/1074131560/ancient-minerals-magnesium-gel-ultra-with-msm-237ml",
    "name": "Ancient Minerals Magnesium Gel Ultra (with MSM) 237ml",
    "image_url": "https://cdn1.woolworths.media/content/wowproductimages/large/1074131560.jpg",
    "source_id": "Woolworths - 1074131560",
    "barcode": null,
    "shop": "Woolworths",
    "weight": "100ML",
    "prices": [
      {
        "state": "NSW",
        "price": "9790",
        "price_per_unit": "4131",
        "price_unit": "ML"
      },
      {
        "state": "VIC",
        "price": "9790",
        "price_per_unit": "4131",
        "price_unit": "ML"
      },
      {
        "state": "QLD",
        "price": "9790",
        "price_per_unit": "4131",
        "price_unit": "ML"
      },
      {
        "state": "WA",
        "price": "9790",
        "price_per_unit": "4131",
        "price_unit": "ML"
      },
      {
        "state": "SA",
        "price": "9790",
        "price_per_unit": "4131",
        "price_unit": "ML"
      },
      {
        "state": "TAS",
        "price": "9790",
        "price_per_unit": "4131",
        "price_unit": "ML"
      },
      {
        "state": "ACT",
        "price": "9790",
        "price_per_unit": "4131",
        "price_unit": "ML"
      },
      {
        "state": "NT",
        "price": "9790",
        "price_per_unit": "4131",
        "price_unit": "ML"
      }
    ]
  },
  {
    "source_url": "https://www.woolworths.com.au/shop/productdetails/1075481823/ancient-minerals-magnesium-gel-ultra-237ml",
    "name": "Ancient Minerals Magnesium Gel Ultra 237ml",
    "image_url": "https://cdn1.woolworths.media/content/wowproductimages/large/1075481823.jpg",
    "source_id": "Woolworths - 1075481823",
    "barcode": null,
    "shop": "Woolworths",
    "weight": "100ML",
    "prices": [
      {
        "state": "NSW",
        "price": "3845",
        "price_per_unit": "1622",
        "price_unit": "ML"
      },
      {
        "state": "VIC",
        "price": "3845",
        "price_per_unit": "1622",
        "price_unit": "ML"
      },
      {
        "state": "QLD",
        "price": "3845",
        "price_per_unit": "1622",
        "price_unit": "ML"
      },
      {
        "state": "WA",
        "price": "3845",
        "price_per_unit": "1622",
        "price_unit": "ML"
      },
      {
        "state": "SA",
        "price": "3845",
        "price_per_unit": "1622",
        "price_unit": "ML"
      },
      {
        "state": "TAS",
        "price": "3845",
        "price_per_unit": "1622",
        "price_unit": "ML"
      },
      {
        "state": "ACT",
        "price": "3845",
        "price_per_unit": "1622",
        "price_unit": "ML"
      },
      {
        "state": "NT",
        "price": "3845",
        "price_per_unit": "1622",
        "price_unit": "ML"
      }
    ]
  },
  {
    "source_url": "https://www.woolworths.com.au/shop/productdetails/1074131562/ancient-minerals-magnesium-lotion-150ml",
    "name": "Ancient Minerals Magnesium Lotion 150ml",
    "image_url": "https://cdn1.woolworths.media/content/wowproductimages/large/1074131562.jpg",
    "source_id": "Woolworths - 1074131562",
    "barcode": null,
    "shop": "Woolworths",
    "weight": "100ML",
    "prices": [
      {
        "state": "NSW",
        "price": "9790",
        "price_per_unit": "6527",
        "price_unit": "ML"
      },
      {
        "state": "VIC",
        "price": "9790",
        "price_per_unit": "6527",
        "price_unit": "ML"
      },
      {
        "state": "QLD",
        "price": "9790",
        "price_per_unit": "6527",
        "price_unit": "ML"
      },
      {
        "state": "WA",
        "price": "9790",
        "price_per_unit": "6527",
        "price_unit": "ML"
      },
      {
        "state": "SA",
        "price": "9790",
        "price_per_unit": "6527",
        "price_unit": "ML"
      },
      {
        "state": "TAS",
        "price": "9790",
        "price_per_unit": "6527",
        "price_unit": "ML"
      },
      {
        "state": "ACT",
        "price": "9790",
        "price_per_unit": "6527",
        "price_unit": "ML"
      },
      {
        "state": "NT",
        "price": "9790",
        "price_per_unit": "6527",
        "price_unit": "ML"
      }
    ]
  },
  {
    "source_url": "https://www.woolworths.com.au/shop/productdetails/1074131563/ancient-minerals-magnesium-lotion-ultra-with-msm-150ml",
    "name": "Ancient Minerals Magnesium Lotion Ultra (with MSM) 150ml",
    "image_url": "https://cdn1.woolworths.media/content/wowproductimages/large/1074131563.jpg",
    "source_id": "Woolworths - 1074131563",
    "barcode": null,
    "shop": "Woolworths",
    "weight": "100ML",
    "prices": [
      {
        "state": "NSW",
        "price": "9790",
        "price_per_unit": "6527",
        "price_unit": "ML"
      },
      {
        "state": "VIC",
        "price": "9790",
        "price_per_unit": "6527",
        "price_unit": "ML"
      },
      {
        "state": "QLD",
        "price": "9790",
        "price_per_unit": "6527",
        "price_unit": "ML"
      },
      {
        "state": "WA",
        "price": "9790",
        "price_per_unit": "6527",
        "price_unit": "ML"
      },
      {
        "state": "SA",
        "price": "9790",
        "price_per_unit": "6527",
        "price_unit": "ML"
      },
      {
        "state": "TAS",
        "price": "9790",
        "price_per_unit": "6527",
        "price_unit": "ML"
      },
      {
        "state": "ACT",
        "price": "9790",
        "price_per_unit": "6527",
        "price_unit": "ML"
      },
      {
        "state": "NT",
        "price": "9790",
        "price_per_unit": "6527",
        "price_unit": "ML"
      }
    ]
  },
  {
    "source_url": "https://www.woolworths.com.au/shop/productdetails/1074131571/antipodes-avocado-pear-nourishing-night-cream-15ml",
    "name": "Antipodes Avocado Pear Nourishing Night Cream 15ml",
    "image_url": "https://cdn1.woolworths.media/content/wowproductimages/large/1074131571.jpg",
    "source_id": "Woolworths - 1074131571",
    "barcode": null,
    "shop": "Woolworths",
    "weight": "100ML",
    "prices": [
      {
        "state": "NSW",
        "price": "6050",
        "price_per_unit": "40333",
        "price_unit": "ML"
      },
      {
        "state": "VIC",
        "price": "6050",
        "price_per_unit": "40333",
        "price_unit": "ML"
      },
      {
        "state": "QLD",
        "price": "6050",
        "price_per_unit": "40333",
        "price_unit": "ML"
      },
      {
        "state": "WA",
        "price": "6050",
        "price_per_unit": "40333",
        "price_unit": "ML"
      },
      {
        "state": "SA",
        "price": "6050",
        "price_per_unit": "40333",
        "price_unit": "ML"
      },
      {
        "state": "TAS",
        "price": "6050",
        "price_per_unit": "40333",
        "price_unit": "ML"
      },
      {
        "state": "ACT",
        "price": "6050",
        "price_per_unit": "40333",
        "price_unit": "ML"
      },
      {
        "state": "NT",
        "price": "6050",
        "price_per_unit": "40333",
        "price_unit": "ML"
      }
    ]
  },
  {
    "source_url": "https://www.woolworths.com.au/shop/productdetails/1074131572/antipodes-avocado-pear-nourishing-night-cream-60ml",
    "name": "Antipodes Avocado Pear Nourishing Night Cream 60ml",
    "image_url": "https://cdn1.woolworths.media/content/wowproductimages/large/1074131572.jpg",
    "source_id": "Woolworths - 1074131572",
    "barcode": null,
    "shop": "Woolworths",
    "weight": "100ML",
    "prices": [
      {
        "state": "NSW",
        "price": "12320",
        "price_per_unit": "20533",
        "price_unit": "ML"
      },
      {
        "state": "VIC",
        "price": "12320",
        "price_per_unit": "20533",
        "price_unit": "ML"
      },
      {
        "state": "QLD",
        "price": "12320",
        "price_per_unit": "20533",
        "price_unit": "ML"
      },
      {
        "state": "WA",
        "price": "12320",
        "price_per_unit": "20533",
        "price_unit": "ML"
      },
      {
        "state": "SA",
        "price": "12320",
        "price_per_unit": "20533",
        "price_unit": "ML"
      },
      {
        "state": "TAS",
        "price": "12320",
        "price_per_unit": "20533",
        "price_unit": "ML"
      },
      {
        "state": "ACT",
        "price": "12320",
        "price_per_unit": "20533",
        "price_unit": "ML"
      },
      {
        "state": "NT",
        "price": "12320",
        "price_per_unit": "20533",
        "price_unit": "ML"
      }
    ]
  },
  {
    "source_url": "https://www.woolworths.com.au/shop/productdetails/1074386025/antipodes-culture-probiotic-night-recovery-water-cream-15ml",
    "name": "Antipodes Culture Probiotic Night Recovery Water Cream 15ml",
    "image_url": "https://cdn1.woolworths.media/content/wowproductimages/large/1074386025.jpg",
    "source_id": "Woolworths - 1074386025",
    "barcode": null,
    "shop": "Woolworths",
    "weight": "100ML",
    "prices": [
      {
        "state": "NSW",
        "price": "6050",
        "price_per_unit": "40333",
        "price_unit": "ML"
      },
      {
        "state": "VIC",
        "price": "6050",
        "price_per_unit": "40333",
        "price_unit": "ML"
      },
      {
        "state": "QLD",
        "price": "6050",
        "price_per_unit": "40333",
        "price_unit": "ML"
      },
      {
        "state": "WA",
        "price": "6050",
        "price_per_unit": "40333",
        "price_unit": "ML"
      },
      {
        "state": "SA",
        "price": "6050",
        "price_per_unit": "40333",
        "price_unit": "ML"
      },
      {
        "state": "TAS",
        "price": "6050",
        "price_per_unit": "40333",
        "price_unit": "ML"
      },
      {
        "state": "ACT",
        "price": "6050",
        "price_per_unit": "40333",
        "price_unit": "ML"
      },
      {
        "state": "NT",
        "price": "6050",
        "price_per_unit": "40333",
        "price_unit": "ML"
      }
    ]
  },
  {
    "source_url": "https://www.woolworths.com.au/shop/productdetails/1075480070/antipodes-culture-probiotic-night-recovery-water-cream-60ml",
    "name": "Antipodes Culture Probiotic Night Recovery Water Cream 60ml",
    "image_url": "https://cdn1.woolworths.media/content/wowproductimages/large/1075480070.jpg",
    "source_id": "Woolworths - 1075480070",
    "barcode": null,
    "shop": "Woolworths",
    "weight": "100ML",
    "prices": [
      {
        "state": "NSW",
        "price": "5250",
        "price_per_unit": "8750",
        "price_unit": "ML"
      },
      {
        "state": "VIC",
        "price": "5250",
        "price_per_unit": "8750",
        "price_unit": "ML"
      },
      {
        "state": "QLD",
        "price": "5250",
        "price_per_unit": "8750",
        "price_unit": "ML"
      },
      {
        "state": "WA",
        "price": "5250",
        "price_per_unit": "8750",
        "price_unit": "ML"
      },
      {
        "state": "SA",
        "price": "5250",
        "price_per_unit": "8750",
        "price_unit": "ML"
      },
      {
        "state": "TAS",
        "price": "5250",
        "price_per_unit": "8750",
        "price_unit": "ML"
      },
      {
        "state": "ACT",
        "price": "5250",
        "price_per_unit": "8750",
        "price_unit": "ML"
      },
      {
        "state": "NT",
        "price": "5250",
        "price_per_unit": "8750",
        "price_unit": "ML"
      }
    ]
  },
  {
    "source_url": "https://www.woolworths.com.au/shop/productdetails/1074131576/antipodes-culture-probiotic-night-recovery-water-cream-60ml",
    "name": "Antipodes Culture Probiotic Night Recovery Water Cream 60ml",
    "image_url": "https://cdn1.woolworths.media/content/wowproductimages/large/1074131576.jpg",
    "source_id": "Woolworths - 1074131576",
    "barcode": null,
    "shop": "Woolworths",
    "weight": "100ML",
    "prices": [
      {
        "state": "NSW",
        "price": "12320",
        "price_per_unit": "20533",
        "price_unit": "ML"
      },
      {
        "state": "VIC",
        "price": "12320",
        "price_per_unit": "20533",
        "price_unit": "ML"
      },
      {
        "state": "QLD",
        "price": "12320",
        "price_per_unit": "20533",
        "price_unit": "ML"
      },
      {
        "state": "WA",
        "price": "12320",
        "price_per_unit": "20533",
        "price_unit": "ML"
      },
      {
        "state": "SA",
        "price": "12320",
        "price_per_unit": "20533",
        "price_unit": "ML"
      },
      {
        "state": "TAS",
        "price": "12320",
        "price_per_unit": "20533",
        "price_unit": "ML"
      },
      {
        "state": "ACT",
        "price": "12320",
        "price_per_unit": "20533",
        "price_unit": "ML"
      },
      {
        "state": "NT",
        "price": "12320",
        "price_per_unit": "20533",
        "price_unit": "ML"
      }
    ]
  },
  {
    "source_url": "https://www.woolworths.com.au/shop/productdetails/1075480628/antipodes-lime-caviar-collagen-rich-firming-cream-60ml",
    "name": "Antipodes Lime Caviar Collagen-Rich Firming Cream 60ml",
    "image_url": "https://cdn1.woolworths.media/content/wowproductimages/large/1075480628.jpg",
    "source_id": "Woolworths - 1075480628",
    "barcode": null,
    "shop": "Woolworths",
    "weight": "100ML",
    "prices": [
      {
        "state": "NSW",
        "price": "4650",
        "price_per_unit": "7750",
        "price_unit": "ML"
      },
      {
        "state": "VIC",
        "price": "4650",
        "price_per_unit": "7750",
        "price_unit": "ML"
      },
      {
        "state": "QLD",
        "price": "4650",
        "price_per_unit": "7750",
        "price_unit": "ML"
      },
      {
        "state": "WA",
        "price": "4650",
        "price_per_unit": "7750",
        "price_unit": "ML"
      },
      {
        "state": "SA",
        "price": "4650",
        "price_per_unit": "7750",
        "price_unit": "ML"
      },
      {
        "state": "TAS",
        "price": "4650",
        "price_per_unit": "7750",
        "price_unit": "ML"
      },
      {
        "state": "ACT",
        "price": "4650",
        "price_per_unit": "7750",
        "price_unit": "ML"
      },
      {
        "state": "NT",
        "price": "4650",
        "price_per_unit": "7750",
        "price_unit": "ML"
      }
    ]
  },
  {
    "source_url": "https://www.woolworths.com.au/shop/productdetails/1075481299/ausganica-lavender-soothing-hand-body-lotion-500ml",
    "name": "Ausganica Lavender Soothing Hand/Body Lotion 500ml",
    "image_url": "https://cdn1.woolworths.media/content/wowproductimages/large/1075481299.jpg",
    "source_id": "Woolworths - 1075481299",
    "barcode": null,
    "shop": "Woolworths",
    "weight": "100ML",
    "prices": [
      {
        "state": "NSW",
        "price": "1995",
        "price_per_unit": "399",
        "price_unit": "ML"
      },
      {
        "state": "VIC",
        "price": "1995",
        "price_per_unit": "399",
        "price_unit": "ML"
      },
      {
        "state": "QLD",
        "price": "1995",
        "price_per_unit": "399",
        "price_unit": "ML"
      },
      {
        "state": "WA",
        "price": "1995",
        "price_per_unit": "399",
        "price_unit": "ML"
      },
      {
        "state": "SA",
        "price": "1995",
        "price_per_unit": "399",
        "price_unit": "ML"
      },
      {
        "state": "TAS",
        "price": "1995",
        "price_per_unit": "399",
        "price_unit": "ML"
      },
      {
        "state": "ACT",
        "price": "1995",
        "price_per_unit": "399",
        "price_unit": "ML"
      },
      {
        "state": "NT",
        "price": "1995",
        "price_per_unit": "399",
        "price_unit": "ML"
      }
    ]
  },
  {
    "source_url": "https://www.woolworths.com.au/shop/productdetails/1074131641/ausganica-organic-lavender-soothing-hand-body-lotion-30ml",
    "name": "Ausganica Organic Lavender Soothing Hand/Body Lotion 30ml",
    "image_url": "https://cdn1.woolworths.media/content/wowproductimages/large/1074131641.jpg",
    "source_id": "Woolworths - 1074131641",
    "barcode": null,
    "shop": "Woolworths",
    "weight": "100ML",
    "prices": [
      {
        "state": "NSW",
        "price": "4510",
        "price_per_unit": "15033",
        "price_unit": "ML"
      },
      {
        "state": "VIC",
        "price": "4510",
        "price_per_unit": "15033",
        "price_unit": "ML"
      },
      {
        "state": "QLD",
        "price": "4510",
        "price_per_unit": "15033",
        "price_unit": "ML"
      },
      {
        "state": "WA",
        "price": "4510",
        "price_per_unit": "15033",
        "price_unit": "ML"
      },
      {
        "state": "SA",
        "price": "4510",
        "price_per_unit": "15033",
        "price_unit": "ML"
      },
      {
        "state": "TAS",
        "price": "4510",
        "price_per_unit": "15033",
        "price_unit": "ML"
      },
      {
        "state": "ACT",
        "price": "4510",
        "price_per_unit": "15033",
        "price_unit": "ML"
      },
      {
        "state": "NT",
        "price": "4510",
        "price_per_unit": "15033",
        "price_unit": "ML"
      }
    ]
  },
  {
    "source_url": "https://www.woolworths.com.au/shop/productdetails/1075480556/ausganica-rose-geranium-nourishing-hand-body-lotion-500ml",
    "name": "Ausganica Rose Geranium Nourishing Hand/Body Lotion 500ml",
    "image_url": "https://cdn1.woolworths.media/content/wowproductimages/large/1075480556.jpg",
    "source_id": "Woolworths - 1075480556",
    "barcode": null,
    "shop": "Woolworths",
    "weight": "100ML",
    "prices": [
      {
        "state": "NSW",
        "price": "1795",
        "price_per_unit": "359",
        "price_unit": "ML"
      },
      {
        "state": "VIC",
        "price": "1795",
        "price_per_unit": "359",
        "price_unit": "ML"
      },
      {
        "state": "QLD",
        "price": "1795",
        "price_per_unit": "359",
        "price_unit": "ML"
      },
      {
        "state": "WA",
        "price": "1795",
        "price_per_unit": "359",
        "price_unit": "ML"
      },
      {
        "state": "SA",
        "price": "1795",
        "price_per_unit": "359",
        "price_unit": "ML"
      },
      {
        "state": "TAS",
        "price": "1795",
        "price_per_unit": "359",
        "price_unit": "ML"
      },
      {
        "state": "ACT",
        "price": "1795",
        "price_per_unit": "359",
        "price_unit": "ML"
      },
      {
        "state": "NT",
        "price": "1795",
        "price_per_unit": "359",
        "price_unit": "ML"
      }
    ]
  },
  {
    "source_url": "https://www.woolworths.com.au/shop/productdetails/1075479879/ausganica-rose-romance-rose-body-lotion-250ml",
    "name": "Ausganica Rose Romance Rose Body Lotion 250ml",
    "image_url": "https://cdn1.woolworths.media/content/wowproductimages/large/1075479879.jpg",
    "source_id": "Woolworths - 1075479879",
    "barcode": null,
    "shop": "Woolworths",
    "weight": "100ML",
    "prices": [
      {
        "state": "NSW",
        "price": "1895",
        "price_per_unit": "758",
        "price_unit": "ML"
      },
      {
        "state": "VIC",
        "price": "1895",
        "price_per_unit": "758",
        "price_unit": "ML"
      },
      {
        "state": "QLD",
        "price": "1895",
        "price_per_unit": "758",
        "price_unit": "ML"
      },
      {
        "state": "WA",
        "price": "1895",
        "price_per_unit": "758",
        "price_unit": "ML"
      },
      {
        "state": "SA",
        "price": "1895",
        "price_per_unit": "758",
        "price_unit": "ML"
      },
      {
        "state": "TAS",
        "price": "1895",
        "price_per_unit": "758",
        "price_unit": "ML"
      },
      {
        "state": "ACT",
        "price": "1895",
        "price_per_unit": "758",
        "price_unit": "ML"
      },
      {
        "state": "NT",
        "price": "1895",
        "price_per_unit": "758",
        "price_unit": "ML"
      }
    ]
  },
  {
    "source_url": "https://www.woolworths.com.au/shop/productdetails/1075481431/australian-creams-kakadu-plum-cooling-moisturising-lotion-150ml",
    "name": "Australian Creams Kakadu Plum Cooling Moisturising Lotion 150ml",
    "image_url": "https://cdn1.woolworths.media/content/wowproductimages/large/1075481431.jpg",
    "source_id": "Woolworths - 1075481431",
    "barcode": null,
    "shop": "Woolworths",
    "weight": "100ML",
    "prices": [
      {
        "state": "NSW",
        "price": "2076",
        "price_per_unit": "1384",
        "price_unit": "ML"
      },
      {
        "state": "VIC",
        "price": "2076",
        "price_per_unit": "1384",
        "price_unit": "ML"
      },
      {
        "state": "QLD",
        "price": "2076",
        "price_per_unit": "1384",
        "price_unit": "ML"
      },
      {
        "state": "WA",
        "price": "2076",
        "price_per_unit": "1384",
        "price_unit": "ML"
      },
      {
        "state": "SA",
        "price": "2076",
        "price_per_unit": "1384",
        "price_unit": "ML"
      },
      {
        "state": "TAS",
        "price": "2076",
        "price_per_unit": "1384",
        "price_unit": "ML"
      },
      {
        "state": "ACT",
        "price": "2076",
        "price_per_unit": "1384",
        "price_unit": "ML"
      },
      {
        "state": "NT",
        "price": "2076",
        "price_per_unit": "1384",
        "price_unit": "ML"
      }
    ]
  },
  {
    "source_url": "https://www.woolworths.com.au/shop/productdetails/1075481728/australian-creams-kakadu-plum-face-neck-firming-cream-100ml",
    "name": "Australian Creams Kakadu Plum Face & Neck Firming Cream 100ml",
    "image_url": "https://cdn1.woolworths.media/content/wowproductimages/large/1075481728.jpg",
    "source_id": "Woolworths - 1075481728",
    "barcode": null,
    "shop": "Woolworths",
    "weight": "100ML",
    "prices": [
      {
        "state": "NSW",
        "price": "2076",
        "price_per_unit": "2076",
        "price_unit": "ML"
      },
      {
        "state": "VIC",
        "price": "2076",
        "price_per_unit": "2076",
        "price_unit": "ML"
      },
      {
        "state": "QLD",
        "price": "2076",
        "price_per_unit": "2076",
        "price_unit": "ML"
      },
      {
        "state": "WA",
        "price": "2076",
        "price_per_unit": "2076",
        "price_unit": "ML"
      },
      {
        "state": "SA",
        "price": "2076",
        "price_per_unit": "2076",
        "price_unit": "ML"
      },
      {
        "state": "TAS",
        "price": "2076",
        "price_per_unit": "2076",
        "price_unit": "ML"
      },
      {
        "state": "ACT",
        "price": "2076",
        "price_per_unit": "2076",
        "price_unit": "ML"
      },
      {
        "state": "NT",
        "price": "2076",
        "price_per_unit": "2076",
        "price_unit": "ML"
      }
    ]
  },
  {
    "source_url": "https://www.woolworths.com.au/shop/productdetails/1075836968/avalon-organics-hand-body-lotion-lavender-350ml",
    "name": "Avalon Organics Hand & Body Lotion Lavender 350mL",
    "image_url": "https://cdn1.woolworths.media/content/wowproductimages/large/1075836968.jpg",
    "source_id": "Woolworths - 1075836968",
    "barcode": null,
    "shop": "Woolworths",
    "weight": "100ML",
    "prices": [
      {
        "state": "NSW",
        "price": "2095",
        "price_per_unit": "599",
        "price_unit": "ML"
      },
      {
        "state": "VIC",
        "price": "2095",
        "price_per_unit": "599",
        "price_unit": "ML"
      },
      {
        "state": "QLD",
        "price": "2095",
        "price_per_unit": "599",
        "price_unit": "ML"
      },
      {
        "state": "WA",
        "price": "2095",
        "price_per_unit": "599",
        "price_unit": "ML"
      },
      {
        "state": "SA",
        "price": "2095",
        "price_per_unit": "599",
        "price_unit": "ML"
      },
      {
        "state": "TAS",
        "price": "2095",
        "price_per_unit": "599",
        "price_unit": "ML"
      },
      {
        "state": "ACT",
        "price": "2095",
        "price_per_unit": "599",
        "price_unit": "ML"
      },
      {
        "state": "NT",
        "price": "2095",
        "price_per_unit": "599",
        "price_unit": "ML"
      }
    ]
  },
  {
    "source_url": "https://www.woolworths.com.au/shop/productdetails/1074649665/aveda-beautifying-body-moisturizer-200ml-6-7oz",
    "name": "Aveda Beautifying Body Moisturizer 200ml/6.7oz",
    "image_url": "https://cdn1.woolworths.media/content/wowproductimages/large/1074649665.jpg",
    "source_id": "Woolworths - 1074649665",
    "barcode": null,
    "shop": "Woolworths",
    "weight": "100ML",
    "prices": [
      {
        "state": "NSW",
        "price": "7400",
        "price_per_unit": "3700",
        "price_unit": "ML"
      },
      {
        "state": "VIC",
        "price": "7400",
        "price_per_unit": "3700",
        "price_unit": "ML"
      },
      {
        "state": "QLD",
        "price": "7400",
        "price_per_unit": "3700",
        "price_unit": "ML"
      },
      {
        "state": "WA",
        "price": "7400",
        "price_per_unit": "3700",
        "price_unit": "ML"
      },
      {
        "state": "SA",
        "price": "7400",
        "price_per_unit": "3700",
        "price_unit": "ML"
      },
      {
        "state": "TAS",
        "price": "7400",
        "price_per_unit": "3700",
        "price_unit": "ML"
      },
      {
        "state": "ACT",
        "price": "7400",
        "price_per_unit": "3700",
        "price_unit": "ML"
      },
      {
        "state": "NT",
        "price": "7400",
        "price_per_unit": "3700",
        "price_unit": "ML"
      }
    ]
  },
  {
    "source_url": "https://www.woolworths.com.au/shop/productdetails/1074917981/aveda-botanical-kinetics-intense-hydrating-soft-creme-50ml-1-7oz",
    "name": "Aveda Botanical Kinetics Intense Hydrating Soft Creme 50ml/1.7oz",
    "image_url": "https://cdn1.woolworths.media/content/wowproductimages/large/1074917981.jpg",
    "source_id": "Woolworths - 1074917981",
    "barcode": null,
    "shop": "Woolworths",
    "weight": "100ML",
    "prices": [
      {
        "state": "NSW",
        "price": "9200",
        "price_per_unit": "18400",
        "price_unit": "ML"
      },
      {
        "state": "VIC",
        "price": "9200",
        "price_per_unit": "18400",
        "price_unit": "ML"
      },
      {
        "state": "QLD",
        "price": "9200",
        "price_per_unit": "18400",
        "price_unit": "ML"
      },
      {
        "state": "WA",
        "price": "9200",
        "price_per_unit": "18400",
        "price_unit": "ML"
      },
      {
        "state": "SA",
        "price": "9200",
        "price_per_unit": "18400",
        "price_unit": "ML"
      },
      {
        "state": "TAS",
        "price": "9200",
        "price_per_unit": "18400",
        "price_unit": "ML"
      },
      {
        "state": "ACT",
        "price": "9200",
        "price_per_unit": "18400",
        "price_unit": "ML"
      },
      {
        "state": "NT",
        "price": "9200",
        "price_per_unit": "18400",
        "price_unit": "ML"
      }
    ]
  },
  {
    "source_url": "https://www.woolworths.com.au/shop/productdetails/1074649682/aveda-cooling-balancing-oil-concentrate-7ml-0-24oz",
    "name": "Aveda Cooling Balancing Oil Concentrate 7ml/0.24oz",
    "image_url": "https://cdn1.woolworths.media/content/wowproductimages/large/1074649682.jpg",
    "source_id": "Woolworths - 1074649682",
    "barcode": null,
    "shop": "Woolworths",
    "weight": "100ML",
    "prices": [
      {
        "state": "NSW",
        "price": "5400",
        "price_per_unit": "77143",
        "price_unit": "ML"
      },
      {
        "state": "VIC",
        "price": "5400",
        "price_per_unit": "77143",
        "price_unit": "ML"
      },
      {
        "state": "QLD",
        "price": "5400",
        "price_per_unit": "77143",
        "price_unit": "ML"
      },
      {
        "state": "WA",
        "price": "5400",
        "price_per_unit": "77143",
        "price_unit": "ML"
      },
      {
        "state": "SA",
        "price": "5400",
        "price_per_unit": "77143",
        "price_unit": "ML"
      },
      {
        "state": "TAS",
        "price": "5400",
        "price_per_unit": "77143",
        "price_unit": "ML"
      },
      {
        "state": "ACT",
        "price": "5400",
        "price_per_unit": "77143",
        "price_unit": "ML"
      },
      {
        "state": "NT",
        "price": "5400",
        "price_per_unit": "77143",
        "price_unit": "ML"
      }
    ]
  },
  {
    "source_url": "https://www.woolworths.com.au/shop/productdetails/1075478654/aveeno-active-naturals-skin-relief-intense-moisture-repair-cream-311g",
    "name": "Aveeno Active Naturals Skin Relief Intense Moisture Repair Cream 311g",
    "image_url": "https://cdn1.woolworths.media/content/wowproductimages/large/1075478654.jpg",
    "source_id": "Woolworths - 1075478654",
    "barcode": null,
    "shop": "Woolworths",
    "weight": "100G",
    "prices": [
      {
        "state": "NSW",
        "price": "1995",
        "price_per_unit": "641",
        "price_unit": "G"
      },
      {
        "state": "VIC",
        "price": "1995",
        "price_per_unit": "641",
        "price_unit": "G"
      },
      {
        "state": "QLD",
        "price": "1995",
        "price_per_unit": "641",
        "price_unit": "G"
      },
      {
        "state": "WA",
        "price": "1995",
        "price_per_unit": "641",
        "price_unit": "G"
      },
      {
        "state": "SA",
        "price": "1995",
        "price_per_unit": "641",
        "price_unit": "G"
      },
      {
        "state": "TAS",
        "price": "1995",
        "price_per_unit": "641",
        "price_unit": "G"
      },
      {
        "state": "ACT",
        "price": "1995",
        "price_per_unit": "641",
        "price_unit": "G"
      },
      {
        "state": "NT",
        "price": "1995",
        "price_per_unit": "641",
        "price_unit": "G"
      }
    ]
  },
  {
    "source_url": "https://www.woolworths.com.au/shop/productdetails/1075477342/aveeno-daily-moisturising-body-lotion-225ml",
    "name": "Aveeno Daily Moisturising Body Lotion 225ml",
    "image_url": "https://cdn1.woolworths.media/content/wowproductimages/large/1075477342.jpg",
    "source_id": "Woolworths - 1075477342",
    "barcode": null,
    "shop": "Woolworths",
    "weight": "100ML",
    "prices": [
      {
        "state": "NSW",
        "price": "965",
        "price_per_unit": "429",
        "price_unit": "ML"
      },
      {
        "state": "VIC",
        "price": "965",
        "price_per_unit": "429",
        "price_unit": "ML"
      },
      {
        "state": "QLD",
        "price": "965",
        "price_per_unit": "429",
        "price_unit": "ML"
      },
      {
        "state": "WA",
        "price": "965",
        "price_per_unit": "429",
        "price_unit": "ML"
      },
      {
        "state": "SA",
        "price": "965",
        "price_per_unit": "429",
        "price_unit": "ML"
      },
      {
        "state": "TAS",
        "price": "965",
        "price_per_unit": "429",
        "price_unit": "ML"
      },
      {
        "state": "ACT",
        "price": "965",
        "price_per_unit": "429",
        "price_unit": "ML"
      },
      {
        "state": "NT",
        "price": "965",
        "price_per_unit": "429",
        "price_unit": "ML"
      }
    ]
  },
  {
    "source_url": "https://www.woolworths.com.au/shop/productdetails/1075479049/aveeno-daily-moisturising-body-lotion-354ml",
    "name": "Aveeno Daily Moisturising Body Lotion 354ml",
    "image_url": "https://cdn1.woolworths.media/content/wowproductimages/large/1075479049.jpg",
    "source_id": "Woolworths - 1075479049",
    "barcode": null,
    "shop": "Woolworths",
    "weight": "100ML",
    "prices": [
      {
        "state": "NSW",
        "price": "1295",
        "price_per_unit": "366",
        "price_unit": "ML"
      },
      {
        "state": "VIC",
        "price": "1295",
        "price_per_unit": "366",
        "price_unit": "ML"
      },
      {
        "state": "QLD",
        "price": "1295",
        "price_per_unit": "366",
        "price_unit": "ML"
      },
      {
        "state": "WA",
        "price": "1295",
        "price_per_unit": "366",
        "price_unit": "ML"
      },
      {
        "state": "SA",
        "price": "1295",
        "price_per_unit": "366",
        "price_unit": "ML"
      },
      {
        "state": "TAS",
        "price": "1295",
        "price_per_unit": "366",
        "price_unit": "ML"
      },
      {
        "state": "ACT",
        "price": "1295",
        "price_per_unit": "366",
        "price_unit": "ML"
      },
      {
        "state": "NT",
        "price": "1295",
        "price_per_unit": "366",
        "price_unit": "ML"
      }
    ]
  },
  {
    "source_url": "https://www.woolworths.com.au/shop/productdetails/688099/aveeno-daily-moisturising-body-lotion-fragrance-free-sensitive-skin",
    "name": "Aveeno Daily Moisturising Body Lotion Fragrance Free Sensitive Skin 1l",
    "image_url": "https://cdn1.woolworths.media/content/wowproductimages/large/688099.jpg",
    "source_id": "Woolworths - 688099",
    "barcode": "9300607761306",
    "shop": "Woolworths",
    "weight": "100ML",
    "prices": [
      {
        "state": "NSW",
        "price": "1800",
        "price_per_unit": "180",
        "price_unit": "ML"
      },
      {
        "state": "VIC",
        "price": "1800",
        "price_per_unit": "180",
        "price_unit": "ML"
      },
      {
        "state": "QLD",
        "price": "1800",
        "price_per_unit": "180",
        "price_unit": "ML"
      },
      {
        "state": "WA",
        "price": "1800",
        "price_per_unit": "180",
        "price_unit": "ML"
      },
      {
        "state": "SA",
        "price": "1800",
        "price_per_unit": "180",
        "price_unit": "ML"
      },
      {
        "state": "TAS",
        "price": "1800",
        "price_per_unit": "180",
        "price_unit": "ML"
      },
      {
        "state": "NT",
        "price": "1800",
        "price_per_unit": "180",
        "price_unit": "ML"
      }
    ]
  },
  {
    "source_url": "https://www.woolworths.com.au/shop/productdetails/276040/aveeno-daily-moisturising-body-lotion-fragrance-free-sensitive-skin",
    "name": "Aveeno Daily Moisturising Body Lotion Fragrance Free Sensitive Skin 354ml",
    "image_url": "https://cdn1.woolworths.media/content/wowproductimages/large/276040.jpg",
    "source_id": "Woolworths - 276040",
    "barcode": "3574660200775",
    "shop": "Woolworths",
    "weight": "100ML",
    "prices": [
      {
        "state": "NSW",
        "price": "930",
        "price_per_unit": "263",
        "price_unit": "ML"
      },
      {
        "state": "VIC",
        "price": "930",
        "price_per_unit": "263",
        "price_unit": "ML"
      },
      {
        "state": "QLD",
        "price": "930",
        "price_per_unit": "263",
        "price_unit": "ML"
      },
      {
        "state": "WA",
        "price": "930",
        "price_per_unit": "263",
        "price_unit": "ML"
      },
      {
        "state": "SA",
        "price": "930",
        "price_per_unit": "263",
        "price_unit": "ML"
      },
      {
        "state": "TAS",
        "price": "930",
        "price_per_unit": "263",
        "price_unit": "ML"
      },
      {
        "state": "ACT",
        "price": "930",
        "price_per_unit": "263",
        "price_unit": "ML"
      },
      {
        "state": "NT",
        "price": "930",
        "price_per_unit": "263",
        "price_unit": "ML"
      }
    ]
  },
  {
    "source_url": "https://www.woolworths.com.au/shop/productdetails/932580/aveeno-daily-moisturising-body-lotion-fragrance-free-sensitive-skin",
    "name": "Aveeno Daily Moisturising Body Lotion Fragrance Free Sensitive Skin 532ml",
    "image_url": "https://cdn1.woolworths.media/content/wowproductimages/large/932580.jpg",
    "source_id": "Woolworths - 932580",
    "barcode": "9300607761146",
    "shop": "Woolworths",
    "weight": "100ML",
    "prices": [
      {
        "state": "NSW",
        "price": "1170",
        "price_per_unit": "220",
        "price_unit": "ML"
      },
      {
        "state": "VIC",
        "price": "1170",
        "price_per_unit": "220",
        "price_unit": "ML"
      },
      {
        "state": "QLD",
        "price": "1170",
        "price_per_unit": "220",
        "price_unit": "ML"
      },
      {
        "state": "WA",
        "price": "1170",
        "price_per_unit": "220",
        "price_unit": "ML"
      },
      {
        "state": "SA",
        "price": "1170",
        "price_per_unit": "220",
        "price_unit": "ML"
      },
      {
        "state": "TAS",
        "price": "1170",
        "price_per_unit": "220",
        "price_unit": "ML"
      },
      {
        "state": "ACT",
        "price": "1170",
        "price_per_unit": "220",
        "price_unit": "ML"
      },
      {
        "state": "NT",
        "price": "1170",
        "price_per_unit": "220",
        "price_unit": "ML"
      }
    ]
  },
  {
    "source_url": "https://www.woolworths.com.au/shop/productdetails/168997/aveeno-daily-moisturising-body-oil-mist-dry-rough-sensitive-skin",
    "name": "Aveeno Daily Moisturising Body Oil Mist Dry Rough Sensitive Skin 200ml",
    "image_url": "https://cdn1.woolworths.media/content/wowproductimages/large/168997.jpg",
    "source_id": "Woolworths - 168997",
    "barcode": "381371192731",
    "shop": "Woolworths",
    "weight": "100ML",
    "prices": [
      {
        "state": "NSW",
        "price": "1170",
        "price_per_unit": "585",
        "price_unit": "ML"
      },
      {
        "state": "VIC",
        "price": "1170",
        "price_per_unit": "585",
        "price_unit": "ML"
      },
      {
        "state": "WA",
        "price": "1170",
        "price_per_unit": "585",
        "price_unit": "ML"
      },
      {
        "state": "SA",
        "price": "1170",
        "price_per_unit": "585",
        "price_unit": "ML"
      },
      {
        "state": "ACT",
        "price": "1170",
        "price_per_unit": "585",
        "price_unit": "ML"
      }
    ]
  },
  {
    "source_url": "https://www.woolworths.com.au/shop/productdetails/1075478175/aveeno-daily-moisturising-creamy-oil-300ml",
    "name": "Aveeno Daily Moisturising Creamy Oil 300ml",
    "image_url": "https://cdn1.woolworths.media/content/wowproductimages/large/1075478175.jpg",
    "source_id": "Woolworths - 1075478175",
    "barcode": null,
    "shop": "Woolworths",
    "weight": "100ML",
    "prices": [
      {
        "state": "NSW",
        "price": "1345",
        "price_per_unit": "448",
        "price_unit": "ML"
      },
      {
        "state": "VIC",
        "price": "1345",
        "price_per_unit": "448",
        "price_unit": "ML"
      },
      {
        "state": "QLD",
        "price": "1345",
        "price_per_unit": "448",
        "price_unit": "ML"
      },
      {
        "state": "WA",
        "price": "1345",
        "price_per_unit": "448",
        "price_unit": "ML"
      },
      {
        "state": "SA",
        "price": "1345",
        "price_per_unit": "448",
        "price_unit": "ML"
      },
      {
        "state": "TAS",
        "price": "1345",
        "price_per_unit": "448",
        "price_unit": "ML"
      },
      {
        "state": "ACT",
        "price": "1345",
        "price_per_unit": "448",
        "price_unit": "ML"
      },
      {
        "state": "NT",
        "price": "1345",
        "price_per_unit": "448",
        "price_unit": "ML"
      }
    ]
  },
  {
    "source_url": "https://www.woolworths.com.au/shop/productdetails/1074575368/aveeno-daily-moisturising-light-fragrance-gentle-scent-body-wash-nourish-hydrate-normal-dry-sensitive-skin-ph-balanced-1l",
    "name": "Aveeno Daily Moisturising Light Fragrance Gentle Scent Body Wash Nourish Hydrate Normal Dry Sensitive Skin PH-Balanced 1L",
    "image_url": "https://cdn1.woolworths.media/content/wowproductimages/large/1074575368.jpg",
    "source_id": "Woolworths - 1074575368",
    "barcode": null,
    "shop": "Woolworths",
    "weight": "100ML",
    "prices": [
      {
        "state": "NSW",
        "price": "2600",
        "price_per_unit": "260",
        "price_unit": "ML"
      },
      {
        "state": "VIC",
        "price": "2600",
        "price_per_unit": "260",
        "price_unit": "ML"
      },
      {
        "state": "QLD",
        "price": "1560",
        "price_per_unit": "156",
        "price_unit": "ML"
      },
      {
        "state": "WA",
        "price": "1560",
        "price_per_unit": "156",
        "price_unit": "ML"
      },
      {
        "state": "SA",
        "price": "1560",
        "price_per_unit": "156",
        "price_unit": "ML"
      },
      {
        "state": "TAS",
        "price": "1560",
        "price_per_unit": "156",
        "price_unit": "ML"
      },
      {
        "state": "ACT",
        "price": "1560",
        "price_per_unit": "156",
        "price_unit": "ML"
      },
      {
        "state": "NT",
        "price": "1560",
        "price_per_unit": "156",
        "price_unit": "ML"
      }
    ]
  },
  {
    "source_url": "https://www.woolworths.com.au/shop/productdetails/1075481156/aveeno-dermexa-daily-emollient-cream-200ml",
    "name": "Aveeno Dermexa Daily Emollient Cream 200ml",
    "image_url": "https://cdn1.woolworths.media/content/wowproductimages/large/1075481156.jpg",
    "source_id": "Woolworths - 1075481156",
    "barcode": null,
    "shop": "Woolworths",
    "weight": "100ML",
    "prices": [
      {
        "state": "NSW",
        "price": "2295",
        "price_per_unit": "1148",
        "price_unit": "ML"
      },
      {
        "state": "VIC",
        "price": "2295",
        "price_per_unit": "1148",
        "price_unit": "ML"
      },
      {
        "state": "QLD",
        "price": "2295",
        "price_per_unit": "1148",
        "price_unit": "ML"
      },
      {
        "state": "WA",
        "price": "2295",
        "price_per_unit": "1148",
        "price_unit": "ML"
      },
      {
        "state": "SA",
        "price": "2295",
        "price_per_unit": "1148",
        "price_unit": "ML"
      },
      {
        "state": "TAS",
        "price": "2295",
        "price_per_unit": "1148",
        "price_unit": "ML"
      },
      {
        "state": "ACT",
        "price": "2295",
        "price_per_unit": "1148",
        "price_unit": "ML"
      },
      {
        "state": "NT",
        "price": "2295",
        "price_per_unit": "1148",
        "price_unit": "ML"
      }
    ]
  },
  {
    "source_url": "https://www.woolworths.com.au/shop/productdetails/1075479064/aveeno-dermexa-daily-emollient-cream-500ml",
    "name": "Aveeno Dermexa Daily Emollient Cream 500ml",
    "image_url": "https://cdn1.woolworths.media/content/wowproductimages/large/1075479064.jpg",
    "source_id": "Woolworths - 1075479064",
    "barcode": null,
    "shop": "Woolworths",
    "weight": "100ML",
    "prices": [
      {
        "state": "NSW",
        "price": "3295",
        "price_per_unit": "659",
        "price_unit": "ML"
      },
      {
        "state": "VIC",
        "price": "3295",
        "price_per_unit": "659",
        "price_unit": "ML"
      },
      {
        "state": "QLD",
        "price": "3295",
        "price_per_unit": "659",
        "price_unit": "ML"
      },
      {
        "state": "WA",
        "price": "3295",
        "price_per_unit": "659",
        "price_unit": "ML"
      },
      {
        "state": "SA",
        "price": "3295",
        "price_per_unit": "659",
        "price_unit": "ML"
      },
      {
        "state": "TAS",
        "price": "3295",
        "price_per_unit": "659",
        "price_unit": "ML"
      },
      {
        "state": "ACT",
        "price": "3295",
        "price_per_unit": "659",
        "price_unit": "ML"
      },
      {
        "state": "NT",
        "price": "3295",
        "price_per_unit": "659",
        "price_unit": "ML"
      }
    ]
  },
  {
    "source_url": "https://www.woolworths.com.au/shop/productdetails/1075480733/aveeno-dermexa-fast-long-lasting-balm-75ml",
    "name": "Aveeno Dermexa Fast & Long-Lasting Balm 75ml",
    "image_url": "https://cdn1.woolworths.media/content/wowproductimages/large/1075480733.jpg",
    "source_id": "Woolworths - 1075480733",
    "barcode": null,
    "shop": "Woolworths",
    "weight": "100ML",
    "prices": [
      {
        "state": "NSW",
        "price": "1395",
        "price_per_unit": "1860",
        "price_unit": "ML"
      },
      {
        "state": "VIC",
        "price": "1395",
        "price_per_unit": "1860",
        "price_unit": "ML"
      },
      {
        "state": "QLD",
        "price": "1395",
        "price_per_unit": "1860",
        "price_unit": "ML"
      },
      {
        "state": "WA",
        "price": "1395",
        "price_per_unit": "1860",
        "price_unit": "ML"
      },
      {
        "state": "SA",
        "price": "1395",
        "price_per_unit": "1860",
        "price_unit": "ML"
      },
      {
        "state": "TAS",
        "price": "1395",
        "price_per_unit": "1860",
        "price_unit": "ML"
      },
      {
        "state": "ACT",
        "price": "1395",
        "price_per_unit": "1860",
        "price_unit": "ML"
      },
      {
        "state": "NT",
        "price": "1395",
        "price_per_unit": "1860",
        "price_unit": "ML"
      }
    ]
  },
  {
    "source_url": "https://www.woolworths.com.au/shop/productdetails/688220/aveeno-skin-relief-fragrance-free-body-lotion-dry-sensitive-skin",
    "name": "Aveeno Skin Relief Fragrance Free Body Lotion Dry Sensitive Skin 1l",
    "image_url": "https://cdn1.woolworths.media/content/wowproductimages/large/688220.jpg",
    "source_id": "Woolworths - 688220",
    "barcode": "9300607761436",
    "shop": "Woolworths",
    "weight": "100ML",
    "prices": [
      {
        "state": "NSW",
        "price": "2160",
        "price_per_unit": "216",
        "price_unit": "ML"
      },
      {
        "state": "VIC",
        "price": "2160",
        "price_per_unit": "216",
        "price_unit": "ML"
      },
      {
        "state": "WA",
        "price": "2160",
        "price_per_unit": "216",
        "price_unit": "ML"
      },
      {
        "state": "SA",
        "price": "2160",
        "price_per_unit": "216",
        "price_unit": "ML"
      },
      {
        "state": "TAS",
        "price": "2160",
        "price_per_unit": "216",
        "price_unit": "ML"
      },
      {
        "state": "ACT",
        "price": "2160",
        "price_per_unit": "216",
        "price_unit": "ML"
      }
    ]
  },
  {
    "source_url": "https://www.woolworths.com.au/shop/productdetails/376108/aveeno-skin-relief-fragrance-free-body-lotion-dry-sensitive-skin",
    "name": "Aveeno Skin Relief Fragrance Free Body Lotion Dry Sensitive Skin 354ml",
    "image_url": "https://cdn1.woolworths.media/content/wowproductimages/large/376108.jpg",
    "source_id": "Woolworths - 376108",
    "barcode": "381370015796",
    "shop": "Woolworths",
    "weight": "100ML",
    "prices": [
      {
        "state": "NSW",
        "price": "1140",
        "price_per_unit": "322",
        "price_unit": "ML"
      },
      {
        "state": "VIC",
        "price": "1140",
        "price_per_unit": "322",
        "price_unit": "ML"
      },
      {
        "state": "WA",
        "price": "1140",
        "price_per_unit": "322",
        "price_unit": "ML"
      },
      {
        "state": "SA",
        "price": "1140",
        "price_per_unit": "322",
        "price_unit": "ML"
      },
      {
        "state": "ACT",
        "price": "1140",
        "price_per_unit": "322",
        "price_unit": "ML"
      }
    ]
  },
  {
    "source_url": "https://www.woolworths.com.au/shop/productdetails/239469/aveeno-skin-relief-fragrance-free-body-lotion-dry-sensitive-skin",
    "name": "Aveeno Skin Relief Fragrance Free Body Lotion Dry Sensitive Skin 532ml",
    "image_url": "https://cdn1.woolworths.media/content/wowproductimages/large/239469.jpg",
    "source_id": "Woolworths - 239469",
    "barcode": "9300607762075",
    "shop": "Woolworths",
    "weight": "100ML",
    "prices": [
      {
        "state": "NSW",
        "price": "1440",
        "price_per_unit": "271",
        "price_unit": "ML"
      },
      {
        "state": "WA",
        "price": "1440",
        "price_per_unit": "271",
        "price_unit": "ML"
      },
      {
        "state": "SA",
        "price": "1440",
        "price_per_unit": "271",
        "price_unit": "ML"
      }
    ]
  },
  {
    "source_url": "https://www.woolworths.com.au/shop/productdetails/1074750412/aveeno-skin-relief-moisturising-fragrance-free-body-wash-soothe-relieve-itchy-dry-sensitive-skin-ph-balanced-354ml",
    "name": "Aveeno Skin Relief Moisturising Fragrance Free Body Wash Soothe & Relieve Itchy Dry Sensitive Skin PH-Balanced 354mL",
    "image_url": "https://cdn1.woolworths.media/content/wowproductimages/large/1074750412.jpg",
    "source_id": "Woolworths - 1074750412",
    "barcode": null,
    "shop": "Woolworths",
    "weight": "100ML",
    "prices": [
      {
        "state": "NSW",
        "price": "1500",
        "price_per_unit": "424",
        "price_unit": "ML"
      },
      {
        "state": "VIC",
        "price": "1500",
        "price_per_unit": "424",
        "price_unit": "ML"
      },
      {
        "state": "QLD",
        "price": "900",
        "price_per_unit": "254",
        "price_unit": "ML"
      },
      {
        "state": "WA",
        "price": "900",
        "price_per_unit": "254",
        "price_unit": "ML"
      },
      {
        "state": "SA",
        "price": "900",
        "price_per_unit": "254",
        "price_unit": "ML"
      },
      {
        "state": "TAS",
        "price": "900",
        "price_per_unit": "254",
        "price_unit": "ML"
      },
      {
        "state": "ACT",
        "price": "900",
        "price_per_unit": "254",
        "price_unit": "ML"
      },
      {
        "state": "NT",
        "price": "900",
        "price_per_unit": "254",
        "price_unit": "ML"
      }
    ]
  },
  {
    "source_url": "https://www.woolworths.com.au/shop/productdetails/1075481627/aveeno-skin-relief-moisturising-lotion-354ml",
    "name": "Aveeno Skin Relief Moisturising Lotion 354ml",
    "image_url": "https://cdn1.woolworths.media/content/wowproductimages/large/1075481627.jpg",
    "source_id": "Woolworths - 1075481627",
    "barcode": null,
    "shop": "Woolworths",
    "weight": "100ML",
    "prices": [
      {
        "state": "NSW",
        "price": "1645",
        "price_per_unit": "465",
        "price_unit": "ML"
      },
      {
        "state": "VIC",
        "price": "1645",
        "price_per_unit": "465",
        "price_unit": "ML"
      },
      {
        "state": "QLD",
        "price": "1645",
        "price_per_unit": "465",
        "price_unit": "ML"
      },
      {
        "state": "WA",
        "price": "1645",
        "price_per_unit": "465",
        "price_unit": "ML"
      },
      {
        "state": "SA",
        "price": "1645",
        "price_per_unit": "465",
        "price_unit": "ML"
      },
      {
        "state": "TAS",
        "price": "1645",
        "price_per_unit": "465",
        "price_unit": "ML"
      },
      {
        "state": "ACT",
        "price": "1645",
        "price_per_unit": "465",
        "price_unit": "ML"
      },
      {
        "state": "NT",
        "price": "1645",
        "price_per_unit": "465",
        "price_unit": "ML"
      }
    ]
  },
  {
    "source_url": "https://www.woolworths.com.au/shop/productdetails/1075481451/aveeno-skin-relief-moisturising-lotion-with-cooling-action-225ml",
    "name": "Aveeno Skin Relief Moisturising Lotion with Cooling Action 225ml",
    "image_url": "https://cdn1.woolworths.media/content/wowproductimages/large/1075481451.jpg",
    "source_id": "Woolworths - 1075481451",
    "barcode": null,
    "shop": "Woolworths",
    "weight": "100ML",
    "prices": [
      {
        "state": "NSW",
        "price": "1095",
        "price_per_unit": "487",
        "price_unit": "ML"
      },
      {
        "state": "VIC",
        "price": "1095",
        "price_per_unit": "487",
        "price_unit": "ML"
      },
      {
        "state": "QLD",
        "price": "1095",
        "price_per_unit": "487",
        "price_unit": "ML"
      },
      {
        "state": "WA",
        "price": "1095",
        "price_per_unit": "487",
        "price_unit": "ML"
      },
      {
        "state": "SA",
        "price": "1095",
        "price_per_unit": "487",
        "price_unit": "ML"
      },
      {
        "state": "TAS",
        "price": "1095",
        "price_per_unit": "487",
        "price_unit": "ML"
      },
      {
        "state": "ACT",
        "price": "1095",
        "price_per_unit": "487",
        "price_unit": "ML"
      },
      {
        "state": "NT",
        "price": "1095",
        "price_per_unit": "487",
        "price_unit": "ML"
      }
    ]
  },
  {
    "source_url": "https://www.woolworths.com.au/shop/productdetails/1075478033/aveeno-skin-renewal-smoothing-lotion-354ml",
    "name": "Aveeno Skin Renewal Smoothing Lotion 354mL",
    "image_url": "https://cdn1.woolworths.media/content/wowproductimages/large/1075478033.jpg",
    "source_id": "Woolworths - 1075478033",
    "barcode": null,
    "shop": "Woolworths",
    "weight": "100ML",
    "prices": [
      {
        "state": "NSW",
        "price": "1645",
        "price_per_unit": "465",
        "price_unit": "ML"
      },
      {
        "state": "VIC",
        "price": "1645",
        "price_per_unit": "465",
        "price_unit": "ML"
      },
      {
        "state": "QLD",
        "price": "1645",
        "price_per_unit": "465",
        "price_unit": "ML"
      },
      {
        "state": "WA",
        "price": "1645",
        "price_per_unit": "465",
        "price_unit": "ML"
      },
      {
        "state": "SA",
        "price": "1645",
        "price_per_unit": "465",
        "price_unit": "ML"
      },
      {
        "state": "TAS",
        "price": "1645",
        "price_per_unit": "465",
        "price_unit": "ML"
      },
      {
        "state": "ACT",
        "price": "1645",
        "price_per_unit": "465",
        "price_unit": "ML"
      },
      {
        "state": "NT",
        "price": "1645",
        "price_per_unit": "465",
        "price_unit": "ML"
      }
    ]
  },
  {
    "source_url": "https://www.woolworths.com.au/shop/productdetails/1075478622/aveeno-stress-relief-moisturising-lotion-354ml",
    "name": "Aveeno Stress Relief Moisturising Lotion 354ml",
    "image_url": "https://cdn1.woolworths.media/content/wowproductimages/large/1075478622.jpg",
    "source_id": "Woolworths - 1075478622",
    "barcode": null,
    "shop": "Woolworths",
    "weight": "100ML",
    "prices": [
      {
        "state": "NSW",
        "price": "1345",
        "price_per_unit": "380",
        "price_unit": "ML"
      },
      {
        "state": "VIC",
        "price": "1345",
        "price_per_unit": "380",
        "price_unit": "ML"
      },
      {
        "state": "QLD",
        "price": "1345",
        "price_per_unit": "380",
        "price_unit": "ML"
      },
      {
        "state": "WA",
        "price": "1345",
        "price_per_unit": "380",
        "price_unit": "ML"
      },
      {
        "state": "SA",
        "price": "1345",
        "price_per_unit": "380",
        "price_unit": "ML"
      },
      {
        "state": "TAS",
        "price": "1345",
        "price_per_unit": "380",
        "price_unit": "ML"
      },
      {
        "state": "ACT",
        "price": "1345",
        "price_per_unit": "380",
        "price_unit": "ML"
      },
      {
        "state": "NT",
        "price": "1345",
        "price_per_unit": "380",
        "price_unit": "ML"
      }
    ]
  },
  {
    "source_url": "https://www.woolworths.com.au/shop/productdetails/1075830148/avene-dermabsolu-night-comforting-night-balm-for-all-sensitive-skin-40ml-1-3oz",
    "name": "Avene DermAbsolu NIGHT Comforting Night Balm  - For All Sensitive Skin 40ml/1.3oz",
    "image_url": "https://cdn1.woolworths.media/content/wowproductimages/large/1075830148.jpg",
    "source_id": "Woolworths - 1075830148",
    "barcode": null,
    "shop": "Woolworths",
    "weight": "100ML",
    "prices": [
      {
        "state": "NSW",
        "price": "9200",
        "price_per_unit": "23000",
        "price_unit": "ML"
      },
      {
        "state": "VIC",
        "price": "9200",
        "price_per_unit": "23000",
        "price_unit": "ML"
      },
      {
        "state": "QLD",
        "price": "9200",
        "price_per_unit": "23000",
        "price_unit": "ML"
      },
      {
        "state": "WA",
        "price": "9200",
        "price_per_unit": "23000",
        "price_unit": "ML"
      },
      {
        "state": "SA",
        "price": "9200",
        "price_per_unit": "23000",
        "price_unit": "ML"
      },
      {
        "state": "TAS",
        "price": "9200",
        "price_per_unit": "23000",
        "price_unit": "ML"
      },
      {
        "state": "ACT",
        "price": "9200",
        "price_per_unit": "23000",
        "price_unit": "ML"
      },
      {
        "state": "NT",
        "price": "9200",
        "price_per_unit": "23000",
        "price_unit": "ML"
      }
    ]
  },
  {
    "source_url": "https://www.woolworths.com.au/shop/productdetails/1074727781/awakening-body-oil-peppermint-eucalyptus",
    "name": "Awakening Body Oil Peppermint & Eucalyptus",
    "image_url": "https://cdn1.woolworths.media/content/wowproductimages/large/1074727781.jpg",
    "source_id": "Woolworths - 1074727781",
    "barcode": null,
    "shop": "Woolworths",
    "weight": "100ML",
    "prices": [
      {
        "state": "NSW",
        "price": "3900",
        "price_per_unit": "3900",
        "price_unit": "ML"
      },
      {
        "state": "VIC",
        "price": "3900",
        "price_per_unit": "3900",
        "price_unit": "ML"
      },
      {
        "state": "QLD",
        "price": "3900",
        "price_per_unit": "3900",
        "price_unit": "ML"
      },
      {
        "state": "WA",
        "price": "3900",
        "price_per_unit": "3900",
        "price_unit": "ML"
      },
      {
        "state": "SA",
        "price": "3900",
        "price_per_unit": "3900",
        "price_unit": "ML"
      },
      {
        "state": "TAS",
        "price": "3900",
        "price_per_unit": "3900",
        "price_unit": "ML"
      },
      {
        "state": "ACT",
        "price": "3900",
        "price_per_unit": "3900",
        "price_unit": "ML"
      },
      {
        "state": "NT",
        "price": "3900",
        "price_per_unit": "3900",
        "price_unit": "ML"
      }
    ]
  },
  {
    "source_url": "https://www.woolworths.com.au/shop/productdetails/1074750207/b-fresh-let-s-bounce-firming-body-serum-236ml",
    "name": "b.fresh Let's Bounce Firming Body Serum 236ml",
    "image_url": "https://cdn1.woolworths.media/content/wowproductimages/large/1074750207.jpg",
    "source_id": "Woolworths - 1074750207",
    "barcode": null,
    "shop": "Woolworths",
    "weight": "100ML",
    "prices": [
      {
        "state": "NSW",
        "price": "1300",
        "price_per_unit": "551",
        "price_unit": "ML"
      },
      {
        "state": "VIC",
        "price": "1300",
        "price_per_unit": "551",
        "price_unit": "ML"
      },
      {
        "state": "QLD",
        "price": "1040",
        "price_per_unit": "441",
        "price_unit": "ML"
      },
      {
        "state": "WA",
        "price": "1040",
        "price_per_unit": "441",
        "price_unit": "ML"
      },
      {
        "state": "SA",
        "price": "1040",
        "price_per_unit": "441",
        "price_unit": "ML"
      },
      {
        "state": "TAS",
        "price": "1040",
        "price_per_unit": "441",
        "price_unit": "ML"
      },
      {
        "state": "ACT",
        "price": "1040",
        "price_per_unit": "441",
        "price_unit": "ML"
      },
      {
        "state": "NT",
        "price": "1040",
        "price_per_unit": "441",
        "price_unit": "ML"
      }
    ]
  },
  {
    "source_url": "https://www.woolworths.com.au/shop/productdetails/1074649966/bareminerals-pureness-soothing-light-moisturizer-50ml-1-7oz",
    "name": "BareMinerals Pureness Soothing Light Moisturizer 50ml/1.7oz",
    "image_url": "https://cdn1.woolworths.media/content/wowproductimages/large/1074649966.jpg",
    "source_id": "Woolworths - 1074649966",
    "barcode": null,
    "shop": "Woolworths",
    "weight": "100ML",
    "prices": [
      {
        "state": "NSW",
        "price": "6500",
        "price_per_unit": "13000",
        "price_unit": "ML"
      },
      {
        "state": "VIC",
        "price": "6500",
        "price_per_unit": "13000",
        "price_unit": "ML"
      },
      {
        "state": "QLD",
        "price": "6500",
        "price_per_unit": "13000",
        "price_unit": "ML"
      },
      {
        "state": "WA",
        "price": "6500",
        "price_per_unit": "13000",
        "price_unit": "ML"
      },
      {
        "state": "SA",
        "price": "6500",
        "price_per_unit": "13000",
        "price_unit": "ML"
      },
      {
        "state": "TAS",
        "price": "6500",
        "price_per_unit": "13000",
        "price_unit": "ML"
      },
      {
        "state": "ACT",
        "price": "6500",
        "price_per_unit": "13000",
        "price_unit": "ML"
      },
      {
        "state": "NT",
        "price": "6500",
        "price_per_unit": "13000",
        "price_unit": "ML"
      }
    ]
  },
  {
    "source_url": "https://www.woolworths.com.au/shop/productdetails/1074131729/bareminerals-smoothness-bare-haven-soft-moisturizer-50g-1-7oz",
    "name": "BareMinerals Smoothness Bare Haven Soft Moisturizer 50g/1.7oz",
    "image_url": "https://cdn1.woolworths.media/content/wowproductimages/large/1074131729.jpg",
    "source_id": "Woolworths - 1074131729",
    "barcode": null,
    "shop": "Woolworths",
    "weight": "100G",
    "prices": [
      {
        "state": "NSW",
        "price": "11990",
        "price_per_unit": "23980",
        "price_unit": "G"
      },
      {
        "state": "VIC",
        "price": "11990",
        "price_per_unit": "23980",
        "price_unit": "G"
      },
      {
        "state": "QLD",
        "price": "11990",
        "price_per_unit": "23980",
        "price_unit": "G"
      },
      {
        "state": "WA",
        "price": "11990",
        "price_per_unit": "23980",
        "price_unit": "G"
      },
      {
        "state": "SA",
        "price": "11990",
        "price_per_unit": "23980",
        "price_unit": "G"
      },
      {
        "state": "TAS",
        "price": "11990",
        "price_per_unit": "23980",
        "price_unit": "G"
      },
      {
        "state": "ACT",
        "price": "11990",
        "price_per_unit": "23980",
        "price_unit": "G"
      },
      {
        "state": "NT",
        "price": "11990",
        "price_per_unit": "23980",
        "price_unit": "G"
      }
    ]
  },
  {
    "source_url": "https://www.woolworths.com.au/shop/productdetails/1075481670/bepanthen-scar-treatment-gel-20g",
    "name": "Bepanthen Scar Treatment Gel 20g",
    "image_url": "https://cdn1.woolworths.media/content/wowproductimages/large/1075481670.jpg",
    "source_id": "Woolworths - 1075481670",
    "barcode": null,
    "shop": "Woolworths",
    "weight": "100G",
    "prices": [
      {
        "state": "NSW",
        "price": "2250",
        "price_per_unit": "11250",
        "price_unit": "G"
      },
      {
        "state": "VIC",
        "price": "2250",
        "price_per_unit": "11250",
        "price_unit": "G"
      },
      {
        "state": "QLD",
        "price": "2250",
        "price_per_unit": "11250",
        "price_unit": "G"
      },
      {
        "state": "WA",
        "price": "2250",
        "price_per_unit": "11250",
        "price_unit": "G"
      },
      {
        "state": "SA",
        "price": "2250",
        "price_per_unit": "11250",
        "price_unit": "G"
      },
      {
        "state": "TAS",
        "price": "2250",
        "price_per_unit": "11250",
        "price_unit": "G"
      },
      {
        "state": "ACT",
        "price": "2250",
        "price_per_unit": "11250",
        "price_unit": "G"
      },
      {
        "state": "NT",
        "price": "2250",
        "price_per_unit": "11250",
        "price_unit": "G"
      }
    ]
  },
  {
    "source_url": "https://www.woolworths.com.au/shop/productdetails/272701/bio-oil-bio-oil",
    "name": "Bio-Oil Bio Oil 125ml",
    "image_url": "https://cdn1.woolworths.media/content/wowproductimages/large/272701.jpg",
    "source_id": "Woolworths - 272701",
    "barcode": "6001159111351",
    "shop": "Woolworths",
    "weight": "100ML",
    "prices": [
      {
        "state": "NSW",
        "price": "2600",
        "price_per_unit": "2080",
        "price_unit": "ML"
      },
      {
        "state": "VIC",
        "price": "2600",
        "price_per_unit": "2080",
        "price_unit": "ML"
      },
      {
        "state": "WA",
        "price": "2600",
        "price_per_unit": "2080",
        "price_unit": "ML"
      },
      {
        "state": "TAS",
        "price": "2600",
        "price_per_unit": "2080",
        "price_unit": "ML"
      },
      {
        "state": "ACT",
        "price": "2600",
        "price_per_unit": "2080",
        "price_unit": "ML"
      },
      {
        "state": "NT",
        "price": "2730",
        "price_per_unit": "2184",
        "price_unit": "ML"
      }
    ]
  },
  {
    "source_url": "https://www.woolworths.com.au/shop/productdetails/272700/bio-oil-body-oil",
    "name": "Bio-Oil Body Oil 60ml",
    "image_url": "https://cdn1.woolworths.media/content/wowproductimages/large/272700.jpg",
    "source_id": "Woolworths - 272700",
    "barcode": "6001159111344",
    "shop": "Woolworths",
    "weight": "100ML",
    "prices": [
      {
        "state": "NSW",
        "price": "1350",
        "price_per_unit": "2250",
        "price_unit": "ML"
      },
      {
        "state": "VIC",
        "price": "1350",
        "price_per_unit": "2250",
        "price_unit": "ML"
      },
      {
        "state": "QLD",
        "price": "1350",
        "price_per_unit": "2250",
        "price_unit": "ML"
      },
      {
        "state": "WA",
        "price": "1350",
        "price_per_unit": "2250",
        "price_unit": "ML"
      },
      {
        "state": "SA",
        "price": "1350",
        "price_per_unit": "2250",
        "price_unit": "ML"
      },
      {
        "state": "TAS",
        "price": "1350",
        "price_per_unit": "2250",
        "price_unit": "ML"
      },
      {
        "state": "ACT",
        "price": "1350",
        "price_per_unit": "2250",
        "price_unit": "ML"
      },
      {
        "state": "NT",
        "price": "1350",
        "price_per_unit": "2250",
        "price_unit": "ML"
      }
    ]
  },
  {
    "source_url": "https://www.woolworths.com.au/shop/productdetails/1074573852/bio-oil-skincare-oil-natural-125ml",
    "name": "Bio-Oil Skincare Oil (Natural) 125ml",
    "image_url": "https://cdn1.woolworths.media/content/wowproductimages/large/1074573852.jpg",
    "source_id": "Woolworths - 1074573852",
    "barcode": null,
    "shop": "Woolworths",
    "weight": "100ML",
    "prices": [
      {
        "state": "NSW",
        "price": "3000",
        "price_per_unit": "2400",
        "price_unit": "ML"
      },
      {
        "state": "VIC",
        "price": "3000",
        "price_per_unit": "2400",
        "price_unit": "ML"
      },
      {
        "state": "QLD",
        "price": "2100",
        "price_per_unit": "1680",
        "price_unit": "ML"
      },
      {
        "state": "WA",
        "price": "2100",
        "price_per_unit": "1680",
        "price_unit": "ML"
      },
      {
        "state": "SA",
        "price": "2100",
        "price_per_unit": "1680",
        "price_unit": "ML"
      },
      {
        "state": "TAS",
        "price": "2100",
        "price_per_unit": "1680",
        "price_unit": "ML"
      },
      {
        "state": "ACT",
        "price": "2100",
        "price_per_unit": "1680",
        "price_unit": "ML"
      },
      {
        "state": "NT",
        "price": "2100",
        "price_per_unit": "1680",
        "price_unit": "ML"
      }
    ]
  },
  {
    "source_url": "https://www.woolworths.com.au/shop/productdetails/1075593893/bioderma-atoderm-intensive-gel-creme-ultra-lightweight-nourishing-moisturiser-200ml-x-3",
    "name": "Bioderma Atoderm Intensive Gel-Creme Ultra-Lightweight Nourishing Moisturiser 200mL x 3",
    "image_url": "https://cdn1.woolworths.media/content/wowproductimages/large/1075593893.jpg",
    "source_id": "Woolworths - 1075593893",
    "barcode": null,
    "shop": "Woolworths",
    "weight": "1EA",
    "prices": [
      {
        "state": "NSW",
        "price": "5400",
        "price_per_unit": "1800",
        "price_unit": "EA"
      },
      {
        "state": "VIC",
        "price": "5400",
        "price_per_unit": "1800",
        "price_unit": "EA"
      },
      {
        "state": "QLD",
        "price": "5400",
        "price_per_unit": "1800",
        "price_unit": "EA"
      },
      {
        "state": "WA",
        "price": "5400",
        "price_per_unit": "1800",
        "price_unit": "EA"
      },
      {
        "state": "SA",
        "price": "5400",
        "price_per_unit": "1800",
        "price_unit": "EA"
      },
      {
        "state": "TAS",
        "price": "5400",
        "price_per_unit": "1800",
        "price_unit": "EA"
      },
      {
        "state": "ACT",
        "price": "5400",
        "price_per_unit": "1800",
        "price_unit": "EA"
      },
      {
        "state": "NT",
        "price": "5400",
        "price_per_unit": "1800",
        "price_unit": "EA"
      }
    ]
  },
  {
    "source_url": "https://www.woolworths.com.au/shop/productdetails/1075593894/bioderma-atoderm-intensive-gel-creme-ultra-lightweight-nourishing-moisturiser-500ml",
    "name": "Bioderma Atoderm Intensive Gel-Creme Ultra-Lightweight Nourishing Moisturiser 500mL",
    "image_url": "https://cdn1.woolworths.media/content/wowproductimages/large/1075593894.jpg",
    "source_id": "Woolworths - 1075593894",
    "barcode": null,
    "shop": "Woolworths",
    "weight": "100ML",
    "prices": [
      {
        "state": "NSW",
        "price": "3490",
        "price_per_unit": "698",
        "price_unit": "ML"
      },
      {
        "state": "VIC",
        "price": "3490",
        "price_per_unit": "698",
        "price_unit": "ML"
      },
      {
        "state": "QLD",
        "price": "3490",
        "price_per_unit": "698",
        "price_unit": "ML"
      },
      {
        "state": "WA",
        "price": "3490",
        "price_per_unit": "698",
        "price_unit": "ML"
      },
      {
        "state": "SA",
        "price": "3490",
        "price_per_unit": "698",
        "price_unit": "ML"
      },
      {
        "state": "TAS",
        "price": "3490",
        "price_per_unit": "698",
        "price_unit": "ML"
      },
      {
        "state": "ACT",
        "price": "3490",
        "price_per_unit": "698",
        "price_unit": "ML"
      },
      {
        "state": "NT",
        "price": "3490",
        "price_per_unit": "698",
        "price_unit": "ML"
      }
    ]
  },
  {
    "source_url": "https://www.woolworths.com.au/shop/productdetails/1074650031/bioelements-moisture-x10-for-dry-combination-skin-types-29ml-1oz",
    "name": "Bioelements Moisture x10 - For Dry, Combination Skin Types 29ml/1oz",
    "image_url": "https://cdn1.woolworths.media/content/wowproductimages/large/1074650031.jpg",
    "source_id": "Woolworths - 1074650031",
    "barcode": null,
    "shop": "Woolworths",
    "weight": "100ML",
    "prices": [
      {
        "state": "NSW",
        "price": "6700",
        "price_per_unit": "23103",
        "price_unit": "ML"
      },
      {
        "state": "VIC",
        "price": "6700",
        "price_per_unit": "23103",
        "price_unit": "ML"
      },
      {
        "state": "QLD",
        "price": "6700",
        "price_per_unit": "23103",
        "price_unit": "ML"
      },
      {
        "state": "WA",
        "price": "6700",
        "price_per_unit": "23103",
        "price_unit": "ML"
      },
      {
        "state": "SA",
        "price": "6700",
        "price_per_unit": "23103",
        "price_unit": "ML"
      },
      {
        "state": "TAS",
        "price": "6700",
        "price_per_unit": "23103",
        "price_unit": "ML"
      },
      {
        "state": "ACT",
        "price": "6700",
        "price_per_unit": "23103",
        "price_unit": "ML"
      },
      {
        "state": "NT",
        "price": "6700",
        "price_per_unit": "23103",
        "price_unit": "ML"
      }
    ]
  },
  {
    "source_url": "https://www.woolworths.com.au/shop/productdetails/1075478038/biologika-relaxing-body-bath-oil-250ml",
    "name": "Biologika Relaxing Body & Bath Oil 250ml",
    "image_url": "https://cdn1.woolworths.media/content/wowproductimages/large/1075478038.jpg",
    "source_id": "Woolworths - 1075478038",
    "barcode": null,
    "shop": "Woolworths",
    "weight": "100ML",
    "prices": [
      {
        "state": "NSW",
        "price": "1145",
        "price_per_unit": "458",
        "price_unit": "ML"
      },
      {
        "state": "VIC",
        "price": "1145",
        "price_per_unit": "458",
        "price_unit": "ML"
      },
      {
        "state": "QLD",
        "price": "1145",
        "price_per_unit": "458",
        "price_unit": "ML"
      },
      {
        "state": "WA",
        "price": "1145",
        "price_per_unit": "458",
        "price_unit": "ML"
      },
      {
        "state": "SA",
        "price": "1145",
        "price_per_unit": "458",
        "price_unit": "ML"
      },
      {
        "state": "TAS",
        "price": "1145",
        "price_per_unit": "458",
        "price_unit": "ML"
      },
      {
        "state": "ACT",
        "price": "1145",
        "price_per_unit": "458",
        "price_unit": "ML"
      },
      {
        "state": "NT",
        "price": "1145",
        "price_per_unit": "458",
        "price_unit": "ML"
      }
    ]
  },
  {
    "source_url": "https://www.woolworths.com.au/shop/productdetails/1074659131/biome-organic-shea-butter-enriched-with-jojoba-and-vitamin-e-80g",
    "name": "Biome Organic Shea Butter Enriched with Jojoba and Vitamin E 80g",
    "image_url": "https://cdn1.woolworths.media/content/wowproductimages/large/1074659131.jpg",
    "source_id": "Woolworths - 1074659131",
    "barcode": null,
    "shop": "Woolworths",
    "weight": "1EA",
    "prices": [
      {
        "state": "NSW",
        "price": "3395",
        "price_per_unit": "3395",
        "price_unit": "EA"
      },
      {
        "state": "VIC",
        "price": "3395",
        "price_per_unit": "3395",
        "price_unit": "EA"
      },
      {
        "state": "QLD",
        "price": "3395",
        "price_per_unit": "3395",
        "price_unit": "EA"
      },
      {
        "state": "WA",
        "price": "3395",
        "price_per_unit": "3395",
        "price_unit": "EA"
      },
      {
        "state": "SA",
        "price": "3395",
        "price_per_unit": "3395",
        "price_unit": "EA"
      },
      {
        "state": "TAS",
        "price": "3395",
        "price_per_unit": "3395",
        "price_unit": "EA"
      },
      {
        "state": "ACT",
        "price": "3395",
        "price_per_unit": "3395",
        "price_unit": "EA"
      },
      {
        "state": "NT",
        "price": "3395",
        "price_per_unit": "3395",
        "price_unit": "EA"
      }
    ]
  },
  {
    "source_url": "https://www.woolworths.com.au/shop/productdetails/1074650105/biotherm-blue-therapy-amber-algae-revitalize-intensely-revitalizing-day-cream-50ml-1-69oz",
    "name": "Biotherm Blue Therapy Amber Algae Revitalize Intensely Revitalizing Day Cream 50ml/1.69oz",
    "image_url": "https://cdn1.woolworths.media/content/wowproductimages/large/1074650105.jpg",
    "source_id": "Woolworths - 1074650105",
    "barcode": null,
    "shop": "Woolworths",
    "weight": "100ML",
    "prices": [
      {
        "state": "NSW",
        "price": "11600",
        "price_per_unit": "23200",
        "price_unit": "ML"
      },
      {
        "state": "VIC",
        "price": "11600",
        "price_per_unit": "23200",
        "price_unit": "ML"
      },
      {
        "state": "QLD",
        "price": "11600",
        "price_per_unit": "23200",
        "price_unit": "ML"
      },
      {
        "state": "WA",
        "price": "11600",
        "price_per_unit": "23200",
        "price_unit": "ML"
      },
      {
        "state": "SA",
        "price": "11600",
        "price_per_unit": "23200",
        "price_unit": "ML"
      },
      {
        "state": "TAS",
        "price": "11600",
        "price_per_unit": "23200",
        "price_unit": "ML"
      },
      {
        "state": "ACT",
        "price": "11600",
        "price_per_unit": "23200",
        "price_unit": "ML"
      },
      {
        "state": "NT",
        "price": "11600",
        "price_per_unit": "23200",
        "price_unit": "ML"
      }
    ]
  },
  {
    "source_url": "https://www.woolworths.com.au/shop/productdetails/1074650106/biotherm-blue-therapy-amber-algae-revitalize-intensely-revitalizing-night-cream-50ml-1-69oz",
    "name": "Biotherm Blue Therapy Amber Algae Revitalize Intensely Revitalizing Night Cream 50ml/1.69oz",
    "image_url": "https://cdn1.woolworths.media/content/wowproductimages/large/1074650106.jpg",
    "source_id": "Woolworths - 1074650106",
    "barcode": null,
    "shop": "Woolworths",
    "weight": "100ML",
    "prices": [
      {
        "state": "NSW",
        "price": "14600",
        "price_per_unit": "29200",
        "price_unit": "ML"
      },
      {
        "state": "VIC",
        "price": "14600",
        "price_per_unit": "29200",
        "price_unit": "ML"
      },
      {
        "state": "QLD",
        "price": "14600",
        "price_per_unit": "29200",
        "price_unit": "ML"
      },
      {
        "state": "WA",
        "price": "14600",
        "price_per_unit": "29200",
        "price_unit": "ML"
      },
      {
        "state": "SA",
        "price": "14600",
        "price_per_unit": "29200",
        "price_unit": "ML"
      },
      {
        "state": "TAS",
        "price": "14600",
        "price_per_unit": "29200",
        "price_unit": "ML"
      },
      {
        "state": "ACT",
        "price": "14600",
        "price_per_unit": "29200",
        "price_unit": "ML"
      },
      {
        "state": "NT",
        "price": "14600",
        "price_per_unit": "29200",
        "price_unit": "ML"
      }
    ]
  },
  {
    "source_url": "https://www.woolworths.com.au/shop/productdetails/1074650110/biotherm-blue-therapy-night-cream-for-all-skin-types-50ml-1-69oz",
    "name": "Biotherm Blue Therapy Night Cream (For All Skin Types) 50ml/1.69oz",
    "image_url": "https://cdn1.woolworths.media/content/wowproductimages/large/1074650110.jpg",
    "source_id": "Woolworths - 1074650110",
    "barcode": null,
    "shop": "Woolworths",
    "weight": "100ML",
    "prices": [
      {
        "state": "NSW",
        "price": "12900",
        "price_per_unit": "25800",
        "price_unit": "ML"
      },
      {
        "state": "VIC",
        "price": "12900",
        "price_per_unit": "25800",
        "price_unit": "ML"
      },
      {
        "state": "QLD",
        "price": "12900",
        "price_per_unit": "25800",
        "price_unit": "ML"
      },
      {
        "state": "WA",
        "price": "12900",
        "price_per_unit": "25800",
        "price_unit": "ML"
      },
      {
        "state": "SA",
        "price": "12900",
        "price_per_unit": "25800",
        "price_unit": "ML"
      },
      {
        "state": "TAS",
        "price": "12900",
        "price_per_unit": "25800",
        "price_unit": "ML"
      },
      {
        "state": "ACT",
        "price": "12900",
        "price_per_unit": "25800",
        "price_unit": "ML"
      },
      {
        "state": "NT",
        "price": "12900",
        "price_per_unit": "25800",
        "price_unit": "ML"
      }
    ]
  },
  {
    "source_url": "https://www.woolworths.com.au/shop/productdetails/1074650156/biotherm-oil-therapy-baume-corps-nutri-replenishing-body-treatment-with-apricot-oil-for-dry-skin-400ml-13-52oz",
    "name": "Biotherm Oil Therapy Baume Corps Nutri-Replenishing Body Treatment with Apricot Oil (For Dry Skin) 400ml/13.52oz",
    "image_url": "https://cdn1.woolworths.media/content/wowproductimages/large/1074650156.jpg",
    "source_id": "Woolworths - 1074650156",
    "barcode": null,
    "shop": "Woolworths",
    "weight": "100ML",
    "prices": [
      {
        "state": "NSW",
        "price": "6000",
        "price_per_unit": "1500",
        "price_unit": "ML"
      },
      {
        "state": "VIC",
        "price": "6000",
        "price_per_unit": "1500",
        "price_unit": "ML"
      },
      {
        "state": "QLD",
        "price": "6000",
        "price_per_unit": "1500",
        "price_unit": "ML"
      },
      {
        "state": "WA",
        "price": "6000",
        "price_per_unit": "1500",
        "price_unit": "ML"
      },
      {
        "state": "SA",
        "price": "6000",
        "price_per_unit": "1500",
        "price_unit": "ML"
      },
      {
        "state": "TAS",
        "price": "6000",
        "price_per_unit": "1500",
        "price_unit": "ML"
      },
      {
        "state": "ACT",
        "price": "6000",
        "price_per_unit": "1500",
        "price_unit": "ML"
      },
      {
        "state": "NT",
        "price": "6000",
        "price_per_unit": "1500",
        "price_unit": "ML"
      }
    ]
  },
  {
    "source_url": "https://www.woolworths.com.au/shop/productdetails/1074387151/bjork-berries-fjallsjo-hand-body-lotion-400ml-13-5oz",
    "name": "Bjork & Berries Fjallsjo Hand & Body Lotion 400ml/13.5oz",
    "image_url": "https://cdn1.woolworths.media/content/wowproductimages/large/1074387151.jpg",
    "source_id": "Woolworths - 1074387151",
    "barcode": null,
    "shop": "Woolworths",
    "weight": "100ML",
    "prices": [
      {
        "state": "NSW",
        "price": "6200",
        "price_per_unit": "1550",
        "price_unit": "ML"
      },
      {
        "state": "VIC",
        "price": "6200",
        "price_per_unit": "1550",
        "price_unit": "ML"
      },
      {
        "state": "QLD",
        "price": "6200",
        "price_per_unit": "1550",
        "price_unit": "ML"
      },
      {
        "state": "WA",
        "price": "6200",
        "price_per_unit": "1550",
        "price_unit": "ML"
      },
      {
        "state": "SA",
        "price": "6200",
        "price_per_unit": "1550",
        "price_unit": "ML"
      },
      {
        "state": "TAS",
        "price": "6200",
        "price_per_unit": "1550",
        "price_unit": "ML"
      },
      {
        "state": "ACT",
        "price": "6200",
        "price_per_unit": "1550",
        "price_unit": "ML"
      },
      {
        "state": "NT",
        "price": "6200",
        "price_per_unit": "1550",
        "price_unit": "ML"
      }
    ]
  },
  {
    "source_url": "https://www.woolworths.com.au/shop/productdetails/1074387155/bjork-berries-never-spring-hand-body-lotion-400ml-13-5oz",
    "name": "Bjork & Berries Never Spring Hand & Body Lotion 400ml/13.5oz",
    "image_url": "https://cdn1.woolworths.media/content/wowproductimages/large/1074387155.jpg",
    "source_id": "Woolworths - 1074387155",
    "barcode": null,
    "shop": "Woolworths",
    "weight": "100ML",
    "prices": [
      {
        "state": "NSW",
        "price": "6200",
        "price_per_unit": "1550",
        "price_unit": "ML"
      },
      {
        "state": "VIC",
        "price": "6200",
        "price_per_unit": "1550",
        "price_unit": "ML"
      },
      {
        "state": "QLD",
        "price": "6200",
        "price_per_unit": "1550",
        "price_unit": "ML"
      },
      {
        "state": "WA",
        "price": "6200",
        "price_per_unit": "1550",
        "price_unit": "ML"
      },
      {
        "state": "SA",
        "price": "6200",
        "price_per_unit": "1550",
        "price_unit": "ML"
      },
      {
        "state": "TAS",
        "price": "6200",
        "price_per_unit": "1550",
        "price_unit": "ML"
      },
      {
        "state": "ACT",
        "price": "6200",
        "price_per_unit": "1550",
        "price_unit": "ML"
      },
      {
        "state": "NT",
        "price": "6200",
        "price_per_unit": "1550",
        "price_unit": "ML"
      }
    ]
  },
  {
    "source_url": "https://www.woolworths.com.au/shop/productdetails/1074387158/bjork-berries-september-hand-body-lotion-400ml-13-5oz",
    "name": "Bjork & Berries September Hand & Body Lotion 400ml/13.5oz",
    "image_url": "https://cdn1.woolworths.media/content/wowproductimages/large/1074387158.jpg",
    "source_id": "Woolworths - 1074387158",
    "barcode": null,
    "shop": "Woolworths",
    "weight": "100ML",
    "prices": [
      {
        "state": "NSW",
        "price": "6200",
        "price_per_unit": "1550",
        "price_unit": "ML"
      },
      {
        "state": "VIC",
        "price": "6200",
        "price_per_unit": "1550",
        "price_unit": "ML"
      },
      {
        "state": "QLD",
        "price": "6200",
        "price_per_unit": "1550",
        "price_unit": "ML"
      },
      {
        "state": "WA",
        "price": "6200",
        "price_per_unit": "1550",
        "price_unit": "ML"
      },
      {
        "state": "SA",
        "price": "6200",
        "price_per_unit": "1550",
        "price_unit": "ML"
      },
      {
        "state": "TAS",
        "price": "6200",
        "price_per_unit": "1550",
        "price_unit": "ML"
      },
      {
        "state": "ACT",
        "price": "6200",
        "price_per_unit": "1550",
        "price_unit": "ML"
      },
      {
        "state": "NT",
        "price": "6200",
        "price_per_unit": "1550",
        "price_unit": "ML"
      }
    ]
  },
  {
    "source_url": "https://www.woolworths.com.au/shop/productdetails/1074650173/bjork-berries-vitamin-moisturiser-50ml-1-7oz",
    "name": "Bjork & Berries Vitamin Moisturiser 50ml/1.7oz",
    "image_url": "https://cdn1.woolworths.media/content/wowproductimages/large/1074650173.jpg",
    "source_id": "Woolworths - 1074650173",
    "barcode": null,
    "shop": "Woolworths",
    "weight": "100ML",
    "prices": [
      {
        "state": "NSW",
        "price": "7800",
        "price_per_unit": "15600",
        "price_unit": "ML"
      },
      {
        "state": "VIC",
        "price": "7800",
        "price_per_unit": "15600",
        "price_unit": "ML"
      },
      {
        "state": "QLD",
        "price": "7800",
        "price_per_unit": "15600",
        "price_unit": "ML"
      },
      {
        "state": "WA",
        "price": "7800",
        "price_per_unit": "15600",
        "price_unit": "ML"
      },
      {
        "state": "SA",
        "price": "7800",
        "price_per_unit": "15600",
        "price_unit": "ML"
      },
      {
        "state": "TAS",
        "price": "7800",
        "price_per_unit": "15600",
        "price_unit": "ML"
      },
      {
        "state": "ACT",
        "price": "7800",
        "price_per_unit": "15600",
        "price_unit": "ML"
      },
      {
        "state": "NT",
        "price": "7800",
        "price_per_unit": "15600",
        "price_unit": "ML"
      }
    ]
  },
  {
    "source_url": "https://www.woolworths.com.au/shop/productdetails/1074544688/bjork-berries-white-forest-hand-body-lotion-400ml-13-5oz",
    "name": "Bjork & Berries White Forest Hand & Body Lotion 400ml/13.5oz",
    "image_url": "https://cdn1.woolworths.media/content/wowproductimages/large/1074544688.jpg",
    "source_id": "Woolworths - 1074544688",
    "barcode": null,
    "shop": "Woolworths",
    "weight": "100ML",
    "prices": [
      {
        "state": "NSW",
        "price": "6400",
        "price_per_unit": "1600",
        "price_unit": "ML"
      },
      {
        "state": "VIC",
        "price": "6400",
        "price_per_unit": "1600",
        "price_unit": "ML"
      },
      {
        "state": "QLD",
        "price": "6400",
        "price_per_unit": "1600",
        "price_unit": "ML"
      },
      {
        "state": "WA",
        "price": "6400",
        "price_per_unit": "1600",
        "price_unit": "ML"
      },
      {
        "state": "SA",
        "price": "6400",
        "price_per_unit": "1600",
        "price_unit": "ML"
      },
      {
        "state": "TAS",
        "price": "6400",
        "price_per_unit": "1600",
        "price_unit": "ML"
      },
      {
        "state": "ACT",
        "price": "6400",
        "price_per_unit": "1600",
        "price_unit": "ML"
      },
      {
        "state": "NT",
        "price": "6400",
        "price_per_unit": "1600",
        "price_unit": "ML"
      }
    ]
  },
  {
    "source_url": "https://www.woolworths.com.au/shop/productdetails/1075568047/bomb-cosmetics-mango-unchained-body-polish-scented-cream",
    "name": "Bomb Cosmetics Mango Unchained Body Polish Scented Cream",
    "image_url": "https://cdn1.woolworths.media/content/wowproductimages/large/1075568047.jpg",
    "source_id": "Woolworths - 1075568047",
    "barcode": null,
    "shop": "Woolworths",
    "weight": "1EA",
    "prices": [
      {
        "state": "NSW",
        "price": "3600",
        "price_per_unit": "3600",
        "price_unit": "EA"
      },
      {
        "state": "VIC",
        "price": "3600",
        "price_per_unit": "3600",
        "price_unit": "EA"
      },
      {
        "state": "QLD",
        "price": "3600",
        "price_per_unit": "3600",
        "price_unit": "EA"
      },
      {
        "state": "WA",
        "price": "3600",
        "price_per_unit": "3600",
        "price_unit": "EA"
      },
      {
        "state": "SA",
        "price": "3600",
        "price_per_unit": "3600",
        "price_unit": "EA"
      },
      {
        "state": "TAS",
        "price": "3600",
        "price_per_unit": "3600",
        "price_unit": "EA"
      },
      {
        "state": "ACT",
        "price": "3600",
        "price_per_unit": "3600",
        "price_unit": "EA"
      },
      {
        "state": "NT",
        "price": "3600",
        "price_per_unit": "3600",
        "price_unit": "EA"
      }
    ]
  },
  {
    "source_url": "https://www.woolworths.com.au/shop/productdetails/1075568048/bomb-cosmetics-vanilla-frosting-scent-body-polish-cream",
    "name": "Bomb Cosmetics Vanilla Frosting Scent Body Polish Cream",
    "image_url": "https://cdn1.woolworths.media/content/wowproductimages/large/1075568048.jpg",
    "source_id": "Woolworths - 1075568048",
    "barcode": null,
    "shop": "Woolworths",
    "weight": "1EA",
    "prices": [
      {
        "state": "NSW",
        "price": "3900",
        "price_per_unit": "3900",
        "price_unit": "EA"
      },
      {
        "state": "VIC",
        "price": "3900",
        "price_per_unit": "3900",
        "price_unit": "EA"
      },
      {
        "state": "QLD",
        "price": "3900",
        "price_per_unit": "3900",
        "price_unit": "EA"
      },
      {
        "state": "WA",
        "price": "3900",
        "price_per_unit": "3900",
        "price_unit": "EA"
      },
      {
        "state": "SA",
        "price": "3900",
        "price_per_unit": "3900",
        "price_unit": "EA"
      },
      {
        "state": "TAS",
        "price": "3900",
        "price_per_unit": "3900",
        "price_unit": "EA"
      },
      {
        "state": "ACT",
        "price": "3900",
        "price_per_unit": "3900",
        "price_unit": "EA"
      },
      {
        "state": "NT",
        "price": "3900",
        "price_per_unit": "3900",
        "price_unit": "EA"
      }
    ]
  },
  {
    "source_url": "https://www.woolworths.com.au/shop/productdetails/1074737225/bondi-sands-body-moisturiser-200ml",
    "name": "Bondi Sands Body Moisturiser 200mL",
    "image_url": "https://cdn1.woolworths.media/content/wowproductimages/large/1074737225.jpg",
    "source_id": "Woolworths - 1074737225",
    "barcode": null,
    "shop": "Woolworths",
    "weight": "1EA",
    "prices": [
      {
        "state": "NSW",
        "price": "995",
        "price_per_unit": "995",
        "price_unit": "EA"
      },
      {
        "state": "VIC",
        "price": "995",
        "price_per_unit": "995",
        "price_unit": "EA"
      },
      {
        "state": "QLD",
        "price": "995",
        "price_per_unit": "995",
        "price_unit": "EA"
      },
      {
        "state": "WA",
        "price": "995",
        "price_per_unit": "995",
        "price_unit": "EA"
      },
      {
        "state": "SA",
        "price": "995",
        "price_per_unit": "995",
        "price_unit": "EA"
      },
      {
        "state": "TAS",
        "price": "995",
        "price_per_unit": "995",
        "price_unit": "EA"
      },
      {
        "state": "ACT",
        "price": "995",
        "price_per_unit": "995",
        "price_unit": "EA"
      },
      {
        "state": "NT",
        "price": "995",
        "price_per_unit": "995",
        "price_unit": "EA"
      }
    ]
  },
  {
    "source_url": "https://www.woolworths.com.au/shop/productdetails/1074737226/bondi-sands-body-moisturiser-200ml-x-3",
    "name": "Bondi Sands Body Moisturiser 200mL x 3",
    "image_url": "https://cdn1.woolworths.media/content/wowproductimages/large/1074737226.jpg",
    "source_id": "Woolworths - 1074737226",
    "barcode": null,
    "shop": "Woolworths",
    "weight": "1EA",
    "prices": [
      {
        "state": "NSW",
        "price": "2695",
        "price_per_unit": "898",
        "price_unit": "EA"
      },
      {
        "state": "VIC",
        "price": "2695",
        "price_per_unit": "898",
        "price_unit": "EA"
      },
      {
        "state": "QLD",
        "price": "2695",
        "price_per_unit": "898",
        "price_unit": "EA"
      },
      {
        "state": "WA",
        "price": "2695",
        "price_per_unit": "898",
        "price_unit": "EA"
      },
      {
        "state": "SA",
        "price": "2695",
        "price_per_unit": "898",
        "price_unit": "EA"
      },
      {
        "state": "TAS",
        "price": "2695",
        "price_per_unit": "898",
        "price_unit": "EA"
      },
      {
        "state": "ACT",
        "price": "2695",
        "price_per_unit": "898",
        "price_unit": "EA"
      },
      {
        "state": "NT",
        "price": "2695",
        "price_per_unit": "898",
        "price_unit": "EA"
      }
    ]
  },
  {
    "source_url": "https://www.woolworths.com.au/shop/productdetails/1074137844/botani-olivene-repair-balm-50g",
    "name": "Botani Olivene Repair Balm 50g",
    "image_url": "https://cdn1.woolworths.media/content/wowproductimages/large/1074137844.jpg",
    "source_id": "Woolworths - 1074137844",
    "barcode": null,
    "shop": "Woolworths",
    "weight": "100G",
    "prices": [
      {
        "state": "NSW",
        "price": "7590",
        "price_per_unit": "15180",
        "price_unit": "G"
      },
      {
        "state": "VIC",
        "price": "7590",
        "price_per_unit": "15180",
        "price_unit": "G"
      },
      {
        "state": "QLD",
        "price": "7590",
        "price_per_unit": "15180",
        "price_unit": "G"
      },
      {
        "state": "WA",
        "price": "7590",
        "price_per_unit": "15180",
        "price_unit": "G"
      },
      {
        "state": "SA",
        "price": "7590",
        "price_per_unit": "15180",
        "price_unit": "G"
      },
      {
        "state": "TAS",
        "price": "7590",
        "price_per_unit": "15180",
        "price_unit": "G"
      },
      {
        "state": "ACT",
        "price": "7590",
        "price_per_unit": "15180",
        "price_unit": "G"
      },
      {
        "state": "NT",
        "price": "7590",
        "price_per_unit": "15180",
        "price_unit": "G"
      }
    ]
  },
  {
    "source_url": "https://www.woolworths.com.au/shop/productdetails/1075707951/burt-s-bees-hemp-body-lotion-170g-x-3",
    "name": "Burt's Bees Hemp Body Lotion 170g x 3",
    "image_url": "https://cdn1.woolworths.media/content/wowproductimages/large/1075707951.jpg",
    "source_id": "Woolworths - 1075707951",
    "barcode": null,
    "shop": "Woolworths",
    "weight": "1EA",
    "prices": [
      {
        "state": "NSW",
        "price": "4900",
        "price_per_unit": "1633",
        "price_unit": "EA"
      },
      {
        "state": "VIC",
        "price": "4900",
        "price_per_unit": "1633",
        "price_unit": "EA"
      },
      {
        "state": "QLD",
        "price": "4900",
        "price_per_unit": "1633",
        "price_unit": "EA"
      },
      {
        "state": "WA",
        "price": "4900",
        "price_per_unit": "1633",
        "price_unit": "EA"
      },
      {
        "state": "SA",
        "price": "4900",
        "price_per_unit": "1633",
        "price_unit": "EA"
      },
      {
        "state": "SA",
        "price": "4900",
        "price_per_unit": "1633",
        "price_unit": "EA"
      },
      {
        "state": "TAS",
        "price": "4900",
        "price_per_unit": "1633",
        "price_unit": "EA"
      },
      {
        "state": "ACT",
        "price": "4900",
        "price_per_unit": "1633",
        "price_unit": "EA"
      },
      {
        "state": "NT",
        "price": "4900",
        "price_per_unit": "1633",
        "price_unit": "EA"
      }
    ]
  },
  {
    "source_url": "https://www.woolworths.com.au/shop/productdetails/1076392505/burt-s-bees-milk-honey-body-lotion-170g-x-3",
    "name": "Burt's Bees Milk & Honey Body Lotion 170g x 3",
    "image_url": "https://cdn1.woolworths.media/content/wowproductimages/large/1076392505.jpg",
    "source_id": "Woolworths - 1076392505",
    "barcode": null,
    "shop": "Woolworths",
    "weight": "1EA",
    "prices": [
      {
        "state": "NSW",
        "price": "4999",
        "price_per_unit": "1666",
        "price_unit": "EA"
      },
      {
        "state": "VIC",
        "price": "4999",
        "price_per_unit": "1666",
        "price_unit": "EA"
      },
      {
        "state": "QLD",
        "price": "4999",
        "price_per_unit": "1666",
        "price_unit": "EA"
      },
      {
        "state": "WA",
        "price": "4999",
        "price_per_unit": "1666",
        "price_unit": "EA"
      },
      {
        "state": "SA",
        "price": "4999",
        "price_per_unit": "1666",
        "price_unit": "EA"
      },
      {
        "state": "TAS",
        "price": "4999",
        "price_per_unit": "1666",
        "price_unit": "EA"
      },
      {
        "state": "ACT",
        "price": "4999",
        "price_per_unit": "1666",
        "price_unit": "EA"
      },
      {
        "state": "NT",
        "price": "4999",
        "price_per_unit": "1666",
        "price_unit": "EA"
      }
    ]
  },
  {
    "source_url": "https://www.woolworths.com.au/shop/productdetails/1075346485/butt-naked-body-rose-body-oil-90ml",
    "name": "Butt Naked Body Rose Body Oil 90ml",
    "image_url": "https://cdn1.woolworths.media/content/wowproductimages/large/1075346485.jpg",
    "source_id": "Woolworths - 1075346485",
    "barcode": null,
    "shop": "Woolworths",
    "weight": "100ML",
    "prices": [
      {
        "state": "NSW",
        "price": "3995",
        "price_per_unit": "4439",
        "price_unit": "ML"
      },
      {
        "state": "VIC",
        "price": "3995",
        "price_per_unit": "4439",
        "price_unit": "ML"
      },
      {
        "state": "QLD",
        "price": "3995",
        "price_per_unit": "4439",
        "price_unit": "ML"
      },
      {
        "state": "WA",
        "price": "3995",
        "price_per_unit": "4439",
        "price_unit": "ML"
      },
      {
        "state": "TAS",
        "price": "3995",
        "price_per_unit": "4439",
        "price_unit": "ML"
      },
      {
        "state": "ACT",
        "price": "3995",
        "price_per_unit": "4439",
        "price_unit": "ML"
      },
      {
        "state": "NT",
        "price": "3995",
        "price_per_unit": "4439",
        "price_unit": "ML"
      }
    ]
  },
  {
    "source_url": "https://www.woolworths.com.au/shop/productdetails/1074387281/byredo-bal-d-afrique-body-lotion-225ml-7-6oz",
    "name": "Byredo Bal D'Afrique Body Lotion 225ml/7.6oz",
    "image_url": "https://cdn1.woolworths.media/content/wowproductimages/large/1074387281.jpg",
    "source_id": "Woolworths - 1074387281",
    "barcode": null,
    "shop": "Woolworths",
    "weight": "100ML",
    "prices": [
      {
        "state": "NSW",
        "price": "11200",
        "price_per_unit": "4978",
        "price_unit": "ML"
      },
      {
        "state": "VIC",
        "price": "11200",
        "price_per_unit": "4978",
        "price_unit": "ML"
      },
      {
        "state": "QLD",
        "price": "11200",
        "price_per_unit": "4978",
        "price_unit": "ML"
      },
      {
        "state": "WA",
        "price": "11200",
        "price_per_unit": "4978",
        "price_unit": "ML"
      },
      {
        "state": "SA",
        "price": "11200",
        "price_per_unit": "4978",
        "price_unit": "ML"
      },
      {
        "state": "TAS",
        "price": "11200",
        "price_per_unit": "4978",
        "price_unit": "ML"
      },
      {
        "state": "ACT",
        "price": "11200",
        "price_per_unit": "4978",
        "price_unit": "ML"
      },
      {
        "state": "NT",
        "price": "11200",
        "price_per_unit": "4978",
        "price_unit": "ML"
      }
    ]
  },
  {
    "source_url": "https://www.woolworths.com.au/shop/productdetails/1075479488/carolines-cream-pump-for-dry-stressed-skin-500ml",
    "name": "Carolines Cream Pump for Dry & Stressed Skin 500ml",
    "image_url": "https://cdn1.woolworths.media/content/wowproductimages/large/1075479488.jpg",
    "source_id": "Woolworths - 1075479488",
    "barcode": null,
    "shop": "Woolworths",
    "weight": "100ML",
    "prices": [
      {
        "state": "NSW",
        "price": "3595",
        "price_per_unit": "719",
        "price_unit": "ML"
      },
      {
        "state": "VIC",
        "price": "3595",
        "price_per_unit": "719",
        "price_unit": "ML"
      },
      {
        "state": "QLD",
        "price": "3595",
        "price_per_unit": "719",
        "price_unit": "ML"
      },
      {
        "state": "WA",
        "price": "3595",
        "price_per_unit": "719",
        "price_unit": "ML"
      },
      {
        "state": "SA",
        "price": "3595",
        "price_per_unit": "719",
        "price_unit": "ML"
      },
      {
        "state": "TAS",
        "price": "3595",
        "price_per_unit": "719",
        "price_unit": "ML"
      },
      {
        "state": "ACT",
        "price": "3595",
        "price_per_unit": "719",
        "price_unit": "ML"
      },
      {
        "state": "NT",
        "price": "3595",
        "price_per_unit": "719",
        "price_unit": "ML"
      }
    ]
  },
  {
    "source_url": "https://www.woolworths.com.au/shop/productdetails/1074387422/caudalie-the-des-vignes-hyaluronic-nourishing-body-lotion-200ml-6-7oz",
    "name": "Caudalie The Des Vignes Hyaluronic Nourishing Body Lotion 200ml/6.7oz",
    "image_url": "https://cdn1.woolworths.media/content/wowproductimages/large/1074387422.jpg",
    "source_id": "Woolworths - 1074387422",
    "barcode": null,
    "shop": "Woolworths",
    "weight": "100ML",
    "prices": [
      {
        "state": "NSW",
        "price": "4100",
        "price_per_unit": "2050",
        "price_unit": "ML"
      },
      {
        "state": "VIC",
        "price": "4100",
        "price_per_unit": "2050",
        "price_unit": "ML"
      },
      {
        "state": "QLD",
        "price": "4100",
        "price_per_unit": "2050",
        "price_unit": "ML"
      },
      {
        "state": "WA",
        "price": "4100",
        "price_per_unit": "2050",
        "price_unit": "ML"
      },
      {
        "state": "SA",
        "price": "4100",
        "price_per_unit": "2050",
        "price_unit": "ML"
      },
      {
        "state": "TAS",
        "price": "4100",
        "price_per_unit": "2050",
        "price_unit": "ML"
      },
      {
        "state": "ACT",
        "price": "4100",
        "price_per_unit": "2050",
        "price_unit": "ML"
      },
      {
        "state": "NT",
        "price": "4100",
        "price_per_unit": "2050",
        "price_unit": "ML"
      }
    ]
  },
  {
    "source_url": "https://www.woolworths.com.au/shop/productdetails/1074387423/caudalie-the-des-vignes-hyaluronic-nourishing-body-lotion-400ml-13-5oz",
    "name": "Caudalie The Des Vignes Hyaluronic Nourishing Body Lotion 400ml/13.5oz",
    "image_url": "https://cdn1.woolworths.media/content/wowproductimages/large/1074387423.jpg",
    "source_id": "Woolworths - 1074387423",
    "barcode": null,
    "shop": "Woolworths",
    "weight": "100ML",
    "prices": [
      {
        "state": "NSW",
        "price": "5300",
        "price_per_unit": "1325",
        "price_unit": "ML"
      },
      {
        "state": "VIC",
        "price": "5300",
        "price_per_unit": "1325",
        "price_unit": "ML"
      },
      {
        "state": "QLD",
        "price": "5300",
        "price_per_unit": "1325",
        "price_unit": "ML"
      },
      {
        "state": "WA",
        "price": "5300",
        "price_per_unit": "1325",
        "price_unit": "ML"
      },
      {
        "state": "SA",
        "price": "5300",
        "price_per_unit": "1325",
        "price_unit": "ML"
      },
      {
        "state": "TAS",
        "price": "5300",
        "price_per_unit": "1325",
        "price_unit": "ML"
      },
      {
        "state": "ACT",
        "price": "5300",
        "price_per_unit": "1325",
        "price_unit": "ML"
      },
      {
        "state": "NT",
        "price": "5300",
        "price_per_unit": "1325",
        "price_unit": "ML"
      }
    ]
  },
  {
    "source_url": "https://www.woolworths.com.au/shop/productdetails/1075117572/caudalie-vinoperfect-concentrated-brightening-glycolic-essence-100ml-3-3oz",
    "name": "Caudalie Vinoperfect Concentrated Brightening Glycolic Essence 100ml/3.3oz",
    "image_url": "https://cdn1.woolworths.media/content/wowproductimages/large/1075117572.jpg",
    "source_id": "Woolworths - 1075117572",
    "barcode": null,
    "shop": "Woolworths",
    "weight": null,
    "prices": []
  },
  {
    "source_url": "https://www.woolworths.com.au/shop/productdetails/1075478077/cavilon-durable-barrier-cream-92g",
    "name": "Cavilon Durable Barrier Cream 92g",
    "image_url": "https://cdn1.woolworths.media/content/wowproductimages/large/1075478077.jpg",
    "source_id": "Woolworths - 1075478077",
    "barcode": null,
    "shop": "Woolworths",
    "weight": "100G",
    "prices": [
      {
        "state": "NSW",
        "price": "2495",
        "price_per_unit": "2712",
        "price_unit": "G"
      },
      {
        "state": "VIC",
        "price": "2495",
        "price_per_unit": "2712",
        "price_unit": "G"
      },
      {
        "state": "QLD",
        "price": "2495",
        "price_per_unit": "2712",
        "price_unit": "G"
      },
      {
        "state": "WA",
        "price": "2495",
        "price_per_unit": "2712",
        "price_unit": "G"
      },
      {
        "state": "SA",
        "price": "2495",
        "price_per_unit": "2712",
        "price_unit": "G"
      },
      {
        "state": "TAS",
        "price": "2495",
        "price_per_unit": "2712",
        "price_unit": "G"
      },
      {
        "state": "ACT",
        "price": "2495",
        "price_per_unit": "2712",
        "price_unit": "G"
      },
      {
        "state": "NT",
        "price": "2495",
        "price_per_unit": "2712",
        "price_unit": "G"
      }
    ]
  },
  {
    "source_url": "https://www.woolworths.com.au/shop/productdetails/770207/cetaphil-body-moisturising-lotion-daily-face-body",
    "name": "Cetaphil Body Moisturising Lotion Daily Face & Body 500ml",
    "image_url": "https://cdn1.woolworths.media/content/wowproductimages/large/770207.jpg",
    "source_id": "Woolworths - 770207",
    "barcode": "9318637042241",
    "shop": "Woolworths",
    "weight": "100ML",
    "prices": [
      {
        "state": "NSW",
        "price": "1600",
        "price_per_unit": "320",
        "price_unit": "ML"
      },
      {
        "state": "VIC",
        "price": "1600",
        "price_per_unit": "320",
        "price_unit": "ML"
      },
      {
        "state": "QLD",
        "price": "1600",
        "price_per_unit": "320",
        "price_unit": "ML"
      },
      {
        "state": "WA",
        "price": "1600",
        "price_per_unit": "320",
        "price_unit": "ML"
      },
      {
        "state": "SA",
        "price": "1600",
        "price_per_unit": "320",
        "price_unit": "ML"
      },
      {
        "state": "TAS",
        "price": "1600",
        "price_per_unit": "320",
        "price_unit": "ML"
      },
      {
        "state": "ACT",
        "price": "1600",
        "price_per_unit": "320",
        "price_unit": "ML"
      },
      {
        "state": "NT",
        "price": "1600",
        "price_per_unit": "320",
        "price_unit": "ML"
      }
    ]
  },
  {
    "source_url": "https://www.woolworths.com.au/shop/productdetails/793109/cetaphil-daily-advance-lotion",
    "name": "Cetaphil Daily Advance Lotion 226g",
    "image_url": "https://cdn1.woolworths.media/content/wowproductimages/large/793109.jpg",
    "source_id": "Woolworths - 793109",
    "barcode": "9318637042401",
    "shop": "Woolworths",
    "weight": "100G",
    "prices": [
      {
        "state": "NSW",
        "price": "1330",
        "price_per_unit": "588",
        "price_unit": "G"
      },
      {
        "state": "VIC",
        "price": "1330",
        "price_per_unit": "588",
        "price_unit": "G"
      },
      {
        "state": "WA",
        "price": "1330",
        "price_per_unit": "588",
        "price_unit": "G"
      },
      {
        "state": "SA",
        "price": "1330",
        "price_per_unit": "588",
        "price_unit": "G"
      },
      {
        "state": "TAS",
        "price": "1330",
        "price_per_unit": "588",
        "price_unit": "G"
      },
      {
        "state": "ACT",
        "price": "1330",
        "price_per_unit": "588",
        "price_unit": "G"
      }
    ]
  },
  {
    "source_url": "https://www.woolworths.com.au/shop/productdetails/770190/cetaphil-daily-advance-ultra-hydrating-lotion",
    "name": "Cetaphil Daily Advance Ultra Hydrating Lotion 473g",
    "image_url": "https://cdn1.woolworths.media/content/wowproductimages/large/770190.jpg",
    "source_id": "Woolworths - 770190",
    "barcode": "9318637042449",
    "shop": "Woolworths",
    "weight": "100ML",
    "prices": [
      {
        "state": "NSW",
        "price": "1780",
        "price_per_unit": "376",
        "price_unit": "ML"
      },
      {
        "state": "VIC",
        "price": "1780",
        "price_per_unit": "376",
        "price_unit": "ML"
      },
      {
        "state": "WA",
        "price": "1780",
        "price_per_unit": "376",
        "price_unit": "ML"
      },
      {
        "state": "SA",
        "price": "1780",
        "price_per_unit": "376",
        "price_unit": "ML"
      },
      {
        "state": "TAS",
        "price": "1780",
        "price_per_unit": "376",
        "price_unit": "ML"
      },
      {
        "state": "ACT",
        "price": "1780",
        "price_per_unit": "376",
        "price_unit": "ML"
      }
    ]
  },
  {
    "source_url": "https://www.woolworths.com.au/shop/productdetails/546044/cetaphil-daily-defence-cream-spf50-facial-moisturiser",
    "name": "Cetaphil Daily Defence Cream SPF50 Facial Moisturiser 50g",
    "image_url": "https://cdn1.woolworths.media/content/wowproductimages/large/546044.jpg",
    "source_id": "Woolworths - 546044",
    "barcode": "9318637044382",
    "shop": "Woolworths",
    "weight": "100G",
    "prices": [
      {
        "state": "NSW",
        "price": "1750",
        "price_per_unit": "3500",
        "price_unit": "G"
      },
      {
        "state": "VIC",
        "price": "1750",
        "price_per_unit": "3500",
        "price_unit": "G"
      },
      {
        "state": "WA",
        "price": "1750",
        "price_per_unit": "3500",
        "price_unit": "G"
      },
      {
        "state": "SA",
        "price": "1750",
        "price_per_unit": "3500",
        "price_unit": "G"
      },
      {
        "state": "TAS",
        "price": "1750",
        "price_per_unit": "3500",
        "price_unit": "G"
      },
      {
        "state": "ACT",
        "price": "1750",
        "price_per_unit": "3500",
        "price_unit": "G"
      }
    ]
  },
  {
    "source_url": "https://www.woolworths.com.au/shop/productdetails/140856/cetaphil-daily-exfoliating-cleanser-all-skin-types",
    "name": "Cetaphil Daily Exfoliating Cleanser All Skin Types 178ml",
    "image_url": "https://cdn1.woolworths.media/content/wowproductimages/large/140856.jpg",
    "source_id": "Woolworths - 140856",
    "barcode": "9318637044030",
    "shop": "Woolworths",
    "weight": "100ML",
    "prices": [
      {
        "state": "NSW",
        "price": "1360",
        "price_per_unit": "764",
        "price_unit": "ML"
      },
      {
        "state": "VIC",
        "price": "1360",
        "price_per_unit": "764",
        "price_unit": "ML"
      },
      {
        "state": "QLD",
        "price": "1360",
        "price_per_unit": "764",
        "price_unit": "ML"
      },
      {
        "state": "WA",
        "price": "1360",
        "price_per_unit": "764",
        "price_unit": "ML"
      },
      {
        "state": "SA",
        "price": "1360",
        "price_per_unit": "764",
        "price_unit": "ML"
      },
      {
        "state": "TAS",
        "price": "1360",
        "price_per_unit": "764",
        "price_unit": "ML"
      },
      {
        "state": "ACT",
        "price": "1360",
        "price_per_unit": "764",
        "price_unit": "ML"
      }
    ]
  },
  {
    "source_url": "https://www.woolworths.com.au/shop/productdetails/546043/cetaphil-daily-facial-cleanser-foaming",
    "name": "Cetaphil Daily Facial Cleanser Foaming 236mL",
    "image_url": "https://cdn1.woolworths.media/content/wowproductimages/large/546043.jpg",
    "source_id": "Woolworths - 546043",
    "barcode": "9318637044313",
    "shop": "Woolworths",
    "weight": "100ML",
    "prices": [
      {
        "state": "NSW",
        "price": "1190",
        "price_per_unit": "504",
        "price_unit": "ML"
      },
      {
        "state": "VIC",
        "price": "1190",
        "price_per_unit": "504",
        "price_unit": "ML"
      },
      {
        "state": "QLD",
        "price": "1190",
        "price_per_unit": "504",
        "price_unit": "ML"
      },
      {
        "state": "WA",
        "price": "1190",
        "price_per_unit": "504",
        "price_unit": "ML"
      },
      {
        "state": "SA",
        "price": "1190",
        "price_per_unit": "504",
        "price_unit": "ML"
      },
      {
        "state": "TAS",
        "price": "1190",
        "price_per_unit": "504",
        "price_unit": "ML"
      },
      {
        "state": "ACT",
        "price": "1190",
        "price_per_unit": "504",
        "price_unit": "ML"
      },
      {
        "state": "NT",
        "price": "1190",
        "price_per_unit": "504",
        "price_unit": "ML"
      }
    ]
  },
  {
    "source_url": "https://www.woolworths.com.au/shop/productdetails/771735/cetaphil-daily-facial-moisturiser-all-skin-types",
    "name": "Cetaphil Daily Facial Moisturiser All Skin Types 118ml",
    "image_url": "https://cdn1.woolworths.media/content/wowproductimages/large/771735.jpg",
    "source_id": "Woolworths - 771735",
    "barcode": "9318637042562",
    "shop": "Woolworths",
    "weight": "100ML",
    "prices": [
      {
        "state": "NSW",
        "price": "1600",
        "price_per_unit": "1356",
        "price_unit": "ML"
      },
      {
        "state": "VIC",
        "price": "1600",
        "price_per_unit": "1356",
        "price_unit": "ML"
      },
      {
        "state": "QLD",
        "price": "1600",
        "price_per_unit": "1356",
        "price_unit": "ML"
      },
      {
        "state": "WA",
        "price": "1600",
        "price_per_unit": "1356",
        "price_unit": "ML"
      },
      {
        "state": "SA",
        "price": "1600",
        "price_per_unit": "1356",
        "price_unit": "ML"
      },
      {
        "state": "TAS",
        "price": "1600",
        "price_per_unit": "1356",
        "price_unit": "ML"
      },
      {
        "state": "ACT",
        "price": "1600",
        "price_per_unit": "1356",
        "price_unit": "ML"
      },
      {
        "state": "NT",
        "price": "1600",
        "price_per_unit": "1356",
        "price_unit": "ML"
      }
    ]
  },
  {
    "source_url": "https://www.woolworths.com.au/shop/productdetails/151287/cetaphil-daily-hydrating-lotion-normal-to-very-dry-skin",
    "name": "Cetaphil Daily Hydrating Lotion Normal To Very Dry Skin 88ml",
    "image_url": "https://cdn1.woolworths.media/content/wowproductimages/large/151287.jpg",
    "source_id": "Woolworths - 151287",
    "barcode": "9318637044016",
    "shop": "Woolworths",
    "weight": "100ML",
    "prices": [
      {
        "state": "NSW",
        "price": "1600",
        "price_per_unit": "1818",
        "price_unit": "ML"
      },
      {
        "state": "VIC",
        "price": "1600",
        "price_per_unit": "1818",
        "price_unit": "ML"
      },
      {
        "state": "WA",
        "price": "1600",
        "price_per_unit": "1818",
        "price_unit": "ML"
      },
      {
        "state": "SA",
        "price": "1600",
        "price_per_unit": "1818",
        "price_unit": "ML"
      },
      {
        "state": "TAS",
        "price": "1600",
        "price_per_unit": "1818",
        "price_unit": "ML"
      },
      {
        "state": "ACT",
        "price": "1600",
        "price_per_unit": "1818",
        "price_unit": "ML"
      },
      {
        "state": "NT",
        "price": "1600",
        "price_per_unit": "1818",
        "price_unit": "ML"
      }
    ]
  },
  {
    "source_url": "https://www.woolworths.com.au/shop/productdetails/771751/cetaphil-gentle-cleansing-bar-all-skin-types",
    "name": "Cetaphil Gentle Cleansing Bar All Skin Types 127g",
    "image_url": "https://cdn1.woolworths.media/content/wowproductimages/large/771751.jpg",
    "source_id": "Woolworths - 771751",
    "barcode": "3029939230460",
    "shop": "Woolworths",
    "weight": "100G",
    "prices": [
      {
        "state": "NSW",
        "price": "770",
        "price_per_unit": "606",
        "price_unit": "G"
      },
      {
        "state": "WA",
        "price": "770",
        "price_per_unit": "606",
        "price_unit": "G"
      }
    ]
  },
  {
    "source_url": "https://www.woolworths.com.au/shop/productdetails/136635/cetaphil-gentle-foaming-cleanser",
    "name": "Cetaphil Gentle Foaming Cleanser 236ml",
    "image_url": "https://cdn1.woolworths.media/content/wowproductimages/large/136635.jpg",
    "source_id": "Woolworths - 136635",
    "barcode": "3499320009881",
    "shop": "Woolworths",
    "weight": "100ML",
    "prices": [
      {
        "state": "VIC",
        "price": "1360",
        "price_per_unit": "576",
        "price_unit": "ML"
      },
      {
        "state": "QLD",
        "price": "1360",
        "price_per_unit": "576",
        "price_unit": "ML"
      },
      {
        "state": "WA",
        "price": "1360",
        "price_per_unit": "576",
        "price_unit": "ML"
      },
      {
        "state": "SA",
        "price": "1360",
        "price_per_unit": "576",
        "price_unit": "ML"
      },
      {
        "state": "TAS",
        "price": "1360",
        "price_per_unit": "576",
        "price_unit": "ML"
      },
      {
        "state": "ACT",
        "price": "1360",
        "price_per_unit": "576",
        "price_unit": "ML"
      },
      {
        "state": "NT",
        "price": "1360",
        "price_per_unit": "576",
        "price_unit": "ML"
      }
    ]
  },
  {
    "source_url": "https://www.woolworths.com.au/shop/productdetails/385292/cetaphil-gentle-skin-cleanser",
    "name": "Cetaphil Gentle Skin Cleanser 236ml",
    "image_url": "https://cdn1.woolworths.media/content/wowproductimages/large/385292.jpg",
    "source_id": "Woolworths - 385292",
    "barcode": "3499320015431",
    "shop": "Woolworths",
    "weight": "100ML",
    "prices": [
      {
        "state": "VIC",
        "price": "1050",
        "price_per_unit": "445",
        "price_unit": "ML"
      },
      {
        "state": "QLD",
        "price": "1050",
        "price_per_unit": "445",
        "price_unit": "ML"
      },
      {
        "state": "WA",
        "price": "1050",
        "price_per_unit": "445",
        "price_unit": "ML"
      },
      {
        "state": "SA",
        "price": "1050",
        "price_per_unit": "445",
        "price_unit": "ML"
      },
      {
        "state": "TAS",
        "price": "1050",
        "price_per_unit": "445",
        "price_unit": "ML"
      },
      {
        "state": "ACT",
        "price": "1050",
        "price_per_unit": "445",
        "price_unit": "ML"
      },
      {
        "state": "NT",
        "price": "1050",
        "price_per_unit": "445",
        "price_unit": "ML"
      }
    ]
  },
  {
    "source_url": "https://www.woolworths.com.au/shop/productdetails/801238/cetaphil-gentle-skin-cleanser-all-skin-types",
    "name": "Cetaphil Gentle Skin Cleanser All Skin Types 1l",
    "image_url": "https://cdn1.woolworths.media/content/wowproductimages/large/801238.jpg",
    "source_id": "Woolworths - 801238",
    "barcode": "9318637043002",
    "shop": "Woolworths",
    "weight": "100ML",
    "prices": [
      {
        "state": "NSW",
        "price": "2240",
        "price_per_unit": "224",
        "price_unit": "ML"
      },
      {
        "state": "VIC",
        "price": "2240",
        "price_per_unit": "224",
        "price_unit": "ML"
      },
      {
        "state": "QLD",
        "price": "2240",
        "price_per_unit": "224",
        "price_unit": "ML"
      },
      {
        "state": "WA",
        "price": "2240",
        "price_per_unit": "224",
        "price_unit": "ML"
      },
      {
        "state": "TAS",
        "price": "2240",
        "price_per_unit": "224",
        "price_unit": "ML"
      },
      {
        "state": "ACT",
        "price": "2240",
        "price_per_unit": "224",
        "price_unit": "ML"
      },
      {
        "state": "NT",
        "price": "2240",
        "price_per_unit": "224",
        "price_unit": "ML"
      }
    ]
  },
  {
    "source_url": "https://www.woolworths.com.au/shop/productdetails/383489/cetaphil-gentle-skin-cleanser-for-face-body-care",
    "name": "Cetaphil Gentle Skin Cleanser, For Face & Body Care 500ml",
    "image_url": "https://cdn1.woolworths.media/content/wowproductimages/large/383489.jpg",
    "source_id": "Woolworths - 383489",
    "barcode": "9318637069637",
    "shop": "Woolworths",
    "weight": "100ML",
    "prices": [
      {
        "state": "NSW",
        "price": "1540",
        "price_per_unit": "308",
        "price_unit": "ML"
      },
      {
        "state": "VIC",
        "price": "1540",
        "price_per_unit": "308",
        "price_unit": "ML"
      },
      {
        "state": "WA",
        "price": "1540",
        "price_per_unit": "308",
        "price_unit": "ML"
      },
      {
        "state": "SA",
        "price": "1540",
        "price_per_unit": "308",
        "price_unit": "ML"
      },
      {
        "state": "TAS",
        "price": "1540",
        "price_per_unit": "308",
        "price_unit": "ML"
      },
      {
        "state": "ACT",
        "price": "1540",
        "price_per_unit": "308",
        "price_unit": "ML"
      },
      {
        "state": "NT",
        "price": "1540",
        "price_per_unit": "308",
        "price_unit": "ML"
      }
    ]
  },
  {
    "source_url": "https://www.woolworths.com.au/shop/productdetails/793113/cetaphil-gentle-skin-cleansing-cloths",
    "name": "Cetaphil Gentle Skin Cleansing Cloths 25 Pack",
    "image_url": "https://cdn1.woolworths.media/content/wowproductimages/large/793113.jpg",
    "source_id": "Woolworths - 793113",
    "barcode": "302993934059",
    "shop": "Woolworths",
    "weight": "1EA",
    "prices": [
      {
        "state": "NSW",
        "price": "700",
        "price_per_unit": "28",
        "price_unit": "EA"
      },
      {
        "state": "WA",
        "price": "700",
        "price_per_unit": "28",
        "price_unit": "EA"
      },
      {
        "state": "SA",
        "price": "700",
        "price_per_unit": "28",
        "price_unit": "EA"
      },
      {
        "state": "ACT",
        "price": "700",
        "price_per_unit": "28",
        "price_unit": "EA"
      }
    ]
  },
  {
    "source_url": "https://www.woolworths.com.au/shop/productdetails/483653/cetaphil-hydrating-foaming-cream-cleanser",
    "name": "Cetaphil Hydrating Foaming Cream Cleanser 236mL",
    "image_url": "https://cdn1.woolworths.media/content/wowproductimages/large/483653.jpg",
    "source_id": "Woolworths - 483653",
    "barcode": "3499320014830",
    "shop": "Woolworths",
    "weight": "100ML",
    "prices": [
      {
        "state": "VIC",
        "price": "1400",
        "price_per_unit": "593",
        "price_unit": "ML"
      },
      {
        "state": "QLD",
        "price": "1400",
        "price_per_unit": "593",
        "price_unit": "ML"
      },
      {
        "state": "WA",
        "price": "1400",
        "price_per_unit": "593",
        "price_unit": "ML"
      },
      {
        "state": "SA",
        "price": "1400",
        "price_per_unit": "593",
        "price_unit": "ML"
      },
      {
        "state": "TAS",
        "price": "1400",
        "price_per_unit": "593",
        "price_unit": "ML"
      },
      {
        "state": "ACT",
        "price": "1400",
        "price_per_unit": "593",
        "price_unit": "ML"
      },
      {
        "state": "NT",
        "price": "1400",
        "price_per_unit": "593",
        "price_unit": "ML"
      }
    ]
  },
  {
    "source_url": "https://www.woolworths.com.au/shop/productdetails/309786/cetaphil-intensive-moisturising-cream-for-dry-to-very-dry-skin",
    "name": "Cetaphil Intensive Moisturising Cream For Dry To Very Dry Skin 85g",
    "image_url": "https://cdn1.woolworths.media/content/wowproductimages/large/309786.jpg",
    "source_id": "Woolworths - 309786",
    "barcode": "9318637043675",
    "shop": "Woolworths",
    "weight": "100G",
    "prices": [
      {
        "state": "NSW",
        "price": "800",
        "price_per_unit": "941",
        "price_unit": "G"
      },
      {
        "state": "VIC",
        "price": "800",
        "price_per_unit": "941",
        "price_unit": "G"
      },
      {
        "state": "WA",
        "price": "800",
        "price_per_unit": "941",
        "price_unit": "G"
      },
      {
        "state": "SA",
        "price": "800",
        "price_per_unit": "941",
        "price_unit": "G"
      },
      {
        "state": "TAS",
        "price": "800",
        "price_per_unit": "941",
        "price_unit": "G"
      },
      {
        "state": "ACT",
        "price": "800",
        "price_per_unit": "941",
        "price_unit": "G"
      }
    ]
  },
  {
    "source_url": "https://www.woolworths.com.au/shop/productdetails/1075481597/cetaphil-moisturising-cream-550g",
    "name": "Cetaphil Moisturising Cream 550g",
    "image_url": "https://cdn1.woolworths.media/content/wowproductimages/large/1075481597.jpg",
    "source_id": "Woolworths - 1075481597",
    "barcode": null,
    "shop": "Woolworths",
    "weight": "100G",
    "prices": [
      {
        "state": "NSW",
        "price": "2323",
        "price_per_unit": "422",
        "price_unit": "G"
      },
      {
        "state": "VIC",
        "price": "2323",
        "price_per_unit": "422",
        "price_unit": "G"
      },
      {
        "state": "QLD",
        "price": "2323",
        "price_per_unit": "422",
        "price_unit": "G"
      },
      {
        "state": "WA",
        "price": "2323",
        "price_per_unit": "422",
        "price_unit": "G"
      },
      {
        "state": "SA",
        "price": "2323",
        "price_per_unit": "422",
        "price_unit": "G"
      },
      {
        "state": "TAS",
        "price": "2323",
        "price_per_unit": "422",
        "price_unit": "G"
      },
      {
        "state": "ACT",
        "price": "2323",
        "price_per_unit": "422",
        "price_unit": "G"
      },
      {
        "state": "NT",
        "price": "2323",
        "price_per_unit": "422",
        "price_unit": "G"
      }
    ]
  },
  {
    "source_url": "https://www.woolworths.com.au/shop/productdetails/309792/cetaphil-moisturising-cream-face-body",
    "name": "Cetaphil Moisturising Cream Face & Body 250g",
    "image_url": "https://cdn1.woolworths.media/content/wowproductimages/large/309792.jpg",
    "source_id": "Woolworths - 309792",
    "barcode": "9318637391707",
    "shop": "Woolworths",
    "weight": "1EA",
    "prices": [
      {
        "state": "NSW",
        "price": "1260",
        "price_per_unit": "1260",
        "price_unit": "EA"
      },
      {
        "state": "VIC",
        "price": "1260",
        "price_per_unit": "1260",
        "price_unit": "EA"
      },
      {
        "state": "WA",
        "price": "1260",
        "price_per_unit": "1260",
        "price_unit": "EA"
      },
      {
        "state": "SA",
        "price": "1260",
        "price_per_unit": "1260",
        "price_unit": "EA"
      },
      {
        "state": "TAS",
        "price": "1260",
        "price_per_unit": "1260",
        "price_unit": "EA"
      },
      {
        "state": "ACT",
        "price": "1260",
        "price_per_unit": "1260",
        "price_unit": "EA"
      }
    ]
  },
  {
    "source_url": "https://www.woolworths.com.au/shop/productdetails/477585/cetaphil-moisturising-cream-for-face-body",
    "name": "Cetaphil Moisturising Cream For Face & Body 100g",
    "image_url": "https://cdn1.woolworths.media/content/wowproductimages/large/477585.jpg",
    "source_id": "Woolworths - 477585",
    "barcode": "9318637072453",
    "shop": "Woolworths",
    "weight": "100ML",
    "prices": [
      {
        "state": "NSW",
        "price": "800",
        "price_per_unit": "800",
        "price_unit": "ML"
      },
      {
        "state": "VIC",
        "price": "800",
        "price_per_unit": "800",
        "price_unit": "ML"
      },
      {
        "state": "WA",
        "price": "800",
        "price_per_unit": "800",
        "price_unit": "ML"
      },
      {
        "state": "SA",
        "price": "800",
        "price_per_unit": "800",
        "price_unit": "ML"
      },
      {
        "state": "TAS",
        "price": "800",
        "price_per_unit": "800",
        "price_unit": "ML"
      },
      {
        "state": "ACT",
        "price": "800",
        "price_per_unit": "800",
        "price_unit": "ML"
      }
    ]
  },
  {
    "source_url": "https://www.woolworths.com.au/shop/productdetails/110783/cetaphil-moisturising-cream-for-face-body",
    "name": "Cetaphil Moisturising Cream For Face & Body 550g",
    "image_url": "https://cdn1.woolworths.media/content/wowproductimages/large/110783.jpg",
    "source_id": "Woolworths - 110783",
    "barcode": "9318637391714",
    "shop": "Woolworths",
    "weight": "100G",
    "prices": [
      {
        "state": "NSW",
        "price": "1960",
        "price_per_unit": "356",
        "price_unit": "G"
      },
      {
        "state": "VIC",
        "price": "1960",
        "price_per_unit": "356",
        "price_unit": "G"
      },
      {
        "state": "QLD",
        "price": "1960",
        "price_per_unit": "356",
        "price_unit": "G"
      },
      {
        "state": "WA",
        "price": "1960",
        "price_per_unit": "356",
        "price_unit": "G"
      },
      {
        "state": "TAS",
        "price": "1960",
        "price_per_unit": "356",
        "price_unit": "G"
      },
      {
        "state": "ACT",
        "price": "1960",
        "price_per_unit": "356",
        "price_unit": "G"
      },
      {
        "state": "NT",
        "price": "1960",
        "price_per_unit": "356",
        "price_unit": "G"
      }
    ]
  },
  {
    "source_url": "https://www.woolworths.com.au/shop/productdetails/385113/cetaphil-moisturising-lotion",
    "name": "Cetaphil Moisturising Lotion 237ml",
    "image_url": "https://cdn1.woolworths.media/content/wowproductimages/large/385113.jpg",
    "source_id": "Woolworths - 385113",
    "barcode": "9318637044306",
    "shop": "Woolworths",
    "weight": "100ML",
    "prices": [
      {
        "state": "NSW",
        "price": "1190",
        "price_per_unit": "502",
        "price_unit": "ML"
      },
      {
        "state": "VIC",
        "price": "1190",
        "price_per_unit": "502",
        "price_unit": "ML"
      },
      {
        "state": "QLD",
        "price": "1190",
        "price_per_unit": "502",
        "price_unit": "ML"
      },
      {
        "state": "WA",
        "price": "1190",
        "price_per_unit": "502",
        "price_unit": "ML"
      },
      {
        "state": "SA",
        "price": "1190",
        "price_per_unit": "502",
        "price_unit": "ML"
      },
      {
        "state": "TAS",
        "price": "1190",
        "price_per_unit": "502",
        "price_unit": "ML"
      },
      {
        "state": "ACT",
        "price": "1190",
        "price_per_unit": "502",
        "price_unit": "ML"
      },
      {
        "state": "NT",
        "price": "1190",
        "price_per_unit": "502",
        "price_unit": "ML"
      }
    ]
  },
  {
    "source_url": "https://www.woolworths.com.au/shop/productdetails/801239/cetaphil-moisturising-lotion-dry-to-normal-sensitive-skin",
    "name": "Cetaphil Moisturising Lotion Dry To Normal Sensitive Skin 1l",
    "image_url": "https://cdn1.woolworths.media/content/wowproductimages/large/801239.jpg",
    "source_id": "Woolworths - 801239",
    "barcode": "9318637042289",
    "shop": "Woolworths",
    "weight": "100ML",
    "prices": [
      {
        "state": "VIC",
        "price": "2300",
        "price_per_unit": "230",
        "price_unit": "ML"
      },
      {
        "state": "QLD",
        "price": "2300",
        "price_per_unit": "230",
        "price_unit": "ML"
      },
      {
        "state": "WA",
        "price": "2300",
        "price_per_unit": "230",
        "price_unit": "ML"
      },
      {
        "state": "SA",
        "price": "2300",
        "price_per_unit": "230",
        "price_unit": "ML"
      },
      {
        "state": "TAS",
        "price": "2300",
        "price_per_unit": "230",
        "price_unit": "ML"
      },
      {
        "state": "ACT",
        "price": "2300",
        "price_per_unit": "230",
        "price_unit": "ML"
      },
      {
        "state": "NT",
        "price": "2300",
        "price_per_unit": "230",
        "price_unit": "ML"
      }
    ]
  },
  {
    "source_url": "https://www.woolworths.com.au/shop/productdetails/782593/cetaphil-oily-skin-cleanser-oily-combination-skin",
    "name": "Cetaphil Oily Skin Cleanser, Oily & Combination Skin 500ml",
    "image_url": "https://cdn1.woolworths.media/content/wowproductimages/large/782593.jpg",
    "source_id": "Woolworths - 782593",
    "barcode": "9318637042326",
    "shop": "Woolworths",
    "weight": "100ML",
    "prices": [
      {
        "state": "NSW",
        "price": "1600",
        "price_per_unit": "320",
        "price_unit": "ML"
      },
      {
        "state": "VIC",
        "price": "1600",
        "price_per_unit": "320",
        "price_unit": "ML"
      },
      {
        "state": "QLD",
        "price": "1600",
        "price_per_unit": "320",
        "price_unit": "ML"
      },
      {
        "state": "WA",
        "price": "1600",
        "price_per_unit": "320",
        "price_unit": "ML"
      },
      {
        "state": "SA",
        "price": "1600",
        "price_per_unit": "320",
        "price_unit": "ML"
      },
      {
        "state": "TAS",
        "price": "1600",
        "price_per_unit": "320",
        "price_unit": "ML"
      },
      {
        "state": "ACT",
        "price": "1600",
        "price_per_unit": "320",
        "price_unit": "ML"
      },
      {
        "state": "NT",
        "price": "1600",
        "price_per_unit": "320",
        "price_unit": "ML"
      }
    ]
  },
  {
    "source_url": "https://www.woolworths.com.au/shop/productdetails/1075478512/cetaphil-optimal-hydration-replenishing-body-lotion-236ml",
    "name": "Cetaphil Optimal Hydration Replenishing Body Lotion 236ml",
    "image_url": "https://cdn1.woolworths.media/content/wowproductimages/large/1075478512.jpg",
    "source_id": "Woolworths - 1075478512",
    "barcode": null,
    "shop": "Woolworths",
    "weight": "100ML",
    "prices": [
      {
        "state": "NSW",
        "price": "1825",
        "price_per_unit": "773",
        "price_unit": "ML"
      },
      {
        "state": "VIC",
        "price": "1825",
        "price_per_unit": "773",
        "price_unit": "ML"
      },
      {
        "state": "QLD",
        "price": "1825",
        "price_per_unit": "773",
        "price_unit": "ML"
      },
      {
        "state": "WA",
        "price": "1825",
        "price_per_unit": "773",
        "price_unit": "ML"
      },
      {
        "state": "SA",
        "price": "1825",
        "price_per_unit": "773",
        "price_unit": "ML"
      },
      {
        "state": "TAS",
        "price": "1825",
        "price_per_unit": "773",
        "price_unit": "ML"
      },
      {
        "state": "ACT",
        "price": "1825",
        "price_per_unit": "773",
        "price_unit": "ML"
      },
      {
        "state": "NT",
        "price": "1825",
        "price_per_unit": "773",
        "price_unit": "ML"
      }
    ]
  },
  {
    "source_url": "https://www.woolworths.com.au/shop/productdetails/1075478513/cetaphil-optimal-hydration-replenishing-body-lotion-473ml",
    "name": "Cetaphil Optimal Hydration Replenishing Body Lotion 473ml",
    "image_url": "https://cdn1.woolworths.media/content/wowproductimages/large/1075478513.jpg",
    "source_id": "Woolworths - 1075478513",
    "barcode": null,
    "shop": "Woolworths",
    "weight": "100ML",
    "prices": [
      {
        "state": "NSW",
        "price": "2945",
        "price_per_unit": "623",
        "price_unit": "ML"
      },
      {
        "state": "VIC",
        "price": "2945",
        "price_per_unit": "623",
        "price_unit": "ML"
      },
      {
        "state": "QLD",
        "price": "2945",
        "price_per_unit": "623",
        "price_unit": "ML"
      },
      {
        "state": "WA",
        "price": "2945",
        "price_per_unit": "623",
        "price_unit": "ML"
      },
      {
        "state": "SA",
        "price": "2945",
        "price_per_unit": "623",
        "price_unit": "ML"
      },
      {
        "state": "TAS",
        "price": "2945",
        "price_per_unit": "623",
        "price_unit": "ML"
      },
      {
        "state": "ACT",
        "price": "2945",
        "price_per_unit": "623",
        "price_unit": "ML"
      },
      {
        "state": "NT",
        "price": "2945",
        "price_per_unit": "623",
        "price_unit": "ML"
      }
    ]
  },
  {
    "source_url": "https://www.woolworths.com.au/shop/productdetails/1075480817/cetaphil-optimal-hydration-skin-restoring-water-gel-48g",
    "name": "Cetaphil Optimal Hydration Skin Restoring Water Gel 48g",
    "image_url": "https://cdn1.woolworths.media/content/wowproductimages/large/1075480817.jpg",
    "source_id": "Woolworths - 1075480817",
    "barcode": null,
    "shop": "Woolworths",
    "weight": "100G",
    "prices": [
      {
        "state": "NSW",
        "price": "2904",
        "price_per_unit": "6050",
        "price_unit": "G"
      },
      {
        "state": "VIC",
        "price": "2904",
        "price_per_unit": "6050",
        "price_unit": "G"
      },
      {
        "state": "QLD",
        "price": "2904",
        "price_per_unit": "6050",
        "price_unit": "G"
      },
      {
        "state": "WA",
        "price": "2904",
        "price_per_unit": "6050",
        "price_unit": "G"
      },
      {
        "state": "SA",
        "price": "2904",
        "price_per_unit": "6050",
        "price_unit": "G"
      },
      {
        "state": "TAS",
        "price": "2904",
        "price_per_unit": "6050",
        "price_unit": "G"
      },
      {
        "state": "ACT",
        "price": "2904",
        "price_per_unit": "6050",
        "price_unit": "G"
      },
      {
        "state": "NT",
        "price": "2904",
        "price_per_unit": "6050",
        "price_unit": "G"
      }
    ]
  },
  {
    "source_url": "https://www.woolworths.com.au/shop/productdetails/1075481213/cetaphil-pro-eczema-prone-skin-restoring-moisturiser-295ml",
    "name": "Cetaphil Pro Eczema Prone Skin Restoring Moisturiser 295ml",
    "image_url": "https://cdn1.woolworths.media/content/wowproductimages/large/1075481213.jpg",
    "source_id": "Woolworths - 1075481213",
    "barcode": null,
    "shop": "Woolworths",
    "weight": "100ML",
    "prices": [
      {
        "state": "NSW",
        "price": "2495",
        "price_per_unit": "846",
        "price_unit": "ML"
      },
      {
        "state": "VIC",
        "price": "2495",
        "price_per_unit": "846",
        "price_unit": "ML"
      },
      {
        "state": "QLD",
        "price": "2495",
        "price_per_unit": "846",
        "price_unit": "ML"
      },
      {
        "state": "WA",
        "price": "2495",
        "price_per_unit": "846",
        "price_unit": "ML"
      },
      {
        "state": "SA",
        "price": "2495",
        "price_per_unit": "846",
        "price_unit": "ML"
      },
      {
        "state": "TAS",
        "price": "2495",
        "price_per_unit": "846",
        "price_unit": "ML"
      },
      {
        "state": "ACT",
        "price": "2495",
        "price_per_unit": "846",
        "price_unit": "ML"
      },
      {
        "state": "NT",
        "price": "2495",
        "price_per_unit": "846",
        "price_unit": "ML"
      }
    ]
  },
  {
    "source_url": "https://www.woolworths.com.au/shop/productdetails/140534/cetaphil-rich-night-cream-normal-to-very-dry-skin",
    "name": "Cetaphil Rich Night Cream Normal To Very Dry Skin 48g",
    "image_url": "https://cdn1.woolworths.media/content/wowproductimages/large/140534.jpg",
    "source_id": "Woolworths - 140534",
    "barcode": "9318637044023",
    "shop": "Woolworths",
    "weight": "100G",
    "prices": [
      {
        "state": "NSW",
        "price": "1600",
        "price_per_unit": "3333",
        "price_unit": "G"
      },
      {
        "state": "WA",
        "price": "1600",
        "price_per_unit": "3333",
        "price_unit": "G"
      },
      {
        "state": "SA",
        "price": "1600",
        "price_per_unit": "3333",
        "price_unit": "G"
      }
    ]
  },
  {
    "source_url": "https://www.woolworths.com.au/shop/productdetails/140555/cetaphil-ultra-gentle-refreshing-body-wash",
    "name": "Cetaphil Ultra Gentle Refreshing Body Wash 1l",
    "image_url": "https://cdn1.woolworths.media/content/wowproductimages/large/140555.jpg",
    "source_id": "Woolworths - 140555",
    "barcode": "9318637044054",
    "shop": "Woolworths",
    "weight": "100ML",
    "prices": [
      {
        "state": "NSW",
        "price": "1820",
        "price_per_unit": "182",
        "price_unit": "ML"
      },
      {
        "state": "VIC",
        "price": "1820",
        "price_per_unit": "182",
        "price_unit": "ML"
      },
      {
        "state": "QLD",
        "price": "1820",
        "price_per_unit": "182",
        "price_unit": "ML"
      },
      {
        "state": "WA",
        "price": "1820",
        "price_per_unit": "182",
        "price_unit": "ML"
      },
      {
        "state": "TAS",
        "price": "1820",
        "price_per_unit": "182",
        "price_unit": "ML"
      },
      {
        "state": "ACT",
        "price": "1820",
        "price_per_unit": "182",
        "price_unit": "ML"
      },
      {
        "state": "NT",
        "price": "1820",
        "price_per_unit": "182",
        "price_unit": "ML"
      }
    ]
  },
  {
    "source_url": "https://www.woolworths.com.au/shop/productdetails/1074387462/chanel-coco-body-lotion-200ml-6-8oz",
    "name": "Chanel Coco Body Lotion 200ml/6.8oz",
    "image_url": "https://cdn1.woolworths.media/content/wowproductimages/large/1074387462.jpg",
    "source_id": "Woolworths - 1074387462",
    "barcode": null,
    "shop": "Woolworths",
    "weight": "100ML",
    "prices": [
      {
        "state": "NSW",
        "price": "13800",
        "price_per_unit": "6900",
        "price_unit": "ML"
      },
      {
        "state": "VIC",
        "price": "13800",
        "price_per_unit": "6900",
        "price_unit": "ML"
      },
      {
        "state": "QLD",
        "price": "13800",
        "price_per_unit": "6900",
        "price_unit": "ML"
      },
      {
        "state": "WA",
        "price": "13800",
        "price_per_unit": "6900",
        "price_unit": "ML"
      },
      {
        "state": "SA",
        "price": "13800",
        "price_per_unit": "6900",
        "price_unit": "ML"
      },
      {
        "state": "TAS",
        "price": "13800",
        "price_per_unit": "6900",
        "price_unit": "ML"
      },
      {
        "state": "ACT",
        "price": "13800",
        "price_per_unit": "6900",
        "price_unit": "ML"
      },
      {
        "state": "NT",
        "price": "13800",
        "price_per_unit": "6900",
        "price_unit": "ML"
      }
    ]
  },
  {
    "source_url": "https://www.woolworths.com.au/shop/productdetails/1074387476/chanel-coco-mademoiselle-moisturizing-body-lotion-200ml-6-8oz",
    "name": "Chanel Coco Mademoiselle Moisturizing Body Lotion 200ml/6.8oz",
    "image_url": "https://cdn1.woolworths.media/content/wowproductimages/large/1074387476.jpg",
    "source_id": "Woolworths - 1074387476",
    "barcode": null,
    "shop": "Woolworths",
    "weight": "100ML",
    "prices": [
      {
        "state": "NSW",
        "price": "14600",
        "price_per_unit": "7300",
        "price_unit": "ML"
      },
      {
        "state": "VIC",
        "price": "14600",
        "price_per_unit": "7300",
        "price_unit": "ML"
      },
      {
        "state": "QLD",
        "price": "14600",
        "price_per_unit": "7300",
        "price_unit": "ML"
      },
      {
        "state": "WA",
        "price": "14600",
        "price_per_unit": "7300",
        "price_unit": "ML"
      },
      {
        "state": "SA",
        "price": "14600",
        "price_per_unit": "7300",
        "price_unit": "ML"
      },
      {
        "state": "TAS",
        "price": "14600",
        "price_per_unit": "7300",
        "price_unit": "ML"
      },
      {
        "state": "ACT",
        "price": "14600",
        "price_per_unit": "7300",
        "price_unit": "ML"
      },
      {
        "state": "NT",
        "price": "14600",
        "price_per_unit": "7300",
        "price_unit": "ML"
      }
    ]
  },
  {
    "source_url": "https://www.woolworths.com.au/shop/productdetails/1074650390/chanel-sublimage-la-creme-texture-fine-ultimate-cream-50g-1-7oz",
    "name": "Chanel Sublimage La Creme Texture Fine Ultimate Cream 50g/1.7oz",
    "image_url": "https://cdn1.woolworths.media/content/wowproductimages/large/1074650390.jpg",
    "source_id": "Woolworths - 1074650390",
    "barcode": null,
    "shop": "Woolworths",
    "weight": "100G",
    "prices": [
      {
        "state": "NSW",
        "price": "73500",
        "price_per_unit": "147000",
        "price_unit": "G"
      },
      {
        "state": "VIC",
        "price": "73500",
        "price_per_unit": "147000",
        "price_unit": "G"
      },
      {
        "state": "QLD",
        "price": "73500",
        "price_per_unit": "147000",
        "price_unit": "G"
      },
      {
        "state": "WA",
        "price": "73500",
        "price_per_unit": "147000",
        "price_unit": "G"
      },
      {
        "state": "SA",
        "price": "73500",
        "price_per_unit": "147000",
        "price_unit": "G"
      },
      {
        "state": "TAS",
        "price": "73500",
        "price_per_unit": "147000",
        "price_unit": "G"
      },
      {
        "state": "ACT",
        "price": "73500",
        "price_per_unit": "147000",
        "price_unit": "G"
      },
      {
        "state": "NT",
        "price": "73500",
        "price_per_unit": "147000",
        "price_unit": "G"
      }
    ]
  },
  {
    "source_url": "https://www.woolworths.com.au/shop/productdetails/1074432059/chloe-nomade-perfumed-body-lotion-packaging-random-pick-200ml-6-7oz",
    "name": "Chloe Nomade Perfumed Body Lotion (Packaging Random Pick) 200ml/6.7oz",
    "image_url": "https://cdn1.woolworths.media/content/wowproductimages/large/1074432059.jpg",
    "source_id": "Woolworths - 1074432059",
    "barcode": null,
    "shop": "Woolworths",
    "weight": "100ML",
    "prices": [
      {
        "state": "NSW",
        "price": "7700",
        "price_per_unit": "3850",
        "price_unit": "ML"
      },
      {
        "state": "VIC",
        "price": "7700",
        "price_per_unit": "3850",
        "price_unit": "ML"
      },
      {
        "state": "QLD",
        "price": "7700",
        "price_per_unit": "3850",
        "price_unit": "ML"
      },
      {
        "state": "WA",
        "price": "7700",
        "price_per_unit": "3850",
        "price_unit": "ML"
      },
      {
        "state": "SA",
        "price": "7700",
        "price_per_unit": "3850",
        "price_unit": "ML"
      },
      {
        "state": "TAS",
        "price": "7700",
        "price_per_unit": "3850",
        "price_unit": "ML"
      },
      {
        "state": "ACT",
        "price": "7700",
        "price_per_unit": "3850",
        "price_unit": "ML"
      },
      {
        "state": "NT",
        "price": "7700",
        "price_per_unit": "3850",
        "price_unit": "ML"
      }
    ]
  },
  {
    "source_url": "https://www.woolworths.com.au/shop/productdetails/1074602459/chloe-perfumed-body-lotion-200ml-6-7oz",
    "name": "Chloe Perfumed Body Lotion 200ml/6.7oz",
    "image_url": "https://cdn1.woolworths.media/content/wowproductimages/large/1074602459.jpg",
    "source_id": "Woolworths - 1074602459",
    "barcode": null,
    "shop": "Woolworths",
    "weight": "100ML",
    "prices": [
      {
        "state": "NSW",
        "price": "9100",
        "price_per_unit": "4550",
        "price_unit": "ML"
      },
      {
        "state": "VIC",
        "price": "9100",
        "price_per_unit": "4550",
        "price_unit": "ML"
      },
      {
        "state": "QLD",
        "price": "9100",
        "price_per_unit": "4550",
        "price_unit": "ML"
      },
      {
        "state": "WA",
        "price": "9100",
        "price_per_unit": "4550",
        "price_unit": "ML"
      },
      {
        "state": "SA",
        "price": "9100",
        "price_per_unit": "4550",
        "price_unit": "ML"
      },
      {
        "state": "TAS",
        "price": "9100",
        "price_per_unit": "4550",
        "price_unit": "ML"
      },
      {
        "state": "ACT",
        "price": "9100",
        "price_per_unit": "4550",
        "price_unit": "ML"
      },
      {
        "state": "NT",
        "price": "9100",
        "price_per_unit": "4550",
        "price_unit": "ML"
      }
    ]
  },
  {
    "source_url": "https://www.woolworths.com.au/shop/productdetails/1074650430/christian-dior-capture-totale-c-e-l-l-energy-firming-wrinkle-correcting-creme-50ml-1-7oz",
    "name": "Christian Dior Capture Totale C.E.L.L. Energy Firming & Wrinkle-Correcting Creme 50ml/1.7oz",
    "image_url": "https://cdn1.woolworths.media/content/wowproductimages/large/1074650430.jpg",
    "source_id": "Woolworths - 1074650430",
    "barcode": null,
    "shop": "Woolworths",
    "weight": "100ML",
    "prices": [
      {
        "state": "NSW",
        "price": "24000",
        "price_per_unit": "48000",
        "price_unit": "ML"
      },
      {
        "state": "VIC",
        "price": "24000",
        "price_per_unit": "48000",
        "price_unit": "ML"
      },
      {
        "state": "QLD",
        "price": "24000",
        "price_per_unit": "48000",
        "price_unit": "ML"
      },
      {
        "state": "WA",
        "price": "24000",
        "price_per_unit": "48000",
        "price_unit": "ML"
      },
      {
        "state": "SA",
        "price": "24000",
        "price_per_unit": "48000",
        "price_unit": "ML"
      },
      {
        "state": "TAS",
        "price": "24000",
        "price_per_unit": "48000",
        "price_unit": "ML"
      },
      {
        "state": "ACT",
        "price": "24000",
        "price_per_unit": "48000",
        "price_unit": "ML"
      },
      {
        "state": "NT",
        "price": "24000",
        "price_per_unit": "48000",
        "price_unit": "ML"
      }
    ]
  },
  {
    "source_url": "https://www.woolworths.com.au/shop/productdetails/1074650433/christian-dior-capture-totale-c-e-l-l-energy-super-potent-rich-creme-50ml-1-7oz",
    "name": "Christian Dior Capture Totale C.E.L.L. Energy Super Potent Rich Creme 50ml/1.7oz",
    "image_url": "https://cdn1.woolworths.media/content/wowproductimages/large/1074650433.jpg",
    "source_id": "Woolworths - 1074650433",
    "barcode": null,
    "shop": "Woolworths",
    "weight": "100ML",
    "prices": [
      {
        "state": "NSW",
        "price": "22000",
        "price_per_unit": "44000",
        "price_unit": "ML"
      },
      {
        "state": "VIC",
        "price": "22000",
        "price_per_unit": "44000",
        "price_unit": "ML"
      },
      {
        "state": "QLD",
        "price": "22000",
        "price_per_unit": "44000",
        "price_unit": "ML"
      },
      {
        "state": "WA",
        "price": "22000",
        "price_per_unit": "44000",
        "price_unit": "ML"
      },
      {
        "state": "SA",
        "price": "22000",
        "price_per_unit": "44000",
        "price_unit": "ML"
      },
      {
        "state": "TAS",
        "price": "22000",
        "price_per_unit": "44000",
        "price_unit": "ML"
      },
      {
        "state": "ACT",
        "price": "22000",
        "price_per_unit": "44000",
        "price_unit": "ML"
      },
      {
        "state": "NT",
        "price": "22000",
        "price_per_unit": "44000",
        "price_unit": "ML"
      }
    ]
  },
  {
    "source_url": "https://www.woolworths.com.au/shop/productdetails/1074650456/christian-dior-hydra-life-deep-hydration-sorbet-water-essence-40ml-1-3oz",
    "name": "Christian Dior Hydra Life Deep Hydration - Sorbet Water Essence 40ml/1.3oz",
    "image_url": "https://cdn1.woolworths.media/content/wowproductimages/large/1074650456.jpg",
    "source_id": "Woolworths - 1074650456",
    "barcode": null,
    "shop": "Woolworths",
    "weight": "100ML",
    "prices": [
      {
        "state": "NSW",
        "price": "11400",
        "price_per_unit": "28500",
        "price_unit": "ML"
      },
      {
        "state": "VIC",
        "price": "11400",
        "price_per_unit": "28500",
        "price_unit": "ML"
      },
      {
        "state": "QLD",
        "price": "11400",
        "price_per_unit": "28500",
        "price_unit": "ML"
      },
      {
        "state": "WA",
        "price": "11400",
        "price_per_unit": "28500",
        "price_unit": "ML"
      },
      {
        "state": "SA",
        "price": "11400",
        "price_per_unit": "28500",
        "price_unit": "ML"
      },
      {
        "state": "TAS",
        "price": "11400",
        "price_per_unit": "28500",
        "price_unit": "ML"
      },
      {
        "state": "ACT",
        "price": "11400",
        "price_per_unit": "28500",
        "price_unit": "ML"
      },
      {
        "state": "NT",
        "price": "11400",
        "price_per_unit": "28500",
        "price_unit": "ML"
      }
    ]
  },
  {
    "source_url": "https://www.woolworths.com.au/shop/productdetails/1074650457/christian-dior-hydra-life-fresh-sorbet-creme-50ml-1-7oz",
    "name": "Christian Dior Hydra Life Fresh Sorbet Creme 50ml/1.7oz",
    "image_url": "https://cdn1.woolworths.media/content/wowproductimages/large/1074650457.jpg",
    "source_id": "Woolworths - 1074650457",
    "barcode": null,
    "shop": "Woolworths",
    "weight": "100ML",
    "prices": [
      {
        "state": "NSW",
        "price": "13300",
        "price_per_unit": "26600",
        "price_unit": "ML"
      },
      {
        "state": "VIC",
        "price": "13300",
        "price_per_unit": "26600",
        "price_unit": "ML"
      },
      {
        "state": "QLD",
        "price": "13300",
        "price_per_unit": "26600",
        "price_unit": "ML"
      },
      {
        "state": "WA",
        "price": "13300",
        "price_per_unit": "26600",
        "price_unit": "ML"
      },
      {
        "state": "SA",
        "price": "13300",
        "price_per_unit": "26600",
        "price_unit": "ML"
      },
      {
        "state": "TAS",
        "price": "13300",
        "price_per_unit": "26600",
        "price_unit": "ML"
      },
      {
        "state": "ACT",
        "price": "13300",
        "price_per_unit": "26600",
        "price_unit": "ML"
      },
      {
        "state": "NT",
        "price": "13300",
        "price_per_unit": "26600",
        "price_unit": "ML"
      }
    ]
  },
  {
    "source_url": "https://www.woolworths.com.au/shop/productdetails/1075479258/cica-care-scar-treatment-silicone-gel-sheet-12cm-x-3cm-single-by-smith-nephew",
    "name": "Cica-Care Scar Treatment Silicone Gel Sheet 12cm x 3cm Single by Smith & Nephew",
    "image_url": "https://cdn1.woolworths.media/content/wowproductimages/large/1075479258.jpg",
    "source_id": "Woolworths - 1075479258",
    "barcode": null,
    "shop": "Woolworths",
    "weight": "1M",
    "prices": [
      {
        "state": "NSW",
        "price": "3995",
        "price_per_unit": "11097",
        "price_unit": "M"
      },
      {
        "state": "VIC",
        "price": "3995",
        "price_per_unit": "11097",
        "price_unit": "M"
      },
      {
        "state": "QLD",
        "price": "3995",
        "price_per_unit": "11097",
        "price_unit": "M"
      },
      {
        "state": "WA",
        "price": "3995",
        "price_per_unit": "11097",
        "price_unit": "M"
      },
      {
        "state": "SA",
        "price": "3995",
        "price_per_unit": "11097",
        "price_unit": "M"
      },
      {
        "state": "TAS",
        "price": "3995",
        "price_per_unit": "11097",
        "price_unit": "M"
      },
      {
        "state": "ACT",
        "price": "3995",
        "price_per_unit": "11097",
        "price_unit": "M"
      },
      {
        "state": "NT",
        "price": "3995",
        "price_per_unit": "11097",
        "price_unit": "M"
      }
    ]
  },
  {
    "source_url": "https://www.woolworths.com.au/shop/productdetails/1075481288/cica-care-scar-treatment-silicone-gel-sheet-12cm-x-6cm-single-by-smith-nephew",
    "name": "Cica-Care Scar Treatment Silicone Gel Sheet 12cm x 6cm Single by Smith & Nephew",
    "image_url": "https://cdn1.woolworths.media/content/wowproductimages/large/1075481288.jpg",
    "source_id": "Woolworths - 1075481288",
    "barcode": null,
    "shop": "Woolworths",
    "weight": "1M",
    "prices": [
      {
        "state": "NSW",
        "price": "9595",
        "price_per_unit": "13326",
        "price_unit": "M"
      },
      {
        "state": "VIC",
        "price": "9595",
        "price_per_unit": "13326",
        "price_unit": "M"
      },
      {
        "state": "QLD",
        "price": "9595",
        "price_per_unit": "13326",
        "price_unit": "M"
      },
      {
        "state": "WA",
        "price": "9595",
        "price_per_unit": "13326",
        "price_unit": "M"
      },
      {
        "state": "SA",
        "price": "9595",
        "price_per_unit": "13326",
        "price_unit": "M"
      },
      {
        "state": "TAS",
        "price": "9595",
        "price_per_unit": "13326",
        "price_unit": "M"
      },
      {
        "state": "ACT",
        "price": "9595",
        "price_per_unit": "13326",
        "price_unit": "M"
      },
      {
        "state": "NT",
        "price": "9595",
        "price_per_unit": "13326",
        "price_unit": "M"
      }
    ]
  },
  {
    "source_url": "https://www.woolworths.com.au/shop/productdetails/1074650461/clarins-after-sun-refreshing-after-sun-gel-for-face-body-150ml-5-1oz",
    "name": "Clarins After Sun Refreshing After Sun Gel - For Face & Body 150ml/5.1oz",
    "image_url": "https://cdn1.woolworths.media/content/wowproductimages/large/1074650461.jpg",
    "source_id": "Woolworths - 1074650461",
    "barcode": null,
    "shop": "Woolworths",
    "weight": "100ML",
    "prices": [
      {
        "state": "NSW",
        "price": "6000",
        "price_per_unit": "4000",
        "price_unit": "ML"
      },
      {
        "state": "VIC",
        "price": "6000",
        "price_per_unit": "4000",
        "price_unit": "ML"
      },
      {
        "state": "QLD",
        "price": "6000",
        "price_per_unit": "4000",
        "price_unit": "ML"
      },
      {
        "state": "WA",
        "price": "6000",
        "price_per_unit": "4000",
        "price_unit": "ML"
      },
      {
        "state": "SA",
        "price": "6000",
        "price_per_unit": "4000",
        "price_unit": "ML"
      },
      {
        "state": "TAS",
        "price": "6000",
        "price_per_unit": "4000",
        "price_unit": "ML"
      },
      {
        "state": "ACT",
        "price": "6000",
        "price_per_unit": "4000",
        "price_unit": "ML"
      },
      {
        "state": "NT",
        "price": "6000",
        "price_per_unit": "4000",
        "price_unit": "ML"
      }
    ]
  },
  {
    "source_url": "https://www.woolworths.com.au/shop/productdetails/1074650463/clarins-after-sun-soothing-after-sun-balm-for-face-body-150ml-5oz",
    "name": "Clarins After Sun Soothing After Sun Balm - For Face & Body 150ml/5oz",
    "image_url": "https://cdn1.woolworths.media/content/wowproductimages/large/1074650463.jpg",
    "source_id": "Woolworths - 1074650463",
    "barcode": null,
    "shop": "Woolworths",
    "weight": "100ML",
    "prices": [
      {
        "state": "NSW",
        "price": "6000",
        "price_per_unit": "4000",
        "price_unit": "ML"
      },
      {
        "state": "VIC",
        "price": "6000",
        "price_per_unit": "4000",
        "price_unit": "ML"
      },
      {
        "state": "QLD",
        "price": "6000",
        "price_per_unit": "4000",
        "price_unit": "ML"
      },
      {
        "state": "WA",
        "price": "6000",
        "price_per_unit": "4000",
        "price_unit": "ML"
      },
      {
        "state": "SA",
        "price": "6000",
        "price_per_unit": "4000",
        "price_unit": "ML"
      },
      {
        "state": "TAS",
        "price": "6000",
        "price_per_unit": "4000",
        "price_unit": "ML"
      },
      {
        "state": "ACT",
        "price": "6000",
        "price_per_unit": "4000",
        "price_unit": "ML"
      },
      {
        "state": "NT",
        "price": "6000",
        "price_per_unit": "4000",
        "price_unit": "ML"
      }
    ]
  },
  {
    "source_url": "https://www.woolworths.com.au/shop/productdetails/1075919202/clarins-body-partner-stretch-mark-expert-175ml",
    "name": "Clarins Body Partner Stretch Mark Expert 175ml",
    "image_url": "https://cdn1.woolworths.media/content/wowproductimages/large/1075919202.jpg",
    "source_id": "Woolworths - 1075919202",
    "barcode": null,
    "shop": "Woolworths",
    "weight": "100ML",
    "prices": [
      {
        "state": "NSW",
        "price": "8000",
        "price_per_unit": "4571",
        "price_unit": "ML"
      },
      {
        "state": "VIC",
        "price": "8000",
        "price_per_unit": "4571",
        "price_unit": "ML"
      },
      {
        "state": "QLD",
        "price": "8000",
        "price_per_unit": "4571",
        "price_unit": "ML"
      },
      {
        "state": "WA",
        "price": "8000",
        "price_per_unit": "4571",
        "price_unit": "ML"
      },
      {
        "state": "SA",
        "price": "8000",
        "price_per_unit": "4571",
        "price_unit": "ML"
      },
      {
        "state": "TAS",
        "price": "8000",
        "price_per_unit": "4571",
        "price_unit": "ML"
      },
      {
        "state": "ACT",
        "price": "8000",
        "price_per_unit": "4571",
        "price_unit": "ML"
      },
      {
        "state": "NT",
        "price": "8000",
        "price_per_unit": "4571",
        "price_unit": "ML"
      }
    ]
  },
  {
    "source_url": "https://www.woolworths.com.au/shop/productdetails/1074713734/clarins-body-partner-stretch-mark-expert-175ml-5-8oz",
    "name": "Clarins Body Partner Stretch Mark Expert 175ml/5.8oz",
    "image_url": "https://cdn1.woolworths.media/content/wowproductimages/large/1074713734.jpg",
    "source_id": "Woolworths - 1074713734",
    "barcode": null,
    "shop": "Woolworths",
    "weight": "100ML",
    "prices": [
      {
        "state": "NSW",
        "price": "9095",
        "price_per_unit": "5197",
        "price_unit": "ML"
      },
      {
        "state": "VIC",
        "price": "9095",
        "price_per_unit": "5197",
        "price_unit": "ML"
      },
      {
        "state": "QLD",
        "price": "9095",
        "price_per_unit": "5197",
        "price_unit": "ML"
      },
      {
        "state": "WA",
        "price": "9095",
        "price_per_unit": "5197",
        "price_unit": "ML"
      },
      {
        "state": "SA",
        "price": "9095",
        "price_per_unit": "5197",
        "price_unit": "ML"
      },
      {
        "state": "TAS",
        "price": "9095",
        "price_per_unit": "5197",
        "price_unit": "ML"
      },
      {
        "state": "ACT",
        "price": "9095",
        "price_per_unit": "5197",
        "price_unit": "ML"
      },
      {
        "state": "NT",
        "price": "9095",
        "price_per_unit": "5197",
        "price_unit": "ML"
      }
    ]
  },
  {
    "source_url": "https://www.woolworths.com.au/shop/productdetails/1074387619/clarins-eau-extraordinaire-revitalizing-silky-body-cream-200ml-6-7oz",
    "name": "Clarins Eau Extraordinaire Revitalizing Silky Body Cream 200ml/6.7oz",
    "image_url": "https://cdn1.woolworths.media/content/wowproductimages/large/1074387619.jpg",
    "source_id": "Woolworths - 1074387619",
    "barcode": null,
    "shop": "Woolworths",
    "weight": "100ML",
    "prices": [
      {
        "state": "NSW",
        "price": "7000",
        "price_per_unit": "3500",
        "price_unit": "ML"
      },
      {
        "state": "VIC",
        "price": "7000",
        "price_per_unit": "3500",
        "price_unit": "ML"
      },
      {
        "state": "QLD",
        "price": "7000",
        "price_per_unit": "3500",
        "price_unit": "ML"
      },
      {
        "state": "WA",
        "price": "7000",
        "price_per_unit": "3500",
        "price_unit": "ML"
      },
      {
        "state": "SA",
        "price": "7000",
        "price_per_unit": "3500",
        "price_unit": "ML"
      },
      {
        "state": "TAS",
        "price": "7000",
        "price_per_unit": "3500",
        "price_unit": "ML"
      },
      {
        "state": "ACT",
        "price": "7000",
        "price_per_unit": "3500",
        "price_unit": "ML"
      },
      {
        "state": "NT",
        "price": "7000",
        "price_per_unit": "3500",
        "price_unit": "ML"
      }
    ]
  },
  {
    "source_url": "https://www.woolworths.com.au/shop/productdetails/1074650500/clarins-extra-firming-jour-wrinkle-control-firming-day-comfort-cream-for-dry-skin-50ml-1-7oz",
    "name": "Clarins Extra Firming Jour Wrinkle Control, Firming Day Comfort Cream - For Dry Skin 50ml/1.7oz",
    "image_url": "https://cdn1.woolworths.media/content/wowproductimages/large/1074650500.jpg",
    "source_id": "Woolworths - 1074650500",
    "barcode": null,
    "shop": "Woolworths",
    "weight": "100ML",
    "prices": [
      {
        "state": "NSW",
        "price": "15500",
        "price_per_unit": "31000",
        "price_unit": "ML"
      },
      {
        "state": "VIC",
        "price": "15500",
        "price_per_unit": "31000",
        "price_unit": "ML"
      },
      {
        "state": "QLD",
        "price": "15500",
        "price_per_unit": "31000",
        "price_unit": "ML"
      },
      {
        "state": "WA",
        "price": "15500",
        "price_per_unit": "31000",
        "price_unit": "ML"
      },
      {
        "state": "SA",
        "price": "15500",
        "price_per_unit": "31000",
        "price_unit": "ML"
      },
      {
        "state": "TAS",
        "price": "15500",
        "price_per_unit": "31000",
        "price_unit": "ML"
      },
      {
        "state": "ACT",
        "price": "15500",
        "price_per_unit": "31000",
        "price_unit": "ML"
      },
      {
        "state": "NT",
        "price": "15500",
        "price_per_unit": "31000",
        "price_unit": "ML"
      }
    ]
  },
  {
    "source_url": "https://www.woolworths.com.au/shop/productdetails/1074650501/clarins-extra-firming-jour-wrinkle-control-firming-day-silky-cream-all-skin-types-50ml-1-7oz",
    "name": "Clarins Extra Firming Jour Wrinkle Control, Firming Day Silky Cream (All Skin Types) 50ml/1.7oz",
    "image_url": "https://cdn1.woolworths.media/content/wowproductimages/large/1074650501.jpg",
    "source_id": "Woolworths - 1074650501",
    "barcode": null,
    "shop": "Woolworths",
    "weight": "100ML",
    "prices": [
      {
        "state": "NSW",
        "price": "15500",
        "price_per_unit": "31000",
        "price_unit": "ML"
      },
      {
        "state": "VIC",
        "price": "15500",
        "price_per_unit": "31000",
        "price_unit": "ML"
      },
      {
        "state": "QLD",
        "price": "15500",
        "price_per_unit": "31000",
        "price_unit": "ML"
      },
      {
        "state": "WA",
        "price": "15500",
        "price_per_unit": "31000",
        "price_unit": "ML"
      },
      {
        "state": "SA",
        "price": "15500",
        "price_per_unit": "31000",
        "price_unit": "ML"
      },
      {
        "state": "TAS",
        "price": "15500",
        "price_per_unit": "31000",
        "price_unit": "ML"
      },
      {
        "state": "ACT",
        "price": "15500",
        "price_per_unit": "31000",
        "price_unit": "ML"
      },
      {
        "state": "NT",
        "price": "15500",
        "price_per_unit": "31000",
        "price_unit": "ML"
      }
    ]
  },
  {
    "source_url": "https://www.woolworths.com.au/shop/productdetails/1074650502/clarins-extra-firming-nuit-wrinkle-control-regenerating-night-silky-cream-all-skin-type-50ml-1-6oz",
    "name": "Clarins Extra Firming Nuit Wrinkle Control, Regenerating Night Silky Cream (All Skin Type) 50ml/1.6oz",
    "image_url": "https://cdn1.woolworths.media/content/wowproductimages/large/1074650502.jpg",
    "source_id": "Woolworths - 1074650502",
    "barcode": null,
    "shop": "Woolworths",
    "weight": "100ML",
    "prices": [
      {
        "state": "NSW",
        "price": "16200",
        "price_per_unit": "32400",
        "price_unit": "ML"
      },
      {
        "state": "VIC",
        "price": "16200",
        "price_per_unit": "32400",
        "price_unit": "ML"
      },
      {
        "state": "QLD",
        "price": "16200",
        "price_per_unit": "32400",
        "price_unit": "ML"
      },
      {
        "state": "WA",
        "price": "16200",
        "price_per_unit": "32400",
        "price_unit": "ML"
      },
      {
        "state": "SA",
        "price": "16200",
        "price_per_unit": "32400",
        "price_unit": "ML"
      },
      {
        "state": "TAS",
        "price": "16200",
        "price_per_unit": "32400",
        "price_unit": "ML"
      },
      {
        "state": "ACT",
        "price": "16200",
        "price_per_unit": "32400",
        "price_unit": "ML"
      },
      {
        "state": "NT",
        "price": "16200",
        "price_per_unit": "32400",
        "price_unit": "ML"
      }
    ]
  },
  {
    "source_url": "https://www.woolworths.com.au/shop/productdetails/1074650505/clarins-extra-firming-energy-radiance-boosting-wrinkle-control-day-cream-50ml-1-7oz",
    "name": "Clarins Extra-Firming Energy Radiance-Boosting, Wrinkle-Control Day Cream 50ml/1.7oz",
    "image_url": "https://cdn1.woolworths.media/content/wowproductimages/large/1074650505.jpg",
    "source_id": "Woolworths - 1074650505",
    "barcode": null,
    "shop": "Woolworths",
    "weight": "100ML",
    "prices": [
      {
        "state": "NSW",
        "price": "12100",
        "price_per_unit": "24200",
        "price_unit": "ML"
      },
      {
        "state": "VIC",
        "price": "12100",
        "price_per_unit": "24200",
        "price_unit": "ML"
      },
      {
        "state": "QLD",
        "price": "12100",
        "price_per_unit": "24200",
        "price_unit": "ML"
      },
      {
        "state": "WA",
        "price": "12100",
        "price_per_unit": "24200",
        "price_unit": "ML"
      },
      {
        "state": "SA",
        "price": "12100",
        "price_per_unit": "24200",
        "price_unit": "ML"
      },
      {
        "state": "TAS",
        "price": "12100",
        "price_per_unit": "24200",
        "price_unit": "ML"
      },
      {
        "state": "ACT",
        "price": "12100",
        "price_per_unit": "24200",
        "price_unit": "ML"
      },
      {
        "state": "NT",
        "price": "12100",
        "price_per_unit": "24200",
        "price_unit": "ML"
      }
    ]
  },
  {
    "source_url": "https://www.woolworths.com.au/shop/productdetails/1074650506/clarins-extra-firming-jour-wrinkle-control-firming-day-cream-all-skin-types-50ml-1-7oz",
    "name": "Clarins Extra-Firming Jour Wrinkle Control, Firming Day Cream - All Skin Types 50ml/1.7oz",
    "image_url": "https://cdn1.woolworths.media/content/wowproductimages/large/1074650506.jpg",
    "source_id": "Woolworths - 1074650506",
    "barcode": null,
    "shop": "Woolworths",
    "weight": "100ML",
    "prices": [
      {
        "state": "NSW",
        "price": "11200",
        "price_per_unit": "22400",
        "price_unit": "ML"
      },
      {
        "state": "VIC",
        "price": "11200",
        "price_per_unit": "22400",
        "price_unit": "ML"
      },
      {
        "state": "QLD",
        "price": "11200",
        "price_per_unit": "22400",
        "price_unit": "ML"
      },
      {
        "state": "WA",
        "price": "11200",
        "price_per_unit": "22400",
        "price_unit": "ML"
      },
      {
        "state": "SA",
        "price": "11200",
        "price_per_unit": "22400",
        "price_unit": "ML"
      },
      {
        "state": "TAS",
        "price": "11200",
        "price_per_unit": "22400",
        "price_unit": "ML"
      },
      {
        "state": "ACT",
        "price": "11200",
        "price_per_unit": "22400",
        "price_unit": "ML"
      },
      {
        "state": "NT",
        "price": "11200",
        "price_per_unit": "22400",
        "price_unit": "ML"
      }
    ]
  },
  {
    "source_url": "https://www.woolworths.com.au/shop/productdetails/1075470799/clarins-extra-firming-neck-decollete-care-75ml-2-5oz",
    "name": "Clarins Extra-Firming Neck & Decollete Care 75ml/2.5oz",
    "image_url": "https://cdn1.woolworths.media/content/wowproductimages/large/1075470799.jpg",
    "source_id": "Woolworths - 1075470799",
    "barcode": null,
    "shop": "Woolworths",
    "weight": "100ML",
    "prices": [
      {
        "state": "NSW",
        "price": "12100",
        "price_per_unit": "16133",
        "price_unit": "ML"
      },
      {
        "state": "VIC",
        "price": "12100",
        "price_per_unit": "16133",
        "price_unit": "ML"
      },
      {
        "state": "QLD",
        "price": "12100",
        "price_per_unit": "16133",
        "price_unit": "ML"
      },
      {
        "state": "WA",
        "price": "12100",
        "price_per_unit": "16133",
        "price_unit": "ML"
      },
      {
        "state": "SA",
        "price": "12100",
        "price_per_unit": "16133",
        "price_unit": "ML"
      },
      {
        "state": "TAS",
        "price": "12100",
        "price_per_unit": "16133",
        "price_unit": "ML"
      },
      {
        "state": "ACT",
        "price": "12100",
        "price_per_unit": "16133",
        "price_unit": "ML"
      },
      {
        "state": "NT",
        "price": "12100",
        "price_per_unit": "16133",
        "price_unit": "ML"
      }
    ]
  },
  {
    "source_url": "https://www.woolworths.com.au/shop/productdetails/1074650509/clarins-extra-firming-nuit-wrinkle-control-regenerating-night-cream-all-skin-types-50ml-1-6oz",
    "name": "Clarins Extra-Firming Nuit Wrinkle Control, Regenerating Night Cream - All Skin Types 50ml/1.6oz",
    "image_url": "https://cdn1.woolworths.media/content/wowproductimages/large/1074650509.jpg",
    "source_id": "Woolworths - 1074650509",
    "barcode": null,
    "shop": "Woolworths",
    "weight": "100ML",
    "prices": [
      {
        "state": "NSW",
        "price": "11500",
        "price_per_unit": "23000",
        "price_unit": "ML"
      },
      {
        "state": "VIC",
        "price": "11500",
        "price_per_unit": "23000",
        "price_unit": "ML"
      },
      {
        "state": "QLD",
        "price": "11500",
        "price_per_unit": "23000",
        "price_unit": "ML"
      },
      {
        "state": "WA",
        "price": "11500",
        "price_per_unit": "23000",
        "price_unit": "ML"
      },
      {
        "state": "SA",
        "price": "11500",
        "price_per_unit": "23000",
        "price_unit": "ML"
      },
      {
        "state": "TAS",
        "price": "11500",
        "price_per_unit": "23000",
        "price_unit": "ML"
      },
      {
        "state": "ACT",
        "price": "11500",
        "price_per_unit": "23000",
        "price_unit": "ML"
      },
      {
        "state": "NT",
        "price": "11500",
        "price_per_unit": "23000",
        "price_unit": "ML"
      }
    ]
  },
  {
    "source_url": "https://www.woolworths.com.au/shop/productdetails/1075474556/clarins-extra-firming-nuit-wrinkle-control-regenerating-night-rich-cream-for-dry-skin-50ml-1-6oz",
    "name": "Clarins Extra-Firming Nuit Wrinkle Control, Regenerating Night Rich Cream - For Dry Skin 50ml/1.6oz",
    "image_url": "https://cdn1.woolworths.media/content/wowproductimages/large/1075474556.jpg",
    "source_id": "Woolworths - 1075474556",
    "barcode": null,
    "shop": "Woolworths",
    "weight": "100ML",
    "prices": [
      {
        "state": "NSW",
        "price": "14000",
        "price_per_unit": "28000",
        "price_unit": "ML"
      },
      {
        "state": "VIC",
        "price": "14000",
        "price_per_unit": "28000",
        "price_unit": "ML"
      },
      {
        "state": "QLD",
        "price": "14000",
        "price_per_unit": "28000",
        "price_unit": "ML"
      },
      {
        "state": "WA",
        "price": "14000",
        "price_per_unit": "28000",
        "price_unit": "ML"
      },
      {
        "state": "SA",
        "price": "14000",
        "price_per_unit": "28000",
        "price_unit": "ML"
      },
      {
        "state": "TAS",
        "price": "14000",
        "price_per_unit": "28000",
        "price_unit": "ML"
      },
      {
        "state": "ACT",
        "price": "14000",
        "price_per_unit": "28000",
        "price_unit": "ML"
      },
      {
        "state": "NT",
        "price": "14000",
        "price_per_unit": "28000",
        "price_unit": "ML"
      }
    ]
  },
  {
    "source_url": "https://www.woolworths.com.au/shop/productdetails/1074650528/clarins-hydra-essentiel-ha-plumps-moisturizes-and-quenches-night-cream-for-all-skin-50ml-1-7oz",
    "name": "Clarins Hydra-Essentiel [HA²] Plumps, Moisturizes And Quenches Night Cream (For All Skin) 50ml/1.7oz",
    "image_url": "https://cdn1.woolworths.media/content/wowproductimages/large/1074650528.jpg",
    "source_id": "Woolworths - 1074650528",
    "barcode": null,
    "shop": "Woolworths",
    "weight": "100ML",
    "prices": [
      {
        "state": "NSW",
        "price": "8400",
        "price_per_unit": "16800",
        "price_unit": "ML"
      },
      {
        "state": "VIC",
        "price": "8400",
        "price_per_unit": "16800",
        "price_unit": "ML"
      },
      {
        "state": "QLD",
        "price": "8400",
        "price_per_unit": "16800",
        "price_unit": "ML"
      },
      {
        "state": "WA",
        "price": "8400",
        "price_per_unit": "16800",
        "price_unit": "ML"
      },
      {
        "state": "SA",
        "price": "8400",
        "price_per_unit": "16800",
        "price_unit": "ML"
      },
      {
        "state": "TAS",
        "price": "8400",
        "price_per_unit": "16800",
        "price_unit": "ML"
      },
      {
        "state": "ACT",
        "price": "8400",
        "price_per_unit": "16800",
        "price_unit": "ML"
      },
      {
        "state": "NT",
        "price": "8400",
        "price_per_unit": "16800",
        "price_unit": "ML"
      }
    ]
  },
  {
    "source_url": "https://www.woolworths.com.au/shop/productdetails/1074713293/clarins-moisture-rich-body-lotion-with-shea-butter-for-dry-skin-200ml-7oz",
    "name": "Clarins Moisture Rich Body Lotion with Shea Butter - For Dry Skin 200ml/7oz",
    "image_url": "https://cdn1.woolworths.media/content/wowproductimages/large/1074713293.jpg",
    "source_id": "Woolworths - 1074713293",
    "barcode": null,
    "shop": "Woolworths",
    "weight": "100ML",
    "prices": [
      {
        "state": "NSW",
        "price": "7195",
        "price_per_unit": "3598",
        "price_unit": "ML"
      },
      {
        "state": "VIC",
        "price": "7195",
        "price_per_unit": "3598",
        "price_unit": "ML"
      },
      {
        "state": "QLD",
        "price": "7195",
        "price_per_unit": "3598",
        "price_unit": "ML"
      },
      {
        "state": "WA",
        "price": "7195",
        "price_per_unit": "3598",
        "price_unit": "ML"
      },
      {
        "state": "SA",
        "price": "7195",
        "price_per_unit": "3598",
        "price_unit": "ML"
      },
      {
        "state": "TAS",
        "price": "7195",
        "price_per_unit": "3598",
        "price_unit": "ML"
      },
      {
        "state": "ACT",
        "price": "7195",
        "price_per_unit": "3598",
        "price_unit": "ML"
      },
      {
        "state": "NT",
        "price": "7195",
        "price_per_unit": "3598",
        "price_unit": "ML"
      }
    ]
  },
  {
    "source_url": "https://www.woolworths.com.au/shop/productdetails/1075594339/clarins-multi-active-nuit-niacinamide-sea-holly-extract-skin-renewing-line-smoothing-night-cream-dry-skin-50ml-1-7oz",
    "name": "Clarins Multi-Active Nuit (Niacinamide + Sea Holly Extract) Skin Renewing Line-Smoothing Night Cream Dry Skin 50ml/1.7oz",
    "image_url": "https://cdn1.woolworths.media/content/wowproductimages/large/1075594339.jpg",
    "source_id": "Woolworths - 1075594339",
    "barcode": null,
    "shop": "Woolworths",
    "weight": "100ML",
    "prices": [
      {
        "state": "NSW",
        "price": "8800",
        "price_per_unit": "17600",
        "price_unit": "ML"
      },
      {
        "state": "VIC",
        "price": "8800",
        "price_per_unit": "17600",
        "price_unit": "ML"
      },
      {
        "state": "QLD",
        "price": "8800",
        "price_per_unit": "17600",
        "price_unit": "ML"
      },
      {
        "state": "WA",
        "price": "8800",
        "price_per_unit": "17600",
        "price_unit": "ML"
      },
      {
        "state": "SA",
        "price": "8800",
        "price_per_unit": "17600",
        "price_unit": "ML"
      },
      {
        "state": "TAS",
        "price": "8800",
        "price_per_unit": "17600",
        "price_unit": "ML"
      },
      {
        "state": "ACT",
        "price": "8800",
        "price_per_unit": "17600",
        "price_unit": "ML"
      },
      {
        "state": "NT",
        "price": "8800",
        "price_per_unit": "17600",
        "price_unit": "ML"
      }
    ]
  },
  {
    "source_url": "https://www.woolworths.com.au/shop/productdetails/1074650584/clarins-nutri-lumiere-revive-skin-tone-enhancing-revitalizing-day-cream-50ml-1-7oz",
    "name": "Clarins Nutri-Lumiere Revive Skin Tone Enhancing, Revitalizing Day Cream 50ml/1.7oz",
    "image_url": "https://cdn1.woolworths.media/content/wowproductimages/large/1074650584.jpg",
    "source_id": "Woolworths - 1074650584",
    "barcode": null,
    "shop": "Woolworths",
    "weight": "100ML",
    "prices": [
      {
        "state": "NSW",
        "price": "18000",
        "price_per_unit": "36000",
        "price_unit": "ML"
      },
      {
        "state": "VIC",
        "price": "18000",
        "price_per_unit": "36000",
        "price_unit": "ML"
      },
      {
        "state": "QLD",
        "price": "18000",
        "price_per_unit": "36000",
        "price_unit": "ML"
      },
      {
        "state": "WA",
        "price": "18000",
        "price_per_unit": "36000",
        "price_unit": "ML"
      },
      {
        "state": "SA",
        "price": "18000",
        "price_per_unit": "36000",
        "price_unit": "ML"
      },
      {
        "state": "TAS",
        "price": "18000",
        "price_per_unit": "36000",
        "price_unit": "ML"
      },
      {
        "state": "ACT",
        "price": "18000",
        "price_per_unit": "36000",
        "price_unit": "ML"
      },
      {
        "state": "NT",
        "price": "18000",
        "price_per_unit": "36000",
        "price_unit": "ML"
      }
    ]
  },
  {
    "source_url": "https://www.woolworths.com.au/shop/productdetails/1074650589/clarins-purifying-toning-lotion-with-meadowsweet-saffron-flower-extracts-combination-to-oily-skin-200ml-6-7oz",
    "name": "Clarins Purifying Toning Lotion with Meadowsweet & Saffron Flower Extracts - Combination to Oily Skin 200ml/6.7oz",
    "image_url": "https://cdn1.woolworths.media/content/wowproductimages/large/1074650589.jpg",
    "source_id": "Woolworths - 1074650589",
    "barcode": null,
    "shop": "Woolworths",
    "weight": "100ML",
    "prices": [
      {
        "state": "NSW",
        "price": "5100",
        "price_per_unit": "2550",
        "price_unit": "ML"
      },
      {
        "state": "VIC",
        "price": "5100",
        "price_per_unit": "2550",
        "price_unit": "ML"
      },
      {
        "state": "QLD",
        "price": "5100",
        "price_per_unit": "2550",
        "price_unit": "ML"
      },
      {
        "state": "WA",
        "price": "5100",
        "price_per_unit": "2550",
        "price_unit": "ML"
      },
      {
        "state": "SA",
        "price": "5100",
        "price_per_unit": "2550",
        "price_unit": "ML"
      },
      {
        "state": "TAS",
        "price": "5100",
        "price_per_unit": "2550",
        "price_unit": "ML"
      },
      {
        "state": "ACT",
        "price": "5100",
        "price_per_unit": "2550",
        "price_unit": "ML"
      },
      {
        "state": "NT",
        "price": "5100",
        "price_per_unit": "2550",
        "price_unit": "ML"
      }
    ]
  },
  {
    "source_url": "https://www.woolworths.com.au/shop/productdetails/1074650590/clarins-purifying-toning-lotion-with-meadowsweet-saffron-flower-extracts-combination-to-oily-skin-400ml-13-5oz",
    "name": "Clarins Purifying Toning Lotion with Meadowsweet & Saffron Flower Extracts - Combination to Oily Skin 400ml/13.5oz",
    "image_url": "https://cdn1.woolworths.media/content/wowproductimages/large/1074650590.jpg",
    "source_id": "Woolworths - 1074650590",
    "barcode": null,
    "shop": "Woolworths",
    "weight": "100ML",
    "prices": [
      {
        "state": "NSW",
        "price": "6300",
        "price_per_unit": "1575",
        "price_unit": "ML"
      },
      {
        "state": "VIC",
        "price": "6300",
        "price_per_unit": "1575",
        "price_unit": "ML"
      },
      {
        "state": "QLD",
        "price": "6300",
        "price_per_unit": "1575",
        "price_unit": "ML"
      },
      {
        "state": "WA",
        "price": "6300",
        "price_per_unit": "1575",
        "price_unit": "ML"
      },
      {
        "state": "SA",
        "price": "6300",
        "price_per_unit": "1575",
        "price_unit": "ML"
      },
      {
        "state": "TAS",
        "price": "6300",
        "price_per_unit": "1575",
        "price_unit": "ML"
      },
      {
        "state": "ACT",
        "price": "6300",
        "price_per_unit": "1575",
        "price_unit": "ML"
      },
      {
        "state": "NT",
        "price": "6300",
        "price_per_unit": "1575",
        "price_unit": "ML"
      }
    ]
  },
  {
    "source_url": "https://www.woolworths.com.au/shop/productdetails/1074650612/clarins-super-restorative-day-cream-for-very-dry-skin-50ml-1-7oz",
    "name": "Clarins Super Restorative Day Cream (For Very Dry Skin) 50ml/1.7oz",
    "image_url": "https://cdn1.woolworths.media/content/wowproductimages/large/1074650612.jpg",
    "source_id": "Woolworths - 1074650612",
    "barcode": null,
    "shop": "Woolworths",
    "weight": "100ML",
    "prices": [
      {
        "state": "NSW",
        "price": "17200",
        "price_per_unit": "34400",
        "price_unit": "ML"
      },
      {
        "state": "VIC",
        "price": "17200",
        "price_per_unit": "34400",
        "price_unit": "ML"
      },
      {
        "state": "QLD",
        "price": "17200",
        "price_per_unit": "34400",
        "price_unit": "ML"
      },
      {
        "state": "WA",
        "price": "17200",
        "price_per_unit": "34400",
        "price_unit": "ML"
      },
      {
        "state": "SA",
        "price": "17200",
        "price_per_unit": "34400",
        "price_unit": "ML"
      },
      {
        "state": "TAS",
        "price": "17200",
        "price_per_unit": "34400",
        "price_unit": "ML"
      },
      {
        "state": "ACT",
        "price": "17200",
        "price_per_unit": "34400",
        "price_unit": "ML"
      },
      {
        "state": "NT",
        "price": "17200",
        "price_per_unit": "34400",
        "price_unit": "ML"
      }
    ]
  },
  {
    "source_url": "https://www.woolworths.com.au/shop/productdetails/1074650616/clarins-super-restorative-night-age-spot-correcting-replenishing-cream-50ml-1-6oz",
    "name": "Clarins Super Restorative Night Age Spot Correcting Replenishing Cream 50ml/1.6oz",
    "image_url": "https://cdn1.woolworths.media/content/wowproductimages/large/1074650616.jpg",
    "source_id": "Woolworths - 1074650616",
    "barcode": null,
    "shop": "Woolworths",
    "weight": "100ML",
    "prices": [
      {
        "state": "NSW",
        "price": "18600",
        "price_per_unit": "37200",
        "price_unit": "ML"
      },
      {
        "state": "VIC",
        "price": "18600",
        "price_per_unit": "37200",
        "price_unit": "ML"
      },
      {
        "state": "QLD",
        "price": "18600",
        "price_per_unit": "37200",
        "price_unit": "ML"
      },
      {
        "state": "WA",
        "price": "18600",
        "price_per_unit": "37200",
        "price_unit": "ML"
      },
      {
        "state": "SA",
        "price": "18600",
        "price_per_unit": "37200",
        "price_unit": "ML"
      },
      {
        "state": "TAS",
        "price": "18600",
        "price_per_unit": "37200",
        "price_unit": "ML"
      },
      {
        "state": "ACT",
        "price": "18600",
        "price_per_unit": "37200",
        "price_unit": "ML"
      },
      {
        "state": "NT",
        "price": "18600",
        "price_per_unit": "37200",
        "price_unit": "ML"
      }
    ]
  },
  {
    "source_url": "https://www.woolworths.com.au/shop/productdetails/1074650652/cle-de-peau-radiant-multi-repair-oil-75ml-2-5oz",
    "name": "Cle De Peau Radiant Multi Repair Oil 75ml/2.5oz",
    "image_url": "https://cdn1.woolworths.media/content/wowproductimages/large/1074650652.jpg",
    "source_id": "Woolworths - 1074650652",
    "barcode": null,
    "shop": "Woolworths",
    "weight": "100ML",
    "prices": [
      {
        "state": "NSW",
        "price": "22600",
        "price_per_unit": "30133",
        "price_unit": "ML"
      },
      {
        "state": "VIC",
        "price": "22600",
        "price_per_unit": "30133",
        "price_unit": "ML"
      },
      {
        "state": "QLD",
        "price": "22600",
        "price_per_unit": "30133",
        "price_unit": "ML"
      },
      {
        "state": "WA",
        "price": "22600",
        "price_per_unit": "30133",
        "price_unit": "ML"
      },
      {
        "state": "SA",
        "price": "22600",
        "price_per_unit": "30133",
        "price_unit": "ML"
      },
      {
        "state": "TAS",
        "price": "22600",
        "price_per_unit": "30133",
        "price_unit": "ML"
      },
      {
        "state": "ACT",
        "price": "22600",
        "price_per_unit": "30133",
        "price_unit": "ML"
      },
      {
        "state": "NT",
        "price": "22600",
        "price_per_unit": "30133",
        "price_unit": "ML"
      }
    ]
  },
  {
    "source_url": "https://www.woolworths.com.au/shop/productdetails/1075346817/clemence-organics-tone-hydrate-spritz-100ml",
    "name": "Clemence Organics Tone + Hydrate Spritz 100ml",
    "image_url": "https://cdn1.woolworths.media/content/wowproductimages/large/1075346817.jpg",
    "source_id": "Woolworths - 1075346817",
    "barcode": null,
    "shop": "Woolworths",
    "weight": "100ML",
    "prices": [
      {
        "state": "NSW",
        "price": "5499",
        "price_per_unit": "5499",
        "price_unit": "ML"
      },
      {
        "state": "VIC",
        "price": "5499",
        "price_per_unit": "5499",
        "price_unit": "ML"
      },
      {
        "state": "QLD",
        "price": "5499",
        "price_per_unit": "5499",
        "price_unit": "ML"
      },
      {
        "state": "WA",
        "price": "5499",
        "price_per_unit": "5499",
        "price_unit": "ML"
      },
      {
        "state": "SA",
        "price": "5499",
        "price_per_unit": "5499",
        "price_unit": "ML"
      },
      {
        "state": "TAS",
        "price": "5499",
        "price_per_unit": "5499",
        "price_unit": "ML"
      },
      {
        "state": "ACT",
        "price": "5499",
        "price_per_unit": "5499",
        "price_unit": "ML"
      },
      {
        "state": "NT",
        "price": "5499",
        "price_per_unit": "5499",
        "price_unit": "ML"
      }
    ]
  },
  {
    "source_url": "https://www.woolworths.com.au/shop/productdetails/1075346565/clemence-organics-ultimate-hand-body-lotion-250ml",
    "name": "Clemence Organics Ultimate Hand Body Lotion 250ml",
    "image_url": "https://cdn1.woolworths.media/content/wowproductimages/large/1075346565.jpg",
    "source_id": "Woolworths - 1075346565",
    "barcode": null,
    "shop": "Woolworths",
    "weight": "100ML",
    "prices": [
      {
        "state": "NSW",
        "price": "12499",
        "price_per_unit": "5000",
        "price_unit": "ML"
      },
      {
        "state": "VIC",
        "price": "12499",
        "price_per_unit": "5000",
        "price_unit": "ML"
      },
      {
        "state": "QLD",
        "price": "12499",
        "price_per_unit": "5000",
        "price_unit": "ML"
      },
      {
        "state": "WA",
        "price": "12499",
        "price_per_unit": "5000",
        "price_unit": "ML"
      },
      {
        "state": "SA",
        "price": "12499",
        "price_per_unit": "5000",
        "price_unit": "ML"
      },
      {
        "state": "TAS",
        "price": "12499",
        "price_per_unit": "5000",
        "price_unit": "ML"
      },
      {
        "state": "ACT",
        "price": "12499",
        "price_per_unit": "5000",
        "price_unit": "ML"
      },
      {
        "state": "NT",
        "price": "12499",
        "price_per_unit": "5000",
        "price_unit": "ML"
      }
    ]
  },
  {
    "source_url": "https://www.woolworths.com.au/shop/productdetails/1075346454/clemence-organics-ultimate-sos-balm-60ml",
    "name": "Clemence Organics Ultimate Sos Balm 60ml",
    "image_url": "https://cdn1.woolworths.media/content/wowproductimages/large/1075346454.jpg",
    "source_id": "Woolworths - 1075346454",
    "barcode": null,
    "shop": "Woolworths",
    "weight": "100ML",
    "prices": [
      {
        "state": "NSW",
        "price": "5999",
        "price_per_unit": "9998",
        "price_unit": "ML"
      },
      {
        "state": "VIC",
        "price": "5999",
        "price_per_unit": "9998",
        "price_unit": "ML"
      },
      {
        "state": "QLD",
        "price": "5999",
        "price_per_unit": "9998",
        "price_unit": "ML"
      },
      {
        "state": "WA",
        "price": "5999",
        "price_per_unit": "9998",
        "price_unit": "ML"
      },
      {
        "state": "SA",
        "price": "5999",
        "price_per_unit": "9998",
        "price_unit": "ML"
      },
      {
        "state": "TAS",
        "price": "5999",
        "price_per_unit": "9998",
        "price_unit": "ML"
      },
      {
        "state": "ACT",
        "price": "5999",
        "price_per_unit": "9998",
        "price_unit": "ML"
      },
      {
        "state": "NT",
        "price": "5999",
        "price_per_unit": "9998",
        "price_unit": "ML"
      }
    ]
  },
  {
    "source_url": "https://www.woolworths.com.au/shop/productdetails/1074131926/clinique-clarifying-lotion-1-200ml-6-7oz",
    "name": "Clinique Clarifying Lotion 1 200ml/6.7oz",
    "image_url": "https://cdn1.woolworths.media/content/wowproductimages/large/1074131926.jpg",
    "source_id": "Woolworths - 1074131926",
    "barcode": null,
    "shop": "Woolworths",
    "weight": "100ML",
    "prices": [
      {
        "state": "NSW",
        "price": "8690",
        "price_per_unit": "4345",
        "price_unit": "ML"
      },
      {
        "state": "VIC",
        "price": "8690",
        "price_per_unit": "4345",
        "price_unit": "ML"
      },
      {
        "state": "QLD",
        "price": "8690",
        "price_per_unit": "4345",
        "price_unit": "ML"
      },
      {
        "state": "WA",
        "price": "8690",
        "price_per_unit": "4345",
        "price_unit": "ML"
      },
      {
        "state": "SA",
        "price": "8690",
        "price_per_unit": "4345",
        "price_unit": "ML"
      },
      {
        "state": "TAS",
        "price": "8690",
        "price_per_unit": "4345",
        "price_unit": "ML"
      },
      {
        "state": "ACT",
        "price": "8690",
        "price_per_unit": "4345",
        "price_unit": "ML"
      },
      {
        "state": "NT",
        "price": "8690",
        "price_per_unit": "4345",
        "price_unit": "ML"
      }
    ]
  },
  {
    "source_url": "https://www.woolworths.com.au/shop/productdetails/1074131927/clinique-clarifying-lotion-1-0-alcohol-free-for-very-dry-to-dry-skin-200ml",
    "name": "Clinique Clarifying Lotion 1.0 Alcohol Free - For Very Dry To Dry Skin 200ml",
    "image_url": "https://cdn1.woolworths.media/content/wowproductimages/large/1074131927.jpg",
    "source_id": "Woolworths - 1074131927",
    "barcode": null,
    "shop": "Woolworths",
    "weight": "100ML",
    "prices": [
      {
        "state": "NSW",
        "price": "9350",
        "price_per_unit": "4675",
        "price_unit": "ML"
      },
      {
        "state": "VIC",
        "price": "9350",
        "price_per_unit": "4675",
        "price_unit": "ML"
      },
      {
        "state": "QLD",
        "price": "9350",
        "price_per_unit": "4675",
        "price_unit": "ML"
      },
      {
        "state": "WA",
        "price": "9350",
        "price_per_unit": "4675",
        "price_unit": "ML"
      },
      {
        "state": "SA",
        "price": "9350",
        "price_per_unit": "4675",
        "price_unit": "ML"
      },
      {
        "state": "TAS",
        "price": "9350",
        "price_per_unit": "4675",
        "price_unit": "ML"
      },
      {
        "state": "ACT",
        "price": "9350",
        "price_per_unit": "4675",
        "price_unit": "ML"
      },
      {
        "state": "NT",
        "price": "9350",
        "price_per_unit": "4675",
        "price_unit": "ML"
      }
    ]
  },
  {
    "source_url": "https://www.woolworths.com.au/shop/productdetails/1074131928/clinique-clarifying-lotion-2-200ml-6-7oz",
    "name": "Clinique Clarifying Lotion 2 200ml/6.7oz",
    "image_url": "https://cdn1.woolworths.media/content/wowproductimages/large/1074131928.jpg",
    "source_id": "Woolworths - 1074131928",
    "barcode": null,
    "shop": "Woolworths",
    "weight": "100ML",
    "prices": [
      {
        "state": "NSW",
        "price": "8800",
        "price_per_unit": "4400",
        "price_unit": "ML"
      },
      {
        "state": "VIC",
        "price": "8800",
        "price_per_unit": "4400",
        "price_unit": "ML"
      },
      {
        "state": "QLD",
        "price": "8800",
        "price_per_unit": "4400",
        "price_unit": "ML"
      },
      {
        "state": "WA",
        "price": "8800",
        "price_per_unit": "4400",
        "price_unit": "ML"
      },
      {
        "state": "SA",
        "price": "8800",
        "price_per_unit": "4400",
        "price_unit": "ML"
      },
      {
        "state": "TAS",
        "price": "8800",
        "price_per_unit": "4400",
        "price_unit": "ML"
      },
      {
        "state": "ACT",
        "price": "8800",
        "price_per_unit": "4400",
        "price_unit": "ML"
      },
      {
        "state": "NT",
        "price": "8800",
        "price_per_unit": "4400",
        "price_unit": "ML"
      }
    ]
  },
  {
    "source_url": "https://www.woolworths.com.au/shop/productdetails/1074650688/clinique-clarifying-lotion-2-400ml-13-5oz",
    "name": "Clinique Clarifying Lotion 2 400ml/13.5oz",
    "image_url": "https://cdn1.woolworths.media/content/wowproductimages/large/1074650688.jpg",
    "source_id": "Woolworths - 1074650688",
    "barcode": null,
    "shop": "Woolworths",
    "weight": "100ML",
    "prices": [
      {
        "state": "NSW",
        "price": "6400",
        "price_per_unit": "1600",
        "price_unit": "ML"
      },
      {
        "state": "VIC",
        "price": "6400",
        "price_per_unit": "1600",
        "price_unit": "ML"
      },
      {
        "state": "QLD",
        "price": "6400",
        "price_per_unit": "1600",
        "price_unit": "ML"
      },
      {
        "state": "WA",
        "price": "6400",
        "price_per_unit": "1600",
        "price_unit": "ML"
      },
      {
        "state": "SA",
        "price": "6400",
        "price_per_unit": "1600",
        "price_unit": "ML"
      },
      {
        "state": "TAS",
        "price": "6400",
        "price_per_unit": "1600",
        "price_unit": "ML"
      },
      {
        "state": "ACT",
        "price": "6400",
        "price_per_unit": "1600",
        "price_unit": "ML"
      },
      {
        "state": "NT",
        "price": "6400",
        "price_per_unit": "1600",
        "price_unit": "ML"
      }
    ]
  },
  {
    "source_url": "https://www.woolworths.com.au/shop/productdetails/1074131929/clinique-clarifying-lotion-3-200ml-6-7oz",
    "name": "Clinique Clarifying Lotion 3 200ml/6.7oz",
    "image_url": "https://cdn1.woolworths.media/content/wowproductimages/large/1074131929.jpg",
    "source_id": "Woolworths - 1074131929",
    "barcode": null,
    "shop": "Woolworths",
    "weight": "100ML",
    "prices": [
      {
        "state": "NSW",
        "price": "8800",
        "price_per_unit": "4400",
        "price_unit": "ML"
      },
      {
        "state": "VIC",
        "price": "8800",
        "price_per_unit": "4400",
        "price_unit": "ML"
      },
      {
        "state": "QLD",
        "price": "8800",
        "price_per_unit": "4400",
        "price_unit": "ML"
      },
      {
        "state": "WA",
        "price": "8800",
        "price_per_unit": "4400",
        "price_unit": "ML"
      },
      {
        "state": "SA",
        "price": "8800",
        "price_per_unit": "4400",
        "price_unit": "ML"
      },
      {
        "state": "TAS",
        "price": "8800",
        "price_per_unit": "4400",
        "price_unit": "ML"
      },
      {
        "state": "ACT",
        "price": "8800",
        "price_per_unit": "4400",
        "price_unit": "ML"
      },
      {
        "state": "NT",
        "price": "8800",
        "price_per_unit": "4400",
        "price_unit": "ML"
      }
    ]
  },
  {
    "source_url": "https://www.woolworths.com.au/shop/productdetails/1074650693/clinique-clarifying-lotion-4-200ml-6-7oz",
    "name": "Clinique Clarifying Lotion 4 200ml/6.7oz",
    "image_url": "https://cdn1.woolworths.media/content/wowproductimages/large/1074650693.jpg",
    "source_id": "Woolworths - 1074650693",
    "barcode": null,
    "shop": "Woolworths",
    "weight": "100ML",
    "prices": [
      {
        "state": "NSW",
        "price": "4800",
        "price_per_unit": "2400",
        "price_unit": "ML"
      },
      {
        "state": "VIC",
        "price": "4800",
        "price_per_unit": "2400",
        "price_unit": "ML"
      },
      {
        "state": "QLD",
        "price": "4800",
        "price_per_unit": "2400",
        "price_unit": "ML"
      },
      {
        "state": "WA",
        "price": "4800",
        "price_per_unit": "2400",
        "price_unit": "ML"
      },
      {
        "state": "SA",
        "price": "4800",
        "price_per_unit": "2400",
        "price_unit": "ML"
      },
      {
        "state": "TAS",
        "price": "4800",
        "price_per_unit": "2400",
        "price_unit": "ML"
      },
      {
        "state": "ACT",
        "price": "4800",
        "price_per_unit": "2400",
        "price_unit": "ML"
      },
      {
        "state": "NT",
        "price": "4800",
        "price_per_unit": "2400",
        "price_unit": "ML"
      }
    ]
  },
  {
    "source_url": "https://www.woolworths.com.au/shop/productdetails/1074650694/clinique-clarifying-lotion-4-400ml-13-4oz",
    "name": "Clinique Clarifying Lotion 4 400ml/13.4oz",
    "image_url": "https://cdn1.woolworths.media/content/wowproductimages/large/1074650694.jpg",
    "source_id": "Woolworths - 1074650694",
    "barcode": null,
    "shop": "Woolworths",
    "weight": "100ML",
    "prices": [
      {
        "state": "NSW",
        "price": "7000",
        "price_per_unit": "1750",
        "price_unit": "ML"
      },
      {
        "state": "VIC",
        "price": "7000",
        "price_per_unit": "1750",
        "price_unit": "ML"
      },
      {
        "state": "QLD",
        "price": "7000",
        "price_per_unit": "1750",
        "price_unit": "ML"
      },
      {
        "state": "WA",
        "price": "7000",
        "price_per_unit": "1750",
        "price_unit": "ML"
      },
      {
        "state": "SA",
        "price": "7000",
        "price_per_unit": "1750",
        "price_unit": "ML"
      },
      {
        "state": "TAS",
        "price": "7000",
        "price_per_unit": "1750",
        "price_unit": "ML"
      },
      {
        "state": "ACT",
        "price": "7000",
        "price_per_unit": "1750",
        "price_unit": "ML"
      },
      {
        "state": "NT",
        "price": "7000",
        "price_per_unit": "1750",
        "price_unit": "ML"
      }
    ]
  },
  {
    "source_url": "https://www.woolworths.com.au/shop/productdetails/1074650702/clinique-clinique-smart-night-clinical-md-multi-dimensional-repair-treatment-retinol-30ml-1oz",
    "name": "Clinique Clinique Smart Night Clinical MD Multi-Dimensional Repair Treatment Retinol 30ml/1oz",
    "image_url": "https://cdn1.woolworths.media/content/wowproductimages/large/1074650702.jpg",
    "source_id": "Woolworths - 1074650702",
    "barcode": null,
    "shop": "Woolworths",
    "weight": "100ML",
    "prices": [
      {
        "state": "NSW",
        "price": "11600",
        "price_per_unit": "38667",
        "price_unit": "ML"
      },
      {
        "state": "VIC",
        "price": "11600",
        "price_per_unit": "38667",
        "price_unit": "ML"
      },
      {
        "state": "QLD",
        "price": "11600",
        "price_per_unit": "38667",
        "price_unit": "ML"
      },
      {
        "state": "WA",
        "price": "11600",
        "price_per_unit": "38667",
        "price_unit": "ML"
      },
      {
        "state": "SA",
        "price": "11600",
        "price_per_unit": "38667",
        "price_unit": "ML"
      },
      {
        "state": "TAS",
        "price": "11600",
        "price_per_unit": "38667",
        "price_unit": "ML"
      },
      {
        "state": "ACT",
        "price": "11600",
        "price_per_unit": "38667",
        "price_unit": "ML"
      },
      {
        "state": "NT",
        "price": "11600",
        "price_per_unit": "38667",
        "price_unit": "ML"
      }
    ]
  },
  {
    "source_url": "https://www.woolworths.com.au/shop/productdetails/1074131940/clinique-moisture-surge-intense-72h-lipid-replenishing-hydrator-very-dry-to-dry-combination-50ml-1-7oz",
    "name": "Clinique Moisture Surge Intense 72H Lipid-Replenishing Hydrator - Very Dry to Dry Combination 50ml/1.7oz",
    "image_url": "https://cdn1.woolworths.media/content/wowproductimages/large/1074131940.jpg",
    "source_id": "Woolworths - 1074131940",
    "barcode": null,
    "shop": "Woolworths",
    "weight": "100ML",
    "prices": [
      {
        "state": "NSW",
        "price": "11550",
        "price_per_unit": "23100",
        "price_unit": "ML"
      },
      {
        "state": "VIC",
        "price": "11550",
        "price_per_unit": "23100",
        "price_unit": "ML"
      },
      {
        "state": "QLD",
        "price": "11550",
        "price_per_unit": "23100",
        "price_unit": "ML"
      },
      {
        "state": "WA",
        "price": "11550",
        "price_per_unit": "23100",
        "price_unit": "ML"
      },
      {
        "state": "SA",
        "price": "11550",
        "price_per_unit": "23100",
        "price_unit": "ML"
      },
      {
        "state": "TAS",
        "price": "11550",
        "price_per_unit": "23100",
        "price_unit": "ML"
      },
      {
        "state": "ACT",
        "price": "11550",
        "price_per_unit": "23100",
        "price_unit": "ML"
      },
      {
        "state": "NT",
        "price": "11550",
        "price_per_unit": "23100",
        "price_unit": "ML"
      }
    ]
  },
  {
    "source_url": "https://www.woolworths.com.au/shop/productdetails/1075388429/clinique-superdefense-night-recovery-moisturizer-for-very-dry-to-dry-combination-50ml-1-7oz",
    "name": "Clinique Superdefense Night Recovery Moisturizer - For Very Dry To Dry Combination 50ml/1.7oz",
    "image_url": "https://cdn1.woolworths.media/content/wowproductimages/large/1075388429.jpg",
    "source_id": "Woolworths - 1075388429",
    "barcode": null,
    "shop": "Woolworths",
    "weight": "100ML",
    "prices": [
      {
        "state": "NSW",
        "price": "10400",
        "price_per_unit": "20800",
        "price_unit": "ML"
      },
      {
        "state": "VIC",
        "price": "10400",
        "price_per_unit": "20800",
        "price_unit": "ML"
      },
      {
        "state": "QLD",
        "price": "10400",
        "price_per_unit": "20800",
        "price_unit": "ML"
      },
      {
        "state": "WA",
        "price": "10400",
        "price_per_unit": "20800",
        "price_unit": "ML"
      },
      {
        "state": "SA",
        "price": "10400",
        "price_per_unit": "20800",
        "price_unit": "ML"
      },
      {
        "state": "TAS",
        "price": "10400",
        "price_per_unit": "20800",
        "price_unit": "ML"
      },
      {
        "state": "ACT",
        "price": "10400",
        "price_per_unit": "20800",
        "price_unit": "ML"
      },
      {
        "state": "NT",
        "price": "10400",
        "price_per_unit": "20800",
        "price_unit": "ML"
      }
    ]
  },
  {
    "source_url": "https://www.woolworths.com.au/shop/productdetails/1075930842/cosmedix-harmonize-microbiome-boosting-moisturizer-53g-1-87oz",
    "name": "CosMedix Harmonize Microbiome Boosting Moisturizer 53g/1.87oz",
    "image_url": "https://cdn1.woolworths.media/content/wowproductimages/large/1075930842.jpg",
    "source_id": "Woolworths - 1075930842",
    "barcode": null,
    "shop": "Woolworths",
    "weight": "100G",
    "prices": [
      {
        "state": "NSW",
        "price": "8400",
        "price_per_unit": "15849",
        "price_unit": "G"
      },
      {
        "state": "VIC",
        "price": "8400",
        "price_per_unit": "15849",
        "price_unit": "G"
      },
      {
        "state": "QLD",
        "price": "8400",
        "price_per_unit": "15849",
        "price_unit": "G"
      },
      {
        "state": "WA",
        "price": "8400",
        "price_per_unit": "15849",
        "price_unit": "G"
      },
      {
        "state": "SA",
        "price": "8400",
        "price_per_unit": "15849",
        "price_unit": "G"
      },
      {
        "state": "TAS",
        "price": "8400",
        "price_per_unit": "15849",
        "price_unit": "G"
      },
      {
        "state": "ACT",
        "price": "8400",
        "price_per_unit": "15849",
        "price_unit": "G"
      },
      {
        "state": "NT",
        "price": "8400",
        "price_per_unit": "15849",
        "price_unit": "G"
      }
    ]
  },
  {
    "source_url": "https://www.woolworths.com.au/shop/productdetails/1075561359/cosmedix-humidify-deep-moisture-cream-74g-2-6oz",
    "name": "CosMedix Humidify Deep Moisture Cream 74g/2.6oz",
    "image_url": "https://cdn1.woolworths.media/content/wowproductimages/large/1075561359.jpg",
    "source_id": "Woolworths - 1075561359",
    "barcode": null,
    "shop": "Woolworths",
    "weight": "100G",
    "prices": [
      {
        "state": "NSW",
        "price": "15400",
        "price_per_unit": "20811",
        "price_unit": "G"
      },
      {
        "state": "VIC",
        "price": "15400",
        "price_per_unit": "20811",
        "price_unit": "G"
      },
      {
        "state": "QLD",
        "price": "15400",
        "price_per_unit": "20811",
        "price_unit": "G"
      },
      {
        "state": "WA",
        "price": "15400",
        "price_per_unit": "20811",
        "price_unit": "G"
      },
      {
        "state": "SA",
        "price": "15400",
        "price_per_unit": "20811",
        "price_unit": "G"
      },
      {
        "state": "TAS",
        "price": "15400",
        "price_per_unit": "20811",
        "price_unit": "G"
      },
      {
        "state": "ACT",
        "price": "15400",
        "price_per_unit": "20811",
        "price_unit": "G"
      },
      {
        "state": "NT",
        "price": "15400",
        "price_per_unit": "20811",
        "price_unit": "G"
      }
    ]
  },
  {
    "source_url": "https://www.woolworths.com.au/shop/productdetails/1074138120/cosmedix-pure-c-vitamin-c-mixing-crystals-6g-0-2oz",
    "name": "CosMedix Pure C Vitamin C Mixing Crystals 6g/0.2oz",
    "image_url": "https://cdn1.woolworths.media/content/wowproductimages/large/1074138120.jpg",
    "source_id": "Woolworths - 1074138120",
    "barcode": null,
    "shop": "Woolworths",
    "weight": "100G",
    "prices": [
      {
        "state": "NSW",
        "price": "11990",
        "price_per_unit": "199833",
        "price_unit": "G"
      },
      {
        "state": "VIC",
        "price": "11990",
        "price_per_unit": "199833",
        "price_unit": "G"
      },
      {
        "state": "QLD",
        "price": "11990",
        "price_per_unit": "199833",
        "price_unit": "G"
      },
      {
        "state": "WA",
        "price": "11990",
        "price_per_unit": "199833",
        "price_unit": "G"
      },
      {
        "state": "SA",
        "price": "11990",
        "price_per_unit": "199833",
        "price_unit": "G"
      },
      {
        "state": "TAS",
        "price": "11990",
        "price_per_unit": "199833",
        "price_unit": "G"
      },
      {
        "state": "ACT",
        "price": "11990",
        "price_per_unit": "199833",
        "price_unit": "G"
      },
      {
        "state": "NT",
        "price": "11990",
        "price_per_unit": "199833",
        "price_unit": "G"
      }
    ]
  },
  {
    "source_url": "https://www.woolworths.com.au/shop/productdetails/1074733491/cosmedix-resync-revitalizing-night-cream-51-2ml-1-7oz",
    "name": "CosMedix Resync Revitalizing Night Cream 51.2ml/1.7oz",
    "image_url": "https://cdn1.woolworths.media/content/wowproductimages/large/1074733491.jpg",
    "source_id": "Woolworths - 1074733491",
    "barcode": null,
    "shop": "Woolworths",
    "weight": "100ML",
    "prices": [
      {
        "state": "NSW",
        "price": "10800",
        "price_per_unit": "21094",
        "price_unit": "ML"
      },
      {
        "state": "VIC",
        "price": "10800",
        "price_per_unit": "21094",
        "price_unit": "ML"
      },
      {
        "state": "QLD",
        "price": "10800",
        "price_per_unit": "21094",
        "price_unit": "ML"
      },
      {
        "state": "WA",
        "price": "10800",
        "price_per_unit": "21094",
        "price_unit": "ML"
      },
      {
        "state": "SA",
        "price": "10800",
        "price_per_unit": "21094",
        "price_unit": "ML"
      },
      {
        "state": "TAS",
        "price": "10800",
        "price_per_unit": "21094",
        "price_unit": "ML"
      },
      {
        "state": "ACT",
        "price": "10800",
        "price_per_unit": "21094",
        "price_unit": "ML"
      },
      {
        "state": "NT",
        "price": "10800",
        "price_per_unit": "21094",
        "price_unit": "ML"
      }
    ]
  },
  {
    "source_url": "https://www.woolworths.com.au/shop/productdetails/1074650880/cowshed-active-invigorating-bath-body-oil-100ml-3-38oz",
    "name": "Cowshed Active Invigorating Bath & Body Oil 100ml/3.38oz",
    "image_url": "https://cdn1.woolworths.media/content/wowproductimages/large/1074650880.jpg",
    "source_id": "Woolworths - 1074650880",
    "barcode": null,
    "shop": "Woolworths",
    "weight": "100ML",
    "prices": [
      {
        "state": "NSW",
        "price": "5800",
        "price_per_unit": "5800",
        "price_unit": "ML"
      },
      {
        "state": "VIC",
        "price": "5800",
        "price_per_unit": "5800",
        "price_unit": "ML"
      },
      {
        "state": "QLD",
        "price": "5800",
        "price_per_unit": "5800",
        "price_unit": "ML"
      },
      {
        "state": "WA",
        "price": "5800",
        "price_per_unit": "5800",
        "price_unit": "ML"
      },
      {
        "state": "SA",
        "price": "5800",
        "price_per_unit": "5800",
        "price_unit": "ML"
      },
      {
        "state": "TAS",
        "price": "5800",
        "price_per_unit": "5800",
        "price_unit": "ML"
      },
      {
        "state": "ACT",
        "price": "5800",
        "price_per_unit": "5800",
        "price_unit": "ML"
      },
      {
        "state": "NT",
        "price": "5800",
        "price_per_unit": "5800",
        "price_unit": "ML"
      }
    ]
  },
  {
    "source_url": "https://www.woolworths.com.au/shop/productdetails/1074650975/darphin-tangerine-aromatic-care-15ml-0-5oz",
    "name": "Darphin Tangerine Aromatic Care 15ml/0.5oz",
    "image_url": "https://cdn1.woolworths.media/content/wowproductimages/large/1074650975.jpg",
    "source_id": "Woolworths - 1074650975",
    "barcode": null,
    "shop": "Woolworths",
    "weight": "100ML",
    "prices": [
      {
        "state": "NSW",
        "price": "7600",
        "price_per_unit": "50667",
        "price_unit": "ML"
      },
      {
        "state": "VIC",
        "price": "7600",
        "price_per_unit": "50667",
        "price_unit": "ML"
      },
      {
        "state": "QLD",
        "price": "7600",
        "price_per_unit": "50667",
        "price_unit": "ML"
      },
      {
        "state": "WA",
        "price": "7600",
        "price_per_unit": "50667",
        "price_unit": "ML"
      },
      {
        "state": "SA",
        "price": "7600",
        "price_per_unit": "50667",
        "price_unit": "ML"
      },
      {
        "state": "TAS",
        "price": "7600",
        "price_per_unit": "50667",
        "price_unit": "ML"
      },
      {
        "state": "ACT",
        "price": "7600",
        "price_per_unit": "50667",
        "price_unit": "ML"
      },
      {
        "state": "NT",
        "price": "7600",
        "price_per_unit": "50667",
        "price_unit": "ML"
      }
    ]
  },
  {
    "source_url": "https://www.woolworths.com.au/shop/productdetails/1075481747/david-craig-aqueous-cream-apf14-500g",
    "name": "David Craig Aqueous Cream APF14 500g",
    "image_url": "https://cdn1.woolworths.media/content/wowproductimages/large/1075481747.jpg",
    "source_id": "Woolworths - 1075481747",
    "barcode": null,
    "shop": "Woolworths",
    "weight": "100G",
    "prices": [
      {
        "state": "NSW",
        "price": "1295",
        "price_per_unit": "259",
        "price_unit": "G"
      },
      {
        "state": "VIC",
        "price": "1295",
        "price_per_unit": "259",
        "price_unit": "G"
      },
      {
        "state": "QLD",
        "price": "1295",
        "price_per_unit": "259",
        "price_unit": "G"
      },
      {
        "state": "WA",
        "price": "1295",
        "price_per_unit": "259",
        "price_unit": "G"
      },
      {
        "state": "SA",
        "price": "1295",
        "price_per_unit": "259",
        "price_unit": "G"
      },
      {
        "state": "TAS",
        "price": "1295",
        "price_per_unit": "259",
        "price_unit": "G"
      },
      {
        "state": "ACT",
        "price": "1295",
        "price_per_unit": "259",
        "price_unit": "G"
      },
      {
        "state": "NT",
        "price": "1295",
        "price_per_unit": "259",
        "price_unit": "G"
      }
    ]
  },
  {
    "source_url": "https://www.woolworths.com.au/shop/productdetails/1075480553/david-craig-emulsifying-ointment-500g",
    "name": "David Craig Emulsifying Ointment 500g",
    "image_url": "https://cdn1.woolworths.media/content/wowproductimages/large/1075480553.jpg",
    "source_id": "Woolworths - 1075480553",
    "barcode": null,
    "shop": "Woolworths",
    "weight": "100G",
    "prices": [
      {
        "state": "NSW",
        "price": "3395",
        "price_per_unit": "679",
        "price_unit": "G"
      },
      {
        "state": "VIC",
        "price": "3395",
        "price_per_unit": "679",
        "price_unit": "G"
      },
      {
        "state": "QLD",
        "price": "3395",
        "price_per_unit": "679",
        "price_unit": "G"
      },
      {
        "state": "WA",
        "price": "3395",
        "price_per_unit": "679",
        "price_unit": "G"
      },
      {
        "state": "SA",
        "price": "3395",
        "price_per_unit": "679",
        "price_unit": "G"
      },
      {
        "state": "TAS",
        "price": "3395",
        "price_per_unit": "679",
        "price_unit": "G"
      },
      {
        "state": "ACT",
        "price": "3395",
        "price_per_unit": "679",
        "price_unit": "G"
      },
      {
        "state": "NT",
        "price": "3395",
        "price_per_unit": "679",
        "price_unit": "G"
      }
    ]
  },
  {
    "source_url": "https://www.woolworths.com.au/shop/productdetails/1075479691/david-craig-paraffin-soft-white-500g",
    "name": "David Craig Paraffin Soft White 500g",
    "image_url": "https://cdn1.woolworths.media/content/wowproductimages/large/1075479691.jpg",
    "source_id": "Woolworths - 1075479691",
    "barcode": null,
    "shop": "Woolworths",
    "weight": "100G",
    "prices": [
      {
        "state": "NSW",
        "price": "2195",
        "price_per_unit": "439",
        "price_unit": "G"
      },
      {
        "state": "VIC",
        "price": "2195",
        "price_per_unit": "439",
        "price_unit": "G"
      },
      {
        "state": "QLD",
        "price": "2195",
        "price_per_unit": "439",
        "price_unit": "G"
      },
      {
        "state": "WA",
        "price": "2195",
        "price_per_unit": "439",
        "price_unit": "G"
      },
      {
        "state": "SA",
        "price": "2195",
        "price_per_unit": "439",
        "price_unit": "G"
      },
      {
        "state": "TAS",
        "price": "2195",
        "price_per_unit": "439",
        "price_unit": "G"
      },
      {
        "state": "ACT",
        "price": "2195",
        "price_per_unit": "439",
        "price_unit": "G"
      },
      {
        "state": "NT",
        "price": "2195",
        "price_per_unit": "439",
        "price_unit": "G"
      }
    ]
  },
  {
    "source_url": "https://www.woolworths.com.au/shop/productdetails/1074387780/demeter-cinnamon-bark-bath-body-oil-60ml-2oz",
    "name": "Demeter Cinnamon Bark Bath & Body Oil 60ml/2oz",
    "image_url": "https://cdn1.woolworths.media/content/wowproductimages/large/1074387780.jpg",
    "source_id": "Woolworths - 1074387780",
    "barcode": null,
    "shop": "Woolworths",
    "weight": "100ML",
    "prices": [
      {
        "state": "NSW",
        "price": "2800",
        "price_per_unit": "4667",
        "price_unit": "ML"
      },
      {
        "state": "VIC",
        "price": "2800",
        "price_per_unit": "4667",
        "price_unit": "ML"
      },
      {
        "state": "QLD",
        "price": "2800",
        "price_per_unit": "4667",
        "price_unit": "ML"
      },
      {
        "state": "WA",
        "price": "2800",
        "price_per_unit": "4667",
        "price_unit": "ML"
      },
      {
        "state": "SA",
        "price": "2800",
        "price_per_unit": "4667",
        "price_unit": "ML"
      },
      {
        "state": "TAS",
        "price": "2800",
        "price_per_unit": "4667",
        "price_unit": "ML"
      },
      {
        "state": "ACT",
        "price": "2800",
        "price_per_unit": "4667",
        "price_unit": "ML"
      },
      {
        "state": "NT",
        "price": "2800",
        "price_per_unit": "4667",
        "price_unit": "ML"
      }
    ]
  },
  {
    "source_url": "https://www.woolworths.com.au/shop/productdetails/1074387787/demeter-coriander-tea-massage-body-oil-60ml-2oz",
    "name": "Demeter Coriander Tea Massage & Body Oil 60ml/2oz",
    "image_url": "https://cdn1.woolworths.media/content/wowproductimages/large/1074387787.jpg",
    "source_id": "Woolworths - 1074387787",
    "barcode": null,
    "shop": "Woolworths",
    "weight": "100ML",
    "prices": [
      {
        "state": "NSW",
        "price": "2800",
        "price_per_unit": "4667",
        "price_unit": "ML"
      },
      {
        "state": "VIC",
        "price": "2800",
        "price_per_unit": "4667",
        "price_unit": "ML"
      },
      {
        "state": "QLD",
        "price": "2800",
        "price_per_unit": "4667",
        "price_unit": "ML"
      },
      {
        "state": "WA",
        "price": "2800",
        "price_per_unit": "4667",
        "price_unit": "ML"
      },
      {
        "state": "SA",
        "price": "2800",
        "price_per_unit": "4667",
        "price_unit": "ML"
      },
      {
        "state": "TAS",
        "price": "2800",
        "price_per_unit": "4667",
        "price_unit": "ML"
      },
      {
        "state": "ACT",
        "price": "2800",
        "price_per_unit": "4667",
        "price_unit": "ML"
      },
      {
        "state": "NT",
        "price": "2800",
        "price_per_unit": "4667",
        "price_unit": "ML"
      }
    ]
  },
  {
    "source_url": "https://www.woolworths.com.au/shop/productdetails/1074387790/demeter-cosmopolitan-cocktail-massage-body-oil-60ml-2oz",
    "name": "Demeter Cosmopolitan Cocktail Massage & Body Oil 60ml/2oz",
    "image_url": "https://cdn1.woolworths.media/content/wowproductimages/large/1074387790.jpg",
    "source_id": "Woolworths - 1074387790",
    "barcode": null,
    "shop": "Woolworths",
    "weight": "100ML",
    "prices": [
      {
        "state": "NSW",
        "price": "2900",
        "price_per_unit": "4833",
        "price_unit": "ML"
      },
      {
        "state": "VIC",
        "price": "2900",
        "price_per_unit": "4833",
        "price_unit": "ML"
      },
      {
        "state": "QLD",
        "price": "2900",
        "price_per_unit": "4833",
        "price_unit": "ML"
      },
      {
        "state": "WA",
        "price": "2900",
        "price_per_unit": "4833",
        "price_unit": "ML"
      },
      {
        "state": "SA",
        "price": "2900",
        "price_per_unit": "4833",
        "price_unit": "ML"
      },
      {
        "state": "TAS",
        "price": "2900",
        "price_per_unit": "4833",
        "price_unit": "ML"
      },
      {
        "state": "ACT",
        "price": "2900",
        "price_per_unit": "4833",
        "price_unit": "ML"
      },
      {
        "state": "NT",
        "price": "2900",
        "price_per_unit": "4833",
        "price_unit": "ML"
      }
    ]
  },
  {
    "source_url": "https://www.woolworths.com.au/shop/productdetails/1074387800/demeter-dirt-massage-body-oil-60ml-2oz",
    "name": "Demeter Dirt Massage & Body Oil 60ml/2oz",
    "image_url": "https://cdn1.woolworths.media/content/wowproductimages/large/1074387800.jpg",
    "source_id": "Woolworths - 1074387800",
    "barcode": null,
    "shop": "Woolworths",
    "weight": "100ML",
    "prices": [
      {
        "state": "NSW",
        "price": "2800",
        "price_per_unit": "4667",
        "price_unit": "ML"
      },
      {
        "state": "VIC",
        "price": "2800",
        "price_per_unit": "4667",
        "price_unit": "ML"
      },
      {
        "state": "QLD",
        "price": "2800",
        "price_per_unit": "4667",
        "price_unit": "ML"
      },
      {
        "state": "WA",
        "price": "2800",
        "price_per_unit": "4667",
        "price_unit": "ML"
      },
      {
        "state": "SA",
        "price": "2800",
        "price_per_unit": "4667",
        "price_unit": "ML"
      },
      {
        "state": "TAS",
        "price": "2800",
        "price_per_unit": "4667",
        "price_unit": "ML"
      },
      {
        "state": "ACT",
        "price": "2800",
        "price_per_unit": "4667",
        "price_unit": "ML"
      },
      {
        "state": "NT",
        "price": "2800",
        "price_per_unit": "4667",
        "price_unit": "ML"
      }
    ]
  },
  {
    "source_url": "https://www.woolworths.com.au/shop/productdetails/1074387825/demeter-geranium-bath-body-oil-60ml-2oz",
    "name": "Demeter Geranium Bath & Body Oil 60ml/2oz",
    "image_url": "https://cdn1.woolworths.media/content/wowproductimages/large/1074387825.jpg",
    "source_id": "Woolworths - 1074387825",
    "barcode": null,
    "shop": "Woolworths",
    "weight": "100ML",
    "prices": [
      {
        "state": "NSW",
        "price": "2800",
        "price_per_unit": "4667",
        "price_unit": "ML"
      },
      {
        "state": "VIC",
        "price": "2800",
        "price_per_unit": "4667",
        "price_unit": "ML"
      },
      {
        "state": "QLD",
        "price": "2800",
        "price_per_unit": "4667",
        "price_unit": "ML"
      },
      {
        "state": "WA",
        "price": "2800",
        "price_per_unit": "4667",
        "price_unit": "ML"
      },
      {
        "state": "SA",
        "price": "2800",
        "price_per_unit": "4667",
        "price_unit": "ML"
      },
      {
        "state": "TAS",
        "price": "2800",
        "price_per_unit": "4667",
        "price_unit": "ML"
      },
      {
        "state": "ACT",
        "price": "2800",
        "price_per_unit": "4667",
        "price_unit": "ML"
      },
      {
        "state": "NT",
        "price": "2800",
        "price_per_unit": "4667",
        "price_unit": "ML"
      }
    ]
  },
  {
    "source_url": "https://www.woolworths.com.au/shop/productdetails/1074387829/demeter-gin-tonic-bath-body-oil-60ml-2oz",
    "name": "Demeter Gin & Tonic Bath & Body Oil 60ml/2oz",
    "image_url": "https://cdn1.woolworths.media/content/wowproductimages/large/1074387829.jpg",
    "source_id": "Woolworths - 1074387829",
    "barcode": null,
    "shop": "Woolworths",
    "weight": "100ML",
    "prices": [
      {
        "state": "NSW",
        "price": "2800",
        "price_per_unit": "4667",
        "price_unit": "ML"
      },
      {
        "state": "VIC",
        "price": "2800",
        "price_per_unit": "4667",
        "price_unit": "ML"
      },
      {
        "state": "QLD",
        "price": "2800",
        "price_per_unit": "4667",
        "price_unit": "ML"
      },
      {
        "state": "WA",
        "price": "2800",
        "price_per_unit": "4667",
        "price_unit": "ML"
      },
      {
        "state": "SA",
        "price": "2800",
        "price_per_unit": "4667",
        "price_unit": "ML"
      },
      {
        "state": "TAS",
        "price": "2800",
        "price_per_unit": "4667",
        "price_unit": "ML"
      },
      {
        "state": "ACT",
        "price": "2800",
        "price_per_unit": "4667",
        "price_unit": "ML"
      },
      {
        "state": "NT",
        "price": "2800",
        "price_per_unit": "4667",
        "price_unit": "ML"
      }
    ]
  },
  {
    "source_url": "https://www.woolworths.com.au/shop/productdetails/1074387840/demeter-grass-bath-body-oil-60ml-2oz",
    "name": "Demeter Grass Bath & Body Oil 60ml/2oz",
    "image_url": "https://cdn1.woolworths.media/content/wowproductimages/large/1074387840.jpg",
    "source_id": "Woolworths - 1074387840",
    "barcode": null,
    "shop": "Woolworths",
    "weight": "100ML",
    "prices": [
      {
        "state": "NSW",
        "price": "2800",
        "price_per_unit": "4667",
        "price_unit": "ML"
      },
      {
        "state": "VIC",
        "price": "2800",
        "price_per_unit": "4667",
        "price_unit": "ML"
      },
      {
        "state": "QLD",
        "price": "2800",
        "price_per_unit": "4667",
        "price_unit": "ML"
      },
      {
        "state": "WA",
        "price": "2800",
        "price_per_unit": "4667",
        "price_unit": "ML"
      },
      {
        "state": "SA",
        "price": "2800",
        "price_per_unit": "4667",
        "price_unit": "ML"
      },
      {
        "state": "TAS",
        "price": "2800",
        "price_per_unit": "4667",
        "price_unit": "ML"
      },
      {
        "state": "ACT",
        "price": "2800",
        "price_per_unit": "4667",
        "price_unit": "ML"
      },
      {
        "state": "NT",
        "price": "2800",
        "price_per_unit": "4667",
        "price_unit": "ML"
      }
    ]
  },
  {
    "source_url": "https://www.woolworths.com.au/shop/productdetails/1074387845/demeter-green-tea-bath-body-oil-60ml-2oz",
    "name": "Demeter Green Tea Bath & Body Oil 60ml/2oz",
    "image_url": "https://cdn1.woolworths.media/content/wowproductimages/large/1074387845.jpg",
    "source_id": "Woolworths - 1074387845",
    "barcode": null,
    "shop": "Woolworths",
    "weight": "100ML",
    "prices": [
      {
        "state": "NSW",
        "price": "2800",
        "price_per_unit": "4667",
        "price_unit": "ML"
      },
      {
        "state": "VIC",
        "price": "2800",
        "price_per_unit": "4667",
        "price_unit": "ML"
      },
      {
        "state": "QLD",
        "price": "2800",
        "price_per_unit": "4667",
        "price_unit": "ML"
      },
      {
        "state": "WA",
        "price": "2800",
        "price_per_unit": "4667",
        "price_unit": "ML"
      },
      {
        "state": "SA",
        "price": "2800",
        "price_per_unit": "4667",
        "price_unit": "ML"
      },
      {
        "state": "TAS",
        "price": "2800",
        "price_per_unit": "4667",
        "price_unit": "ML"
      },
      {
        "state": "ACT",
        "price": "2800",
        "price_per_unit": "4667",
        "price_unit": "ML"
      },
      {
        "state": "NT",
        "price": "2800",
        "price_per_unit": "4667",
        "price_unit": "ML"
      }
    ]
  },
  {
    "source_url": "https://www.woolworths.com.au/shop/productdetails/1074387853/demeter-honeysuckle-bath-body-oil-60ml-2oz",
    "name": "Demeter Honeysuckle Bath & Body Oil 60ml/2oz",
    "image_url": "https://cdn1.woolworths.media/content/wowproductimages/large/1074387853.jpg",
    "source_id": "Woolworths - 1074387853",
    "barcode": null,
    "shop": "Woolworths",
    "weight": "100ML",
    "prices": [
      {
        "state": "NSW",
        "price": "2800",
        "price_per_unit": "4667",
        "price_unit": "ML"
      },
      {
        "state": "VIC",
        "price": "2800",
        "price_per_unit": "4667",
        "price_unit": "ML"
      },
      {
        "state": "QLD",
        "price": "2800",
        "price_per_unit": "4667",
        "price_unit": "ML"
      },
      {
        "state": "WA",
        "price": "2800",
        "price_per_unit": "4667",
        "price_unit": "ML"
      },
      {
        "state": "SA",
        "price": "2800",
        "price_per_unit": "4667",
        "price_unit": "ML"
      },
      {
        "state": "TAS",
        "price": "2800",
        "price_per_unit": "4667",
        "price_unit": "ML"
      },
      {
        "state": "ACT",
        "price": "2800",
        "price_per_unit": "4667",
        "price_unit": "ML"
      },
      {
        "state": "NT",
        "price": "2800",
        "price_per_unit": "4667",
        "price_unit": "ML"
      }
    ]
  },
  {
    "source_url": "https://www.woolworths.com.au/shop/productdetails/1074387861/demeter-kitten-fur-bath-body-oil-60ml-2oz",
    "name": "Demeter Kitten Fur Bath & Body Oil 60ml/2oz",
    "image_url": "https://cdn1.woolworths.media/content/wowproductimages/large/1074387861.jpg",
    "source_id": "Woolworths - 1074387861",
    "barcode": null,
    "shop": "Woolworths",
    "weight": "100ML",
    "prices": [
      {
        "state": "NSW",
        "price": "2800",
        "price_per_unit": "4667",
        "price_unit": "ML"
      },
      {
        "state": "VIC",
        "price": "2800",
        "price_per_unit": "4667",
        "price_unit": "ML"
      },
      {
        "state": "QLD",
        "price": "2800",
        "price_per_unit": "4667",
        "price_unit": "ML"
      },
      {
        "state": "WA",
        "price": "2800",
        "price_per_unit": "4667",
        "price_unit": "ML"
      },
      {
        "state": "SA",
        "price": "2800",
        "price_per_unit": "4667",
        "price_unit": "ML"
      },
      {
        "state": "TAS",
        "price": "2800",
        "price_per_unit": "4667",
        "price_unit": "ML"
      },
      {
        "state": "ACT",
        "price": "2800",
        "price_per_unit": "4667",
        "price_unit": "ML"
      },
      {
        "state": "NT",
        "price": "2800",
        "price_per_unit": "4667",
        "price_unit": "ML"
      }
    ]
  },
  {
    "source_url": "https://www.woolworths.com.au/shop/productdetails/1074387864/demeter-laundromat-bath-body-oil-60ml-2oz",
    "name": "Demeter Laundromat Bath & Body Oil 60ml/2oz",
    "image_url": "https://cdn1.woolworths.media/content/wowproductimages/large/1074387864.jpg",
    "source_id": "Woolworths - 1074387864",
    "barcode": null,
    "shop": "Woolworths",
    "weight": "100ML",
    "prices": [
      {
        "state": "NSW",
        "price": "2800",
        "price_per_unit": "4667",
        "price_unit": "ML"
      },
      {
        "state": "VIC",
        "price": "2800",
        "price_per_unit": "4667",
        "price_unit": "ML"
      },
      {
        "state": "QLD",
        "price": "2800",
        "price_per_unit": "4667",
        "price_unit": "ML"
      },
      {
        "state": "WA",
        "price": "2800",
        "price_per_unit": "4667",
        "price_unit": "ML"
      },
      {
        "state": "SA",
        "price": "2800",
        "price_per_unit": "4667",
        "price_unit": "ML"
      },
      {
        "state": "TAS",
        "price": "2800",
        "price_per_unit": "4667",
        "price_unit": "ML"
      },
      {
        "state": "ACT",
        "price": "2800",
        "price_per_unit": "4667",
        "price_unit": "ML"
      },
      {
        "state": "NT",
        "price": "2800",
        "price_per_unit": "4667",
        "price_unit": "ML"
      }
    ]
  },
  {
    "source_url": "https://www.woolworths.com.au/shop/productdetails/1074387873/demeter-lily-of-the-valley-bath-body-oil-60ml-2oz",
    "name": "Demeter Lily Of The Valley Bath & Body Oil 60ml/2oz",
    "image_url": "https://cdn1.woolworths.media/content/wowproductimages/large/1074387873.jpg",
    "source_id": "Woolworths - 1074387873",
    "barcode": null,
    "shop": "Woolworths",
    "weight": "100ML",
    "prices": [
      {
        "state": "NSW",
        "price": "2800",
        "price_per_unit": "4667",
        "price_unit": "ML"
      },
      {
        "state": "VIC",
        "price": "2800",
        "price_per_unit": "4667",
        "price_unit": "ML"
      },
      {
        "state": "QLD",
        "price": "2800",
        "price_per_unit": "4667",
        "price_unit": "ML"
      },
      {
        "state": "WA",
        "price": "2800",
        "price_per_unit": "4667",
        "price_unit": "ML"
      },
      {
        "state": "SA",
        "price": "2800",
        "price_per_unit": "4667",
        "price_unit": "ML"
      },
      {
        "state": "TAS",
        "price": "2800",
        "price_per_unit": "4667",
        "price_unit": "ML"
      },
      {
        "state": "ACT",
        "price": "2800",
        "price_per_unit": "4667",
        "price_unit": "ML"
      },
      {
        "state": "NT",
        "price": "2800",
        "price_per_unit": "4667",
        "price_unit": "ML"
      }
    ]
  },
  {
    "source_url": "https://www.woolworths.com.au/shop/productdetails/1074387883/demeter-mahogany-bath-body-oil-60ml-2oz",
    "name": "Demeter Mahogany Bath & Body Oil 60ml/2oz",
    "image_url": "https://cdn1.woolworths.media/content/wowproductimages/large/1074387883.jpg",
    "source_id": "Woolworths - 1074387883",
    "barcode": null,
    "shop": "Woolworths",
    "weight": "100ML",
    "prices": [
      {
        "state": "NSW",
        "price": "2800",
        "price_per_unit": "4667",
        "price_unit": "ML"
      },
      {
        "state": "VIC",
        "price": "2800",
        "price_per_unit": "4667",
        "price_unit": "ML"
      },
      {
        "state": "QLD",
        "price": "2800",
        "price_per_unit": "4667",
        "price_unit": "ML"
      },
      {
        "state": "WA",
        "price": "2800",
        "price_per_unit": "4667",
        "price_unit": "ML"
      },
      {
        "state": "SA",
        "price": "2800",
        "price_per_unit": "4667",
        "price_unit": "ML"
      },
      {
        "state": "TAS",
        "price": "2800",
        "price_per_unit": "4667",
        "price_unit": "ML"
      },
      {
        "state": "ACT",
        "price": "2800",
        "price_per_unit": "4667",
        "price_unit": "ML"
      },
      {
        "state": "NT",
        "price": "2800",
        "price_per_unit": "4667",
        "price_unit": "ML"
      }
    ]
  },
  {
    "source_url": "https://www.woolworths.com.au/shop/productdetails/1074387895/demeter-new-car-massage-body-oil-60ml-2oz",
    "name": "Demeter New Car Massage & Body Oil 60ml/2oz",
    "image_url": "https://cdn1.woolworths.media/content/wowproductimages/large/1074387895.jpg",
    "source_id": "Woolworths - 1074387895",
    "barcode": null,
    "shop": "Woolworths",
    "weight": "100ML",
    "prices": [
      {
        "state": "NSW",
        "price": "2800",
        "price_per_unit": "4667",
        "price_unit": "ML"
      },
      {
        "state": "VIC",
        "price": "2800",
        "price_per_unit": "4667",
        "price_unit": "ML"
      },
      {
        "state": "QLD",
        "price": "2800",
        "price_per_unit": "4667",
        "price_unit": "ML"
      },
      {
        "state": "WA",
        "price": "2800",
        "price_per_unit": "4667",
        "price_unit": "ML"
      },
      {
        "state": "SA",
        "price": "2800",
        "price_per_unit": "4667",
        "price_unit": "ML"
      },
      {
        "state": "TAS",
        "price": "2800",
        "price_per_unit": "4667",
        "price_unit": "ML"
      },
      {
        "state": "ACT",
        "price": "2800",
        "price_per_unit": "4667",
        "price_unit": "ML"
      },
      {
        "state": "NT",
        "price": "2800",
        "price_per_unit": "4667",
        "price_unit": "ML"
      }
    ]
  },
  {
    "source_url": "https://www.woolworths.com.au/shop/productdetails/1074387931/demeter-suntan-lotion-massage-body-oil-60ml-2oz",
    "name": "Demeter Suntan Lotion Massage & Body Oil 60ml/2oz",
    "image_url": "https://cdn1.woolworths.media/content/wowproductimages/large/1074387931.jpg",
    "source_id": "Woolworths - 1074387931",
    "barcode": null,
    "shop": "Woolworths",
    "weight": "100ML",
    "prices": [
      {
        "state": "NSW",
        "price": "2800",
        "price_per_unit": "4667",
        "price_unit": "ML"
      },
      {
        "state": "VIC",
        "price": "2800",
        "price_per_unit": "4667",
        "price_unit": "ML"
      },
      {
        "state": "QLD",
        "price": "2800",
        "price_per_unit": "4667",
        "price_unit": "ML"
      },
      {
        "state": "WA",
        "price": "2800",
        "price_per_unit": "4667",
        "price_unit": "ML"
      },
      {
        "state": "SA",
        "price": "2800",
        "price_per_unit": "4667",
        "price_unit": "ML"
      },
      {
        "state": "TAS",
        "price": "2800",
        "price_per_unit": "4667",
        "price_unit": "ML"
      },
      {
        "state": "ACT",
        "price": "2800",
        "price_per_unit": "4667",
        "price_unit": "ML"
      },
      {
        "state": "NT",
        "price": "2800",
        "price_per_unit": "4667",
        "price_unit": "ML"
      }
    ]
  },
  {
    "source_url": "https://www.woolworths.com.au/shop/productdetails/1075477058/derma-e-advanced-peptides-and-flora-collagen-moisturiser-56g",
    "name": "Derma E Advanced Peptides and Flora Collagen Moisturiser 56g",
    "image_url": "https://cdn1.woolworths.media/content/wowproductimages/large/1075477058.jpg",
    "source_id": "Woolworths - 1075477058",
    "barcode": null,
    "shop": "Woolworths",
    "weight": "100G",
    "prices": [
      {
        "state": "NSW",
        "price": "4195",
        "price_per_unit": "7491",
        "price_unit": "G"
      },
      {
        "state": "VIC",
        "price": "4195",
        "price_per_unit": "7491",
        "price_unit": "G"
      },
      {
        "state": "QLD",
        "price": "4195",
        "price_per_unit": "7491",
        "price_unit": "G"
      },
      {
        "state": "WA",
        "price": "4195",
        "price_per_unit": "7491",
        "price_unit": "G"
      },
      {
        "state": "SA",
        "price": "4195",
        "price_per_unit": "7491",
        "price_unit": "G"
      },
      {
        "state": "TAS",
        "price": "4195",
        "price_per_unit": "7491",
        "price_unit": "G"
      },
      {
        "state": "ACT",
        "price": "4195",
        "price_per_unit": "7491",
        "price_unit": "G"
      },
      {
        "state": "NT",
        "price": "4195",
        "price_per_unit": "7491",
        "price_unit": "G"
      }
    ]
  },
  {
    "source_url": "https://www.woolworths.com.au/shop/productdetails/1075481539/derma-e-rosehip-almond-anti-aging-shea-body-lotion-227g",
    "name": "Derma E Rosehip & Almond Anti-Aging Shea Body Lotion 227g",
    "image_url": "https://cdn1.woolworths.media/content/wowproductimages/large/1075481539.jpg",
    "source_id": "Woolworths - 1075481539",
    "barcode": null,
    "shop": "Woolworths",
    "weight": "100G",
    "prices": [
      {
        "state": "NSW",
        "price": "1695",
        "price_per_unit": "747",
        "price_unit": "G"
      },
      {
        "state": "VIC",
        "price": "1695",
        "price_per_unit": "747",
        "price_unit": "G"
      },
      {
        "state": "QLD",
        "price": "1695",
        "price_per_unit": "747",
        "price_unit": "G"
      },
      {
        "state": "WA",
        "price": "1695",
        "price_per_unit": "747",
        "price_unit": "G"
      },
      {
        "state": "SA",
        "price": "1695",
        "price_per_unit": "747",
        "price_unit": "G"
      },
      {
        "state": "TAS",
        "price": "1695",
        "price_per_unit": "747",
        "price_unit": "G"
      },
      {
        "state": "ACT",
        "price": "1695",
        "price_per_unit": "747",
        "price_unit": "G"
      },
      {
        "state": "NT",
        "price": "1695",
        "price_per_unit": "747",
        "price_unit": "G"
      }
    ]
  },
  {
    "source_url": "https://www.woolworths.com.au/shop/productdetails/1075480852/derma-e-scar-gel-56g",
    "name": "Derma E Scar Gel 56g",
    "image_url": "https://cdn1.woolworths.media/content/wowproductimages/large/1075480852.jpg",
    "source_id": "Woolworths - 1075480852",
    "barcode": null,
    "shop": "Woolworths",
    "weight": "100G",
    "prices": [
      {
        "state": "NSW",
        "price": "2620",
        "price_per_unit": "4679",
        "price_unit": "G"
      },
      {
        "state": "VIC",
        "price": "2620",
        "price_per_unit": "4679",
        "price_unit": "G"
      },
      {
        "state": "QLD",
        "price": "2620",
        "price_per_unit": "4679",
        "price_unit": "G"
      },
      {
        "state": "QLD",
        "price": "2620",
        "price_per_unit": "4679",
        "price_unit": "G"
      },
      {
        "state": "WA",
        "price": "2620",
        "price_per_unit": "4679",
        "price_unit": "G"
      },
      {
        "state": "SA",
        "price": "2620",
        "price_per_unit": "4679",
        "price_unit": "G"
      },
      {
        "state": "TAS",
        "price": "2620",
        "price_per_unit": "4679",
        "price_unit": "G"
      },
      {
        "state": "ACT",
        "price": "2620",
        "price_per_unit": "4679",
        "price_unit": "G"
      },
      {
        "state": "NT",
        "price": "2620",
        "price_per_unit": "4679",
        "price_unit": "G"
      }
    ]
  },
  {
    "source_url": "https://www.woolworths.com.au/shop/productdetails/1075479148/derma-e-tea-tree-vitamin-e-relief-cream-113g",
    "name": "Derma E Tea Tree & Vitamin E Relief Cream 113g",
    "image_url": "https://cdn1.woolworths.media/content/wowproductimages/large/1075479148.jpg",
    "source_id": "Woolworths - 1075479148",
    "barcode": null,
    "shop": "Woolworths",
    "weight": "100G",
    "prices": [
      {
        "state": "NSW",
        "price": "2095",
        "price_per_unit": "1854",
        "price_unit": "G"
      },
      {
        "state": "VIC",
        "price": "2095",
        "price_per_unit": "1854",
        "price_unit": "G"
      },
      {
        "state": "QLD",
        "price": "2095",
        "price_per_unit": "1854",
        "price_unit": "G"
      },
      {
        "state": "WA",
        "price": "2095",
        "price_per_unit": "1854",
        "price_unit": "G"
      },
      {
        "state": "SA",
        "price": "2095",
        "price_per_unit": "1854",
        "price_unit": "G"
      },
      {
        "state": "TAS",
        "price": "2095",
        "price_per_unit": "1854",
        "price_unit": "G"
      },
      {
        "state": "ACT",
        "price": "2095",
        "price_per_unit": "1854",
        "price_unit": "G"
      },
      {
        "state": "NT",
        "price": "2095",
        "price_per_unit": "1854",
        "price_unit": "G"
      }
    ]
  },
  {
    "source_url": "https://www.woolworths.com.au/shop/productdetails/1075479561/derma-e-ultra-moisturizing-shea-body-lotion-jasmine-vanilla-227g",
    "name": "Derma E Ultra Moisturizing Shea Body Lotion Jasmine & Vanilla 227g",
    "image_url": "https://cdn1.woolworths.media/content/wowproductimages/large/1075479561.jpg",
    "source_id": "Woolworths - 1075479561",
    "barcode": null,
    "shop": "Woolworths",
    "weight": "100G",
    "prices": [
      {
        "state": "NSW",
        "price": "1695",
        "price_per_unit": "747",
        "price_unit": "G"
      },
      {
        "state": "VIC",
        "price": "1695",
        "price_per_unit": "747",
        "price_unit": "G"
      },
      {
        "state": "QLD",
        "price": "1695",
        "price_per_unit": "747",
        "price_unit": "G"
      },
      {
        "state": "WA",
        "price": "1695",
        "price_per_unit": "747",
        "price_unit": "G"
      },
      {
        "state": "SA",
        "price": "1695",
        "price_per_unit": "747",
        "price_unit": "G"
      },
      {
        "state": "TAS",
        "price": "1695",
        "price_per_unit": "747",
        "price_unit": "G"
      },
      {
        "state": "ACT",
        "price": "1695",
        "price_per_unit": "747",
        "price_unit": "G"
      },
      {
        "state": "NT",
        "price": "1695",
        "price_per_unit": "747",
        "price_unit": "G"
      }
    ]
  },
  {
    "source_url": "https://www.woolworths.com.au/shop/productdetails/1075479695/derma-e-vitamin-e-fragrance-free-sensitive-skin-shea-body-lotion-227g",
    "name": "Derma E Vitamin E Fragrance-Free Sensitive Skin Shea Body Lotion 227g",
    "image_url": "https://cdn1.woolworths.media/content/wowproductimages/large/1075479695.jpg",
    "source_id": "Woolworths - 1075479695",
    "barcode": null,
    "shop": "Woolworths",
    "weight": "100G",
    "prices": [
      {
        "state": "NSW",
        "price": "1695",
        "price_per_unit": "747",
        "price_unit": "G"
      },
      {
        "state": "VIC",
        "price": "1695",
        "price_per_unit": "747",
        "price_unit": "G"
      },
      {
        "state": "QLD",
        "price": "1695",
        "price_per_unit": "747",
        "price_unit": "G"
      },
      {
        "state": "WA",
        "price": "1695",
        "price_per_unit": "747",
        "price_unit": "G"
      },
      {
        "state": "SA",
        "price": "1695",
        "price_per_unit": "747",
        "price_unit": "G"
      },
      {
        "state": "TAS",
        "price": "1695",
        "price_per_unit": "747",
        "price_unit": "G"
      },
      {
        "state": "ACT",
        "price": "1695",
        "price_per_unit": "747",
        "price_unit": "G"
      },
      {
        "state": "NT",
        "price": "1695",
        "price_per_unit": "747",
        "price_unit": "G"
      }
    ]
  },
  {
    "source_url": "https://www.woolworths.com.au/shop/productdetails/1075479669/derma-e-vitamin-e-lavender-neroli-skin-smoothing-shea-body-lotion-227g",
    "name": "Derma E Vitamin E Lavender & Neroli Skin Smoothing Shea Body Lotion 227g",
    "image_url": "https://cdn1.woolworths.media/content/wowproductimages/large/1075479669.jpg",
    "source_id": "Woolworths - 1075479669",
    "barcode": null,
    "shop": "Woolworths",
    "weight": "100G",
    "prices": [
      {
        "state": "NSW",
        "price": "1695",
        "price_per_unit": "747",
        "price_unit": "G"
      },
      {
        "state": "VIC",
        "price": "1695",
        "price_per_unit": "747",
        "price_unit": "G"
      },
      {
        "state": "QLD",
        "price": "1695",
        "price_per_unit": "747",
        "price_unit": "G"
      },
      {
        "state": "QLD",
        "price": "1695",
        "price_per_unit": "747",
        "price_unit": "G"
      },
      {
        "state": "WA",
        "price": "1695",
        "price_per_unit": "747",
        "price_unit": "G"
      },
      {
        "state": "SA",
        "price": "1695",
        "price_per_unit": "747",
        "price_unit": "G"
      },
      {
        "state": "TAS",
        "price": "1695",
        "price_per_unit": "747",
        "price_unit": "G"
      },
      {
        "state": "ACT",
        "price": "1695",
        "price_per_unit": "747",
        "price_unit": "G"
      },
      {
        "state": "NT",
        "price": "1695",
        "price_per_unit": "747",
        "price_unit": "G"
      }
    ]
  },
  {
    "source_url": "https://www.woolworths.com.au/shop/productdetails/1075481824/dermadrate-dry-skin-treatment-cream-100g",
    "name": "Dermadrate Dry Skin Treatment Cream 100g",
    "image_url": "https://cdn1.woolworths.media/content/wowproductimages/large/1075481824.jpg",
    "source_id": "Woolworths - 1075481824",
    "barcode": null,
    "shop": "Woolworths",
    "weight": "100G",
    "prices": [
      {
        "state": "NSW",
        "price": "1395",
        "price_per_unit": "1395",
        "price_unit": "G"
      },
      {
        "state": "VIC",
        "price": "1395",
        "price_per_unit": "1395",
        "price_unit": "G"
      },
      {
        "state": "QLD",
        "price": "1395",
        "price_per_unit": "1395",
        "price_unit": "G"
      },
      {
        "state": "WA",
        "price": "1395",
        "price_per_unit": "1395",
        "price_unit": "G"
      },
      {
        "state": "SA",
        "price": "1395",
        "price_per_unit": "1395",
        "price_unit": "G"
      },
      {
        "state": "TAS",
        "price": "1395",
        "price_per_unit": "1395",
        "price_unit": "G"
      },
      {
        "state": "ACT",
        "price": "1395",
        "price_per_unit": "1395",
        "price_unit": "G"
      },
      {
        "state": "NT",
        "price": "1395",
        "price_per_unit": "1395",
        "price_unit": "G"
      }
    ]
  },
  {
    "source_url": "https://www.woolworths.com.au/shop/productdetails/1075481126/dermadrate-dry-skin-treatment-cream-pump-500g",
    "name": "Dermadrate Dry Skin Treatment Cream Pump 500g",
    "image_url": "https://cdn1.woolworths.media/content/wowproductimages/large/1075481126.jpg",
    "source_id": "Woolworths - 1075481126",
    "barcode": null,
    "shop": "Woolworths",
    "weight": "100G",
    "prices": [
      {
        "state": "NSW",
        "price": "2595",
        "price_per_unit": "519",
        "price_unit": "G"
      },
      {
        "state": "VIC",
        "price": "2595",
        "price_per_unit": "519",
        "price_unit": "G"
      },
      {
        "state": "QLD",
        "price": "2595",
        "price_per_unit": "519",
        "price_unit": "G"
      },
      {
        "state": "WA",
        "price": "2595",
        "price_per_unit": "519",
        "price_unit": "G"
      },
      {
        "state": "SA",
        "price": "2595",
        "price_per_unit": "519",
        "price_unit": "G"
      },
      {
        "state": "TAS",
        "price": "2595",
        "price_per_unit": "519",
        "price_unit": "G"
      },
      {
        "state": "ACT",
        "price": "2595",
        "price_per_unit": "519",
        "price_unit": "G"
      },
      {
        "state": "NT",
        "price": "2595",
        "price_per_unit": "519",
        "price_unit": "G"
      }
    ]
  },
  {
    "source_url": "https://www.woolworths.com.au/shop/productdetails/1075480407/dermal-therapy-anti-itch-soothing-cream-85g",
    "name": "Dermal Therapy Anti Itch Soothing Cream 85g",
    "image_url": "https://cdn1.woolworths.media/content/wowproductimages/large/1075480407.jpg",
    "source_id": "Woolworths - 1075480407",
    "barcode": null,
    "shop": "Woolworths",
    "weight": "100G",
    "prices": [
      {
        "state": "NSW",
        "price": "1245",
        "price_per_unit": "1465",
        "price_unit": "G"
      },
      {
        "state": "VIC",
        "price": "1245",
        "price_per_unit": "1465",
        "price_unit": "G"
      },
      {
        "state": "WA",
        "price": "1245",
        "price_per_unit": "1465",
        "price_unit": "G"
      },
      {
        "state": "SA",
        "price": "1245",
        "price_per_unit": "1465",
        "price_unit": "G"
      },
      {
        "state": "TAS",
        "price": "1245",
        "price_per_unit": "1465",
        "price_unit": "G"
      },
      {
        "state": "ACT",
        "price": "1245",
        "price_per_unit": "1465",
        "price_unit": "G"
      },
      {
        "state": "NT",
        "price": "1245",
        "price_per_unit": "1465",
        "price_unit": "G"
      }
    ]
  },
  {
    "source_url": "https://www.woolworths.com.au/shop/productdetails/1075481102/dermal-therapy-chafing-sweat-rash-prevention-cream-75g",
    "name": "Dermal Therapy Chafing & Sweat Rash Prevention Cream 75g",
    "image_url": "https://cdn1.woolworths.media/content/wowproductimages/large/1075481102.jpg",
    "source_id": "Woolworths - 1075481102",
    "barcode": null,
    "shop": "Woolworths",
    "weight": "100G",
    "prices": [
      {
        "state": "NSW",
        "price": "1245",
        "price_per_unit": "1660",
        "price_unit": "G"
      },
      {
        "state": "VIC",
        "price": "1245",
        "price_per_unit": "1660",
        "price_unit": "G"
      },
      {
        "state": "QLD",
        "price": "1245",
        "price_per_unit": "1660",
        "price_unit": "G"
      },
      {
        "state": "QLD",
        "price": "1245",
        "price_per_unit": "1660",
        "price_unit": "G"
      },
      {
        "state": "WA",
        "price": "1245",
        "price_per_unit": "1660",
        "price_unit": "G"
      },
      {
        "state": "SA",
        "price": "1245",
        "price_per_unit": "1660",
        "price_unit": "G"
      },
      {
        "state": "TAS",
        "price": "1245",
        "price_per_unit": "1660",
        "price_unit": "G"
      },
      {
        "state": "ACT",
        "price": "1245",
        "price_per_unit": "1660",
        "price_unit": "G"
      },
      {
        "state": "NT",
        "price": "1245",
        "price_per_unit": "1660",
        "price_unit": "G"
      }
    ]
  },
  {
    "source_url": "https://www.woolworths.com.au/shop/productdetails/1075481295/dermal-therapy-eczema-dermatitis-cream-60g",
    "name": "Dermal Therapy Eczema & Dermatitis Cream 60g",
    "image_url": "https://cdn1.woolworths.media/content/wowproductimages/large/1075481295.jpg",
    "source_id": "Woolworths - 1075481295",
    "barcode": null,
    "shop": "Woolworths",
    "weight": "100G",
    "prices": [
      {
        "state": "NSW",
        "price": "1695",
        "price_per_unit": "2825",
        "price_unit": "G"
      },
      {
        "state": "VIC",
        "price": "1695",
        "price_per_unit": "2825",
        "price_unit": "G"
      },
      {
        "state": "QLD",
        "price": "1695",
        "price_per_unit": "2825",
        "price_unit": "G"
      },
      {
        "state": "QLD",
        "price": "1695",
        "price_per_unit": "2825",
        "price_unit": "G"
      },
      {
        "state": "WA",
        "price": "1695",
        "price_per_unit": "2825",
        "price_unit": "G"
      },
      {
        "state": "SA",
        "price": "1695",
        "price_per_unit": "2825",
        "price_unit": "G"
      },
      {
        "state": "TAS",
        "price": "1695",
        "price_per_unit": "2825",
        "price_unit": "G"
      },
      {
        "state": "ACT",
        "price": "1695",
        "price_per_unit": "2825",
        "price_unit": "G"
      },
      {
        "state": "NT",
        "price": "1695",
        "price_per_unit": "2825",
        "price_unit": "G"
      }
    ]
  },
  {
    "source_url": "https://www.woolworths.com.au/shop/productdetails/1075480518/dermal-therapy-psoriasis-cream-60g",
    "name": "Dermal Therapy Psoriasis Cream 60g",
    "image_url": "https://cdn1.woolworths.media/content/wowproductimages/large/1075480518.jpg",
    "source_id": "Woolworths - 1075480518",
    "barcode": null,
    "shop": "Woolworths",
    "weight": "100G",
    "prices": [
      {
        "state": "NSW",
        "price": "1695",
        "price_per_unit": "2825",
        "price_unit": "G"
      },
      {
        "state": "VIC",
        "price": "1695",
        "price_per_unit": "2825",
        "price_unit": "G"
      },
      {
        "state": "QLD",
        "price": "1695",
        "price_per_unit": "2825",
        "price_unit": "G"
      },
      {
        "state": "QLD",
        "price": "1695",
        "price_per_unit": "2825",
        "price_unit": "G"
      },
      {
        "state": "WA",
        "price": "1695",
        "price_per_unit": "2825",
        "price_unit": "G"
      },
      {
        "state": "SA",
        "price": "1695",
        "price_per_unit": "2825",
        "price_unit": "G"
      },
      {
        "state": "TAS",
        "price": "1695",
        "price_per_unit": "2825",
        "price_unit": "G"
      },
      {
        "state": "ACT",
        "price": "1695",
        "price_per_unit": "2825",
        "price_unit": "G"
      },
      {
        "state": "NT",
        "price": "1695",
        "price_per_unit": "2825",
        "price_unit": "G"
      }
    ]
  },
  {
    "source_url": "https://www.woolworths.com.au/shop/productdetails/1075479305/dermal-therapy-redness-relief-cream-60g",
    "name": "Dermal Therapy Redness Relief Cream 60g",
    "image_url": "https://cdn1.woolworths.media/content/wowproductimages/large/1075479305.jpg",
    "source_id": "Woolworths - 1075479305",
    "barcode": null,
    "shop": "Woolworths",
    "weight": "100G",
    "prices": [
      {
        "state": "NSW",
        "price": "1695",
        "price_per_unit": "2825",
        "price_unit": "G"
      },
      {
        "state": "VIC",
        "price": "1695",
        "price_per_unit": "2825",
        "price_unit": "G"
      },
      {
        "state": "QLD",
        "price": "1695",
        "price_per_unit": "2825",
        "price_unit": "G"
      },
      {
        "state": "QLD",
        "price": "1695",
        "price_per_unit": "2825",
        "price_unit": "G"
      },
      {
        "state": "WA",
        "price": "1695",
        "price_per_unit": "2825",
        "price_unit": "G"
      },
      {
        "state": "SA",
        "price": "1695",
        "price_per_unit": "2825",
        "price_unit": "G"
      },
      {
        "state": "TAS",
        "price": "1695",
        "price_per_unit": "2825",
        "price_unit": "G"
      },
      {
        "state": "ACT",
        "price": "1695",
        "price_per_unit": "2825",
        "price_unit": "G"
      },
      {
        "state": "NT",
        "price": "1695",
        "price_per_unit": "2825",
        "price_unit": "G"
      }
    ]
  },
  {
    "source_url": "https://www.woolworths.com.au/shop/productdetails/1075481595/dermal-therapy-scar-treatment-silicone-gel-10g",
    "name": "Dermal Therapy Scar Treatment Silicone+ Gel 10g",
    "image_url": "https://cdn1.woolworths.media/content/wowproductimages/large/1075481595.jpg",
    "source_id": "Woolworths - 1075481595",
    "barcode": null,
    "shop": "Woolworths",
    "weight": "100G",
    "prices": [
      {
        "state": "NSW",
        "price": "2595",
        "price_per_unit": "25950",
        "price_unit": "G"
      },
      {
        "state": "VIC",
        "price": "2595",
        "price_per_unit": "25950",
        "price_unit": "G"
      },
      {
        "state": "QLD",
        "price": "2595",
        "price_per_unit": "25950",
        "price_unit": "G"
      },
      {
        "state": "QLD",
        "price": "2595",
        "price_per_unit": "25950",
        "price_unit": "G"
      },
      {
        "state": "WA",
        "price": "2595",
        "price_per_unit": "25950",
        "price_unit": "G"
      },
      {
        "state": "SA",
        "price": "2595",
        "price_per_unit": "25950",
        "price_unit": "G"
      },
      {
        "state": "TAS",
        "price": "2595",
        "price_per_unit": "25950",
        "price_unit": "G"
      },
      {
        "state": "ACT",
        "price": "2595",
        "price_per_unit": "25950",
        "price_unit": "G"
      },
      {
        "state": "NT",
        "price": "2595",
        "price_per_unit": "25950",
        "price_unit": "G"
      }
    ]
  },
  {
    "source_url": "https://www.woolworths.com.au/shop/productdetails/1075481659/dermal-therapy-sensitive-skin-lotion-750ml",
    "name": "Dermal Therapy Sensitive Skin Lotion 750ml",
    "image_url": "https://cdn1.woolworths.media/content/wowproductimages/large/1075481659.jpg",
    "source_id": "Woolworths - 1075481659",
    "barcode": null,
    "shop": "Woolworths",
    "weight": "100ML",
    "prices": [
      {
        "state": "NSW",
        "price": "1945",
        "price_per_unit": "259",
        "price_unit": "ML"
      },
      {
        "state": "VIC",
        "price": "1945",
        "price_per_unit": "259",
        "price_unit": "ML"
      },
      {
        "state": "QLD",
        "price": "1945",
        "price_per_unit": "259",
        "price_unit": "ML"
      },
      {
        "state": "QLD",
        "price": "1945",
        "price_per_unit": "259",
        "price_unit": "ML"
      },
      {
        "state": "WA",
        "price": "1945",
        "price_per_unit": "259",
        "price_unit": "ML"
      },
      {
        "state": "SA",
        "price": "1945",
        "price_per_unit": "259",
        "price_unit": "ML"
      },
      {
        "state": "TAS",
        "price": "1945",
        "price_per_unit": "259",
        "price_unit": "ML"
      },
      {
        "state": "ACT",
        "price": "1945",
        "price_per_unit": "259",
        "price_unit": "ML"
      },
      {
        "state": "NT",
        "price": "1945",
        "price_per_unit": "259",
        "price_unit": "ML"
      }
    ]
  },
  {
    "source_url": "https://www.woolworths.com.au/shop/productdetails/134511/dermal-therapy-sensitive-skin-wash",
    "name": "Dermal Therapy Sensitive Skin Wash 1l",
    "image_url": "https://cdn1.woolworths.media/content/wowproductimages/large/134511.jpg",
    "source_id": "Woolworths - 134511",
    "barcode": "9329224000919",
    "shop": "Woolworths",
    "weight": "100ML",
    "prices": [
      {
        "state": "NSW",
        "price": "2500",
        "price_per_unit": "250",
        "price_unit": "ML"
      },
      {
        "state": "VIC",
        "price": "2500",
        "price_per_unit": "250",
        "price_unit": "ML"
      },
      {
        "state": "SA",
        "price": "2500",
        "price_per_unit": "250",
        "price_unit": "ML"
      },
      {
        "state": "TAS",
        "price": "2500",
        "price_per_unit": "250",
        "price_unit": "ML"
      },
      {
        "state": "ACT",
        "price": "2500",
        "price_per_unit": "250",
        "price_unit": "ML"
      }
    ]
  },
  {
    "source_url": "https://www.woolworths.com.au/shop/productdetails/204813/dermal-therapy-very-dry-face-cream",
    "name": "Dermal Therapy Very Dry Face Cream 50g",
    "image_url": "https://cdn1.woolworths.media/content/wowproductimages/large/204813.jpg",
    "source_id": "Woolworths - 204813",
    "barcode": "9329224002609",
    "shop": "Woolworths",
    "weight": "100G",
    "prices": [
      {
        "state": "NSW",
        "price": "1900",
        "price_per_unit": "3800",
        "price_unit": "G"
      },
      {
        "state": "WA",
        "price": "1900",
        "price_per_unit": "3800",
        "price_unit": "G"
      },
      {
        "state": "SA",
        "price": "1900",
        "price_per_unit": "3800",
        "price_unit": "G"
      },
      {
        "state": "ACT",
        "price": "1900",
        "price_per_unit": "3800",
        "price_unit": "G"
      }
    ]
  },
  {
    "source_url": "https://www.woolworths.com.au/shop/productdetails/136620/dermal-therapy-very-dry-skin-cream",
    "name": "Dermal Therapy Very Dry Skin Cream 125g",
    "image_url": "https://cdn1.woolworths.media/content/wowproductimages/large/136620.jpg",
    "source_id": "Woolworths - 136620",
    "barcode": "9329224001343",
    "shop": "Woolworths",
    "weight": "100G",
    "prices": [
      {
        "state": "VIC",
        "price": "1200",
        "price_per_unit": "960",
        "price_unit": "G"
      },
      {
        "state": "QLD",
        "price": "1200",
        "price_per_unit": "960",
        "price_unit": "G"
      },
      {
        "state": "QLD",
        "price": "1200",
        "price_per_unit": "960",
        "price_unit": "G"
      },
      {
        "state": "WA",
        "price": "1200",
        "price_per_unit": "960",
        "price_unit": "G"
      },
      {
        "state": "SA",
        "price": "1200",
        "price_per_unit": "960",
        "price_unit": "G"
      },
      {
        "state": "TAS",
        "price": "1200",
        "price_per_unit": "960",
        "price_unit": "G"
      },
      {
        "state": "ACT",
        "price": "1200",
        "price_per_unit": "960",
        "price_unit": "G"
      },
      {
        "state": "NT",
        "price": "1200",
        "price_per_unit": "960",
        "price_unit": "G"
      }
    ]
  },
  {
    "source_url": "https://www.woolworths.com.au/shop/productdetails/1075479493/dermal-therapy-very-dry-skin-cream-125g",
    "name": "Dermal Therapy Very Dry Skin Cream 125g",
    "image_url": "https://cdn1.woolworths.media/content/wowproductimages/large/1075479493.jpg",
    "source_id": "Woolworths - 1075479493",
    "barcode": null,
    "shop": "Woolworths",
    "weight": "100G",
    "prices": [
      {
        "state": "NSW",
        "price": "995",
        "price_per_unit": "796",
        "price_unit": "G"
      },
      {
        "state": "VIC",
        "price": "995",
        "price_per_unit": "796",
        "price_unit": "G"
      },
      {
        "state": "QLD",
        "price": "995",
        "price_per_unit": "796",
        "price_unit": "G"
      },
      {
        "state": "QLD",
        "price": "995",
        "price_per_unit": "796",
        "price_unit": "G"
      },
      {
        "state": "WA",
        "price": "995",
        "price_per_unit": "796",
        "price_unit": "G"
      },
      {
        "state": "SA",
        "price": "995",
        "price_per_unit": "796",
        "price_unit": "G"
      },
      {
        "state": "TAS",
        "price": "995",
        "price_per_unit": "796",
        "price_unit": "G"
      },
      {
        "state": "ACT",
        "price": "995",
        "price_per_unit": "796",
        "price_unit": "G"
      },
      {
        "state": "NT",
        "price": "995",
        "price_per_unit": "796",
        "price_unit": "G"
      }
    ]
  },
  {
    "source_url": "https://www.woolworths.com.au/shop/productdetails/140416/dermal-therapy-very-dry-skin-lotion",
    "name": "Dermal Therapy Very Dry Skin Lotion 500ml",
    "image_url": "https://cdn1.woolworths.media/content/wowproductimages/large/140416.jpg",
    "source_id": "Woolworths - 140416",
    "barcode": "9329224001831",
    "shop": "Woolworths",
    "weight": "100ML",
    "prices": [
      {
        "state": "NSW",
        "price": "2200",
        "price_per_unit": "440",
        "price_unit": "ML"
      },
      {
        "state": "WA",
        "price": "2200",
        "price_per_unit": "440",
        "price_unit": "ML"
      },
      {
        "state": "SA",
        "price": "2200",
        "price_per_unit": "440",
        "price_unit": "ML"
      },
      {
        "state": "ACT",
        "price": "2200",
        "price_per_unit": "440",
        "price_unit": "ML"
      }
    ]
  },
  {
    "source_url": "https://www.woolworths.com.au/shop/productdetails/1074651096/dermalogica-biolumin-c-gel-moisturizer-50ml-1-7oz",
    "name": "Dermalogica Biolumin-C Gel Moisturizer 50ml/1.7oz",
    "image_url": "https://cdn1.woolworths.media/content/wowproductimages/large/1074651096.jpg",
    "source_id": "Woolworths - 1074651096",
    "barcode": null,
    "shop": "Woolworths",
    "weight": "100ML",
    "prices": [
      {
        "state": "NSW",
        "price": "13500",
        "price_per_unit": "27000",
        "price_unit": "ML"
      },
      {
        "state": "VIC",
        "price": "13500",
        "price_per_unit": "27000",
        "price_unit": "ML"
      },
      {
        "state": "WA",
        "price": "13500",
        "price_per_unit": "27000",
        "price_unit": "ML"
      },
      {
        "state": "SA",
        "price": "13500",
        "price_per_unit": "27000",
        "price_unit": "ML"
      },
      {
        "state": "TAS",
        "price": "13500",
        "price_per_unit": "27000",
        "price_unit": "ML"
      },
      {
        "state": "ACT",
        "price": "13500",
        "price_per_unit": "27000",
        "price_unit": "ML"
      },
      {
        "state": "NT",
        "price": "13500",
        "price_per_unit": "27000",
        "price_unit": "ML"
      }
    ]
  },
  {
    "source_url": "https://www.woolworths.com.au/shop/productdetails/1074651097/dermalogica-biolumin-c-gel-moisturizer-pro-salon-size-177ml-6oz",
    "name": "Dermalogica Biolumin-C Gel Moisturizer PRO (Salon Size) 177ml/6oz",
    "image_url": "https://cdn1.woolworths.media/content/wowproductimages/large/1074651097.jpg",
    "source_id": "Woolworths - 1074651097",
    "barcode": null,
    "shop": "Woolworths",
    "weight": "100ML",
    "prices": [
      {
        "state": "NSW",
        "price": "25500",
        "price_per_unit": "14407",
        "price_unit": "ML"
      },
      {
        "state": "VIC",
        "price": "25500",
        "price_per_unit": "14407",
        "price_unit": "ML"
      },
      {
        "state": "WA",
        "price": "25500",
        "price_per_unit": "14407",
        "price_unit": "ML"
      },
      {
        "state": "SA",
        "price": "25500",
        "price_per_unit": "14407",
        "price_unit": "ML"
      },
      {
        "state": "TAS",
        "price": "25500",
        "price_per_unit": "14407",
        "price_unit": "ML"
      },
      {
        "state": "ACT",
        "price": "25500",
        "price_per_unit": "14407",
        "price_unit": "ML"
      },
      {
        "state": "NT",
        "price": "25500",
        "price_per_unit": "14407",
        "price_unit": "ML"
      }
    ]
  },
  {
    "source_url": "https://www.woolworths.com.au/shop/productdetails/1075797829/dermalogica-body-therapy-body-hydrating-cream-pro-salon-size-946ml-32oz",
    "name": "Dermalogica Body Therapy Body Hydrating Cream PRO (Salon Size) 946ml/32oz",
    "image_url": "https://cdn1.woolworths.media/content/wowproductimages/large/1075797829.jpg",
    "source_id": "Woolworths - 1075797829",
    "barcode": null,
    "shop": "Woolworths",
    "weight": "100ML",
    "prices": [
      {
        "state": "NSW",
        "price": "14000",
        "price_per_unit": "1480",
        "price_unit": "ML"
      },
      {
        "state": "VIC",
        "price": "14000",
        "price_per_unit": "1480",
        "price_unit": "ML"
      },
      {
        "state": "WA",
        "price": "14000",
        "price_per_unit": "1480",
        "price_unit": "ML"
      },
      {
        "state": "SA",
        "price": "14000",
        "price_per_unit": "1480",
        "price_unit": "ML"
      },
      {
        "state": "TAS",
        "price": "14000",
        "price_per_unit": "1480",
        "price_unit": "ML"
      },
      {
        "state": "ACT",
        "price": "14000",
        "price_per_unit": "1480",
        "price_unit": "ML"
      },
      {
        "state": "NT",
        "price": "14000",
        "price_per_unit": "1480",
        "price_unit": "ML"
      }
    ]
  },
  {
    "source_url": "https://www.woolworths.com.au/shop/productdetails/1074651107/dermalogica-intensive-moisture-balance-50ml-1-7oz",
    "name": "Dermalogica Intensive Moisture Balance 50ml/1.7oz",
    "image_url": "https://cdn1.woolworths.media/content/wowproductimages/large/1074651107.jpg",
    "source_id": "Woolworths - 1074651107",
    "barcode": null,
    "shop": "Woolworths",
    "weight": "100ML",
    "prices": [
      {
        "state": "NSW",
        "price": "8300",
        "price_per_unit": "16600",
        "price_unit": "ML"
      },
      {
        "state": "VIC",
        "price": "8300",
        "price_per_unit": "16600",
        "price_unit": "ML"
      },
      {
        "state": "QLD",
        "price": "8300",
        "price_per_unit": "16600",
        "price_unit": "ML"
      },
      {
        "state": "WA",
        "price": "8300",
        "price_per_unit": "16600",
        "price_unit": "ML"
      },
      {
        "state": "SA",
        "price": "8300",
        "price_per_unit": "16600",
        "price_unit": "ML"
      },
      {
        "state": "TAS",
        "price": "8300",
        "price_per_unit": "16600",
        "price_unit": "ML"
      },
      {
        "state": "ACT",
        "price": "8300",
        "price_per_unit": "16600",
        "price_unit": "ML"
      },
      {
        "state": "NT",
        "price": "8300",
        "price_per_unit": "16600",
        "price_unit": "ML"
      }
    ]
  },
  {
    "source_url": "https://www.woolworths.com.au/shop/productdetails/1074651121/dermalogica-skin-smoothing-cream-50ml-1-7oz",
    "name": "Dermalogica Skin Smoothing Cream 50ml/1.7oz",
    "image_url": "https://cdn1.woolworths.media/content/wowproductimages/large/1074651121.jpg",
    "source_id": "Woolworths - 1074651121",
    "barcode": null,
    "shop": "Woolworths",
    "weight": "100ML",
    "prices": [
      {
        "state": "NSW",
        "price": "9400",
        "price_per_unit": "18800",
        "price_unit": "ML"
      },
      {
        "state": "VIC",
        "price": "9400",
        "price_per_unit": "18800",
        "price_unit": "ML"
      },
      {
        "state": "QLD",
        "price": "9400",
        "price_per_unit": "18800",
        "price_unit": "ML"
      },
      {
        "state": "WA",
        "price": "9400",
        "price_per_unit": "18800",
        "price_unit": "ML"
      },
      {
        "state": "SA",
        "price": "9400",
        "price_per_unit": "18800",
        "price_unit": "ML"
      },
      {
        "state": "TAS",
        "price": "9400",
        "price_per_unit": "18800",
        "price_unit": "ML"
      },
      {
        "state": "ACT",
        "price": "9400",
        "price_per_unit": "18800",
        "price_unit": "ML"
      },
      {
        "state": "NT",
        "price": "9400",
        "price_per_unit": "18800",
        "price_unit": "ML"
      }
    ]
  },
  {
    "source_url": "https://www.woolworths.com.au/shop/productdetails/1075480776/dermascar-silicone-scar-reduction-gel-classic-15g",
    "name": "DermaScar Silicone Scar Reduction Gel Classic 15g",
    "image_url": "https://cdn1.woolworths.media/content/wowproductimages/large/1075480776.jpg",
    "source_id": "Woolworths - 1075480776",
    "barcode": null,
    "shop": "Woolworths",
    "weight": "100G",
    "prices": [
      {
        "state": "NSW",
        "price": "1445",
        "price_per_unit": "9633",
        "price_unit": "G"
      },
      {
        "state": "VIC",
        "price": "1445",
        "price_per_unit": "9633",
        "price_unit": "G"
      },
      {
        "state": "QLD",
        "price": "1445",
        "price_per_unit": "9633",
        "price_unit": "G"
      },
      {
        "state": "QLD",
        "price": "1445",
        "price_per_unit": "9633",
        "price_unit": "G"
      },
      {
        "state": "WA",
        "price": "1445",
        "price_per_unit": "9633",
        "price_unit": "G"
      },
      {
        "state": "SA",
        "price": "1445",
        "price_per_unit": "9633",
        "price_unit": "G"
      },
      {
        "state": "TAS",
        "price": "1445",
        "price_per_unit": "9633",
        "price_unit": "G"
      },
      {
        "state": "ACT",
        "price": "1445",
        "price_per_unit": "9633",
        "price_unit": "G"
      },
      {
        "state": "NT",
        "price": "1445",
        "price_per_unit": "9633",
        "price_unit": "G"
      }
    ]
  },
  {
    "source_url": "https://www.woolworths.com.au/shop/productdetails/1075347192/dermascar-silicone-scar-reduction-gel-platinum-c-e-15g",
    "name": "DermaScar Silicone Scar Reduction Gel Platinum C&E 15g",
    "image_url": "https://cdn1.woolworths.media/content/wowproductimages/large/1075347192.jpg",
    "source_id": "Woolworths - 1075347192",
    "barcode": null,
    "shop": "Woolworths",
    "weight": "100G",
    "prices": [
      {
        "state": "NSW",
        "price": "3395",
        "price_per_unit": "22633",
        "price_unit": "G"
      },
      {
        "state": "VIC",
        "price": "3395",
        "price_per_unit": "22633",
        "price_unit": "G"
      },
      {
        "state": "QLD",
        "price": "3395",
        "price_per_unit": "22633",
        "price_unit": "G"
      },
      {
        "state": "QLD",
        "price": "3395",
        "price_per_unit": "22633",
        "price_unit": "G"
      },
      {
        "state": "WA",
        "price": "3395",
        "price_per_unit": "22633",
        "price_unit": "G"
      },
      {
        "state": "SA",
        "price": "3395",
        "price_per_unit": "22633",
        "price_unit": "G"
      },
      {
        "state": "TAS",
        "price": "3395",
        "price_per_unit": "22633",
        "price_unit": "G"
      },
      {
        "state": "ACT",
        "price": "3395",
        "price_per_unit": "22633",
        "price_unit": "G"
      },
      {
        "state": "NT",
        "price": "3395",
        "price_per_unit": "22633",
        "price_unit": "G"
      }
    ]
  },
  {
    "source_url": "https://www.woolworths.com.au/shop/productdetails/1075477341/dermascar-silicone-scar-reduction-gel-plus-e-15g",
    "name": "DermaScar Silicone Scar Reduction Gel Plus E 15g",
    "image_url": "https://cdn1.woolworths.media/content/wowproductimages/large/1075477341.jpg",
    "source_id": "Woolworths - 1075477341",
    "barcode": null,
    "shop": "Woolworths",
    "weight": "100G",
    "prices": [
      {
        "state": "NSW",
        "price": "2295",
        "price_per_unit": "15300",
        "price_unit": "G"
      },
      {
        "state": "VIC",
        "price": "2295",
        "price_per_unit": "15300",
        "price_unit": "G"
      },
      {
        "state": "QLD",
        "price": "2295",
        "price_per_unit": "15300",
        "price_unit": "G"
      },
      {
        "state": "QLD",
        "price": "2295",
        "price_per_unit": "15300",
        "price_unit": "G"
      },
      {
        "state": "WA",
        "price": "2295",
        "price_per_unit": "15300",
        "price_unit": "G"
      },
      {
        "state": "SA",
        "price": "2295",
        "price_per_unit": "15300",
        "price_unit": "G"
      },
      {
        "state": "TAS",
        "price": "2295",
        "price_per_unit": "15300",
        "price_unit": "G"
      },
      {
        "state": "ACT",
        "price": "2295",
        "price_per_unit": "15300",
        "price_unit": "G"
      },
      {
        "state": "NT",
        "price": "2295",
        "price_per_unit": "15300",
        "price_unit": "G"
      }
    ]
  },
  {
    "source_url": "https://www.woolworths.com.au/shop/productdetails/1075346445/dermascar-stretch-mark-oil-120ml",
    "name": "DermaScar Stretch Mark Oil 120ml",
    "image_url": "https://cdn1.woolworths.media/content/wowproductimages/large/1075346445.jpg",
    "source_id": "Woolworths - 1075346445",
    "barcode": null,
    "shop": "Woolworths",
    "weight": "100ML",
    "prices": [
      {
        "state": "NSW",
        "price": "2795",
        "price_per_unit": "2329",
        "price_unit": "ML"
      },
      {
        "state": "VIC",
        "price": "2795",
        "price_per_unit": "2329",
        "price_unit": "ML"
      },
      {
        "state": "QLD",
        "price": "2795",
        "price_per_unit": "2329",
        "price_unit": "ML"
      },
      {
        "state": "QLD",
        "price": "2795",
        "price_per_unit": "2329",
        "price_unit": "ML"
      },
      {
        "state": "WA",
        "price": "2795",
        "price_per_unit": "2329",
        "price_unit": "ML"
      },
      {
        "state": "SA",
        "price": "2795",
        "price_per_unit": "2329",
        "price_unit": "ML"
      },
      {
        "state": "TAS",
        "price": "2795",
        "price_per_unit": "2329",
        "price_unit": "ML"
      },
      {
        "state": "ACT",
        "price": "2795",
        "price_per_unit": "2329",
        "price_unit": "ML"
      },
      {
        "state": "NT",
        "price": "2795",
        "price_per_unit": "2329",
        "price_unit": "ML"
      }
    ]
  },
  {
    "source_url": "https://www.woolworths.com.au/shop/productdetails/1075346184/dermascar-stretch-mark-oil-60ml",
    "name": "DermaScar Stretch Mark Oil 60ml",
    "image_url": "https://cdn1.woolworths.media/content/wowproductimages/large/1075346184.jpg",
    "source_id": "Woolworths - 1075346184",
    "barcode": null,
    "shop": "Woolworths",
    "weight": "100ML",
    "prices": [
      {
        "state": "NSW",
        "price": "2195",
        "price_per_unit": "3658",
        "price_unit": "ML"
      },
      {
        "state": "VIC",
        "price": "2195",
        "price_per_unit": "3658",
        "price_unit": "ML"
      },
      {
        "state": "QLD",
        "price": "2195",
        "price_per_unit": "3658",
        "price_unit": "ML"
      },
      {
        "state": "QLD",
        "price": "2195",
        "price_per_unit": "3658",
        "price_unit": "ML"
      },
      {
        "state": "WA",
        "price": "2195",
        "price_per_unit": "3658",
        "price_unit": "ML"
      },
      {
        "state": "SA",
        "price": "2195",
        "price_per_unit": "3658",
        "price_unit": "ML"
      },
      {
        "state": "TAS",
        "price": "2195",
        "price_per_unit": "3658",
        "price_unit": "ML"
      },
      {
        "state": "ACT",
        "price": "2195",
        "price_per_unit": "3658",
        "price_unit": "ML"
      },
      {
        "state": "NT",
        "price": "2195",
        "price_per_unit": "3658",
        "price_unit": "ML"
      }
    ]
  },
  {
    "source_url": "https://www.woolworths.com.au/shop/productdetails/771317/dermaveen-body-moisturiser-lotion",
    "name": "Dermaveen Body Moisturiser Lotion 500ml",
    "image_url": "https://cdn1.woolworths.media/content/wowproductimages/large/771317.jpg",
    "source_id": "Woolworths - 771317",
    "barcode": "9330130010176",
    "shop": "Woolworths",
    "weight": "100ML",
    "prices": [
      {
        "state": "NSW",
        "price": "1360",
        "price_per_unit": "272",
        "price_unit": "ML"
      },
      {
        "state": "VIC",
        "price": "1360",
        "price_per_unit": "272",
        "price_unit": "ML"
      },
      {
        "state": "WA",
        "price": "1360",
        "price_per_unit": "272",
        "price_unit": "ML"
      },
      {
        "state": "SA",
        "price": "1360",
        "price_per_unit": "272",
        "price_unit": "ML"
      },
      {
        "state": "TAS",
        "price": "1360",
        "price_per_unit": "272",
        "price_unit": "ML"
      },
      {
        "state": "ACT",
        "price": "1360",
        "price_per_unit": "272",
        "price_unit": "ML"
      }
    ]
  },
  {
    "source_url": "https://www.woolworths.com.au/shop/productdetails/771393/dermaveen-body-wash-shower-and-bath-oil",
    "name": "Dermaveen Body Wash Shower And Bath Oil 500ml",
    "image_url": "https://cdn1.woolworths.media/content/wowproductimages/large/771393.jpg",
    "source_id": "Woolworths - 771393",
    "barcode": "9314057010334",
    "shop": "Woolworths",
    "weight": "100ML",
    "prices": [
      {
        "state": "NSW",
        "price": "1600",
        "price_per_unit": "320",
        "price_unit": "ML"
      },
      {
        "state": "VIC",
        "price": "1600",
        "price_per_unit": "320",
        "price_unit": "ML"
      },
      {
        "state": "WA",
        "price": "1600",
        "price_per_unit": "320",
        "price_unit": "ML"
      },
      {
        "state": "SA",
        "price": "1600",
        "price_per_unit": "320",
        "price_unit": "ML"
      },
      {
        "state": "TAS",
        "price": "1600",
        "price_per_unit": "320",
        "price_unit": "ML"
      },
      {
        "state": "ACT",
        "price": "1600",
        "price_per_unit": "320",
        "price_unit": "ML"
      }
    ]
  },
  {
    "source_url": "https://www.woolworths.com.au/shop/productdetails/771315/dermaveen-body-wash-soap-free",
    "name": "Dermaveen Body Wash Soap Free 500ml",
    "image_url": "https://cdn1.woolworths.media/content/wowproductimages/large/771315.jpg",
    "source_id": "Woolworths - 771315",
    "barcode": "9330130010060",
    "shop": "Woolworths",
    "weight": "100ML",
    "prices": [
      {
        "state": "NSW",
        "price": "1360",
        "price_per_unit": "272",
        "price_unit": "ML"
      },
      {
        "state": "VIC",
        "price": "1360",
        "price_per_unit": "272",
        "price_unit": "ML"
      },
      {
        "state": "QLD",
        "price": "1360",
        "price_per_unit": "272",
        "price_unit": "ML"
      },
      {
        "state": "QLD",
        "price": "1360",
        "price_per_unit": "272",
        "price_unit": "ML"
      },
      {
        "state": "WA",
        "price": "1360",
        "price_per_unit": "272",
        "price_unit": "ML"
      },
      {
        "state": "SA",
        "price": "1360",
        "price_per_unit": "272",
        "price_unit": "ML"
      },
      {
        "state": "TAS",
        "price": "1360",
        "price_per_unit": "272",
        "price_unit": "ML"
      },
      {
        "state": "ACT",
        "price": "1360",
        "price_per_unit": "272",
        "price_unit": "ML"
      },
      {
        "state": "NT",
        "price": "1360",
        "price_per_unit": "272",
        "price_unit": "ML"
      }
    ]
  },
  {
    "source_url": "https://www.woolworths.com.au/shop/productdetails/1075479203/dermaveen-daily-nourish-moisturising-lotion-1-litre",
    "name": "DermaVeen Daily Nourish Moisturising Lotion 1 Litre",
    "image_url": "https://cdn1.woolworths.media/content/wowproductimages/large/1075479203.jpg",
    "source_id": "Woolworths - 1075479203",
    "barcode": null,
    "shop": "Woolworths",
    "weight": "100ML",
    "prices": [
      {
        "state": "NSW",
        "price": "2379",
        "price_per_unit": "238",
        "price_unit": "ML"
      },
      {
        "state": "VIC",
        "price": "2379",
        "price_per_unit": "238",
        "price_unit": "ML"
      },
      {
        "state": "QLD",
        "price": "2379",
        "price_per_unit": "238",
        "price_unit": "ML"
      },
      {
        "state": "QLD",
        "price": "2379",
        "price_per_unit": "238",
        "price_unit": "ML"
      },
      {
        "state": "WA",
        "price": "2379",
        "price_per_unit": "238",
        "price_unit": "ML"
      },
      {
        "state": "SA",
        "price": "2379",
        "price_per_unit": "238",
        "price_unit": "ML"
      },
      {
        "state": "TAS",
        "price": "2379",
        "price_per_unit": "238",
        "price_unit": "ML"
      },
      {
        "state": "ACT",
        "price": "2379",
        "price_per_unit": "238",
        "price_unit": "ML"
      },
      {
        "state": "NT",
        "price": "2379",
        "price_per_unit": "238",
        "price_unit": "ML"
      }
    ]
  },
  {
    "source_url": "https://www.woolworths.com.au/shop/productdetails/141385/dermaveen-extra-hydration-gentle-soap-free-wash",
    "name": "Dermaveen Extra Hydration Gentle Soap Free Wash 1l",
    "image_url": "https://cdn1.woolworths.media/content/wowproductimages/large/141385.jpg",
    "source_id": "Woolworths - 141385",
    "barcode": "9330130012095",
    "shop": "Woolworths",
    "weight": "100ML",
    "prices": [
      {
        "state": "NSW",
        "price": "2400",
        "price_per_unit": "240",
        "price_unit": "ML"
      },
      {
        "state": "VIC",
        "price": "2400",
        "price_per_unit": "240",
        "price_unit": "ML"
      },
      {
        "state": "QLD",
        "price": "2400",
        "price_per_unit": "240",
        "price_unit": "ML"
      },
      {
        "state": "QLD",
        "price": "2400",
        "price_per_unit": "240",
        "price_unit": "ML"
      },
      {
        "state": "WA",
        "price": "2400",
        "price_per_unit": "240",
        "price_unit": "ML"
      },
      {
        "state": "SA",
        "price": "2400",
        "price_per_unit": "240",
        "price_unit": "ML"
      },
      {
        "state": "TAS",
        "price": "2400",
        "price_per_unit": "240",
        "price_unit": "ML"
      },
      {
        "state": "ACT",
        "price": "2400",
        "price_per_unit": "240",
        "price_unit": "ML"
      },
      {
        "state": "NT",
        "price": "2400",
        "price_per_unit": "240",
        "price_unit": "ML"
      }
    ]
  },
  {
    "source_url": "https://www.woolworths.com.au/shop/productdetails/1075477913/dermaveen-extra-hydration-intensive-moisturising-cream-1kg",
    "name": "DermaVeen Extra Hydration Intensive Moisturising Cream 1kg",
    "image_url": "https://cdn1.woolworths.media/content/wowproductimages/large/1075477913.jpg",
    "source_id": "Woolworths - 1075477913",
    "barcode": null,
    "shop": "Woolworths",
    "weight": "100G",
    "prices": [
      {
        "state": "NSW",
        "price": "3195",
        "price_per_unit": "320",
        "price_unit": "G"
      },
      {
        "state": "VIC",
        "price": "3195",
        "price_per_unit": "320",
        "price_unit": "G"
      },
      {
        "state": "QLD",
        "price": "3195",
        "price_per_unit": "320",
        "price_unit": "G"
      },
      {
        "state": "QLD",
        "price": "3195",
        "price_per_unit": "320",
        "price_unit": "G"
      },
      {
        "state": "WA",
        "price": "3195",
        "price_per_unit": "320",
        "price_unit": "G"
      },
      {
        "state": "SA",
        "price": "3195",
        "price_per_unit": "320",
        "price_unit": "G"
      },
      {
        "state": "TAS",
        "price": "3195",
        "price_per_unit": "320",
        "price_unit": "G"
      },
      {
        "state": "ACT",
        "price": "3195",
        "price_per_unit": "320",
        "price_unit": "G"
      },
      {
        "state": "NT",
        "price": "3195",
        "price_per_unit": "320",
        "price_unit": "G"
      }
    ]
  },
  {
    "source_url": "https://www.woolworths.com.au/shop/productdetails/141155/dermaveen-extra-hydration-intensive-moisturising-cream",
    "name": "Dermaveen Extra Hydration Intensive Moisturising Cream 450g",
    "image_url": "https://cdn1.woolworths.media/content/wowproductimages/large/141155.jpg",
    "source_id": "Woolworths - 141155",
    "barcode": "9314057012116",
    "shop": "Woolworths",
    "weight": "100G",
    "prices": [
      {
        "state": "NSW",
        "price": "1840",
        "price_per_unit": "409",
        "price_unit": "G"
      },
      {
        "state": "WA",
        "price": "1840",
        "price_per_unit": "409",
        "price_unit": "G"
      },
      {
        "state": "SA",
        "price": "1840",
        "price_per_unit": "409",
        "price_unit": "G"
      },
      {
        "state": "ACT",
        "price": "1840",
        "price_per_unit": "409",
        "price_unit": "G"
      }
    ]
  },
  {
    "source_url": "https://www.woolworths.com.au/shop/productdetails/1075479461/dermaveen-extra-hydration-intensive-moisturising-cream-450g",
    "name": "DermaVeen Extra Hydration Intensive Moisturising Cream 450g",
    "image_url": "https://cdn1.woolworths.media/content/wowproductimages/large/1075479461.jpg",
    "source_id": "Woolworths - 1075479461",
    "barcode": null,
    "shop": "Woolworths",
    "weight": "100G",
    "prices": [
      {
        "state": "NSW",
        "price": "1839",
        "price_per_unit": "409",
        "price_unit": "G"
      },
      {
        "state": "VIC",
        "price": "1839",
        "price_per_unit": "409",
        "price_unit": "G"
      },
      {
        "state": "QLD",
        "price": "1839",
        "price_per_unit": "409",
        "price_unit": "G"
      },
      {
        "state": "QLD",
        "price": "1839",
        "price_per_unit": "409",
        "price_unit": "G"
      },
      {
        "state": "WA",
        "price": "1839",
        "price_per_unit": "409",
        "price_unit": "G"
      },
      {
        "state": "SA",
        "price": "1839",
        "price_per_unit": "409",
        "price_unit": "G"
      },
      {
        "state": "TAS",
        "price": "1839",
        "price_per_unit": "409",
        "price_unit": "G"
      },
      {
        "state": "ACT",
        "price": "1839",
        "price_per_unit": "409",
        "price_unit": "G"
      },
      {
        "state": "NT",
        "price": "1839",
        "price_per_unit": "409",
        "price_unit": "G"
      }
    ]
  },
  {
    "source_url": "https://www.woolworths.com.au/shop/productdetails/1075477866/dermaveen-extra-hydration-intensive-moisturising-lotion-250ml",
    "name": "DermaVeen Extra Hydration Intensive Moisturising Lotion 250ml",
    "image_url": "https://cdn1.woolworths.media/content/wowproductimages/large/1075477866.jpg",
    "source_id": "Woolworths - 1075477866",
    "barcode": null,
    "shop": "Woolworths",
    "weight": "100ML",
    "prices": [
      {
        "state": "NSW",
        "price": "1095",
        "price_per_unit": "438",
        "price_unit": "ML"
      },
      {
        "state": "VIC",
        "price": "1095",
        "price_per_unit": "438",
        "price_unit": "ML"
      },
      {
        "state": "QLD",
        "price": "1095",
        "price_per_unit": "438",
        "price_unit": "ML"
      },
      {
        "state": "QLD",
        "price": "1095",
        "price_per_unit": "438",
        "price_unit": "ML"
      },
      {
        "state": "WA",
        "price": "1095",
        "price_per_unit": "438",
        "price_unit": "ML"
      },
      {
        "state": "SA",
        "price": "1095",
        "price_per_unit": "438",
        "price_unit": "ML"
      },
      {
        "state": "TAS",
        "price": "1095",
        "price_per_unit": "438",
        "price_unit": "ML"
      },
      {
        "state": "ACT",
        "price": "1095",
        "price_per_unit": "438",
        "price_unit": "ML"
      },
      {
        "state": "NT",
        "price": "1095",
        "price_per_unit": "438",
        "price_unit": "ML"
      }
    ]
  },
  {
    "source_url": "https://www.woolworths.com.au/shop/productdetails/141892/dermaveen-extra-hydration-intensive-moisturising-lotion",
    "name": "Dermaveen Extra Hydration Intensive Moisturising Lotion 500ml",
    "image_url": "https://cdn1.woolworths.media/content/wowproductimages/large/141892.jpg",
    "source_id": "Woolworths - 141892",
    "barcode": "9314057013243",
    "shop": "Woolworths",
    "weight": "100ML",
    "prices": [
      {
        "state": "NSW",
        "price": "1600",
        "price_per_unit": "320",
        "price_unit": "ML"
      },
      {
        "state": "WA",
        "price": "1600",
        "price_per_unit": "320",
        "price_unit": "ML"
      },
      {
        "state": "SA",
        "price": "1600",
        "price_per_unit": "320",
        "price_unit": "ML"
      },
      {
        "state": "ACT",
        "price": "1600",
        "price_per_unit": "320",
        "price_unit": "ML"
      }
    ]
  },
  {
    "source_url": "https://www.woolworths.com.au/shop/productdetails/1075481055/dermaveen-extra-hydration-intensive-moisturising-lotion-500ml",
    "name": "DermaVeen Extra Hydration Intensive Moisturising Lotion 500ml",
    "image_url": "https://cdn1.woolworths.media/content/wowproductimages/large/1075481055.jpg",
    "source_id": "Woolworths - 1075481055",
    "barcode": null,
    "shop": "Woolworths",
    "weight": "100ML",
    "prices": [
      {
        "state": "NSW",
        "price": "1599",
        "price_per_unit": "320",
        "price_unit": "ML"
      },
      {
        "state": "VIC",
        "price": "1599",
        "price_per_unit": "320",
        "price_unit": "ML"
      },
      {
        "state": "QLD",
        "price": "1599",
        "price_per_unit": "320",
        "price_unit": "ML"
      },
      {
        "state": "QLD",
        "price": "1599",
        "price_per_unit": "320",
        "price_unit": "ML"
      },
      {
        "state": "WA",
        "price": "1599",
        "price_per_unit": "320",
        "price_unit": "ML"
      },
      {
        "state": "SA",
        "price": "1599",
        "price_per_unit": "320",
        "price_unit": "ML"
      },
      {
        "state": "TAS",
        "price": "1599",
        "price_per_unit": "320",
        "price_unit": "ML"
      },
      {
        "state": "ACT",
        "price": "1599",
        "price_per_unit": "320",
        "price_unit": "ML"
      },
      {
        "state": "NT",
        "price": "1599",
        "price_per_unit": "320",
        "price_unit": "ML"
      }
    ]
  },
  {
    "source_url": "https://www.woolworths.com.au/shop/productdetails/1075481161/dermaveen-extra-hydration-sheer-moisturising-cream-200g",
    "name": "DermaVeen Extra Hydration Sheer Moisturising Cream 200g",
    "image_url": "https://cdn1.woolworths.media/content/wowproductimages/large/1075481161.jpg",
    "source_id": "Woolworths - 1075481161",
    "barcode": null,
    "shop": "Woolworths",
    "weight": "100G",
    "prices": [
      {
        "state": "NSW",
        "price": "1359",
        "price_per_unit": "680",
        "price_unit": "G"
      },
      {
        "state": "VIC",
        "price": "1359",
        "price_per_unit": "680",
        "price_unit": "G"
      },
      {
        "state": "QLD",
        "price": "1359",
        "price_per_unit": "680",
        "price_unit": "G"
      },
      {
        "state": "QLD",
        "price": "1359",
        "price_per_unit": "680",
        "price_unit": "G"
      },
      {
        "state": "WA",
        "price": "1359",
        "price_per_unit": "680",
        "price_unit": "G"
      },
      {
        "state": "SA",
        "price": "1359",
        "price_per_unit": "680",
        "price_unit": "G"
      },
      {
        "state": "TAS",
        "price": "1359",
        "price_per_unit": "680",
        "price_unit": "G"
      },
      {
        "state": "ACT",
        "price": "1359",
        "price_per_unit": "680",
        "price_unit": "G"
      },
      {
        "state": "NT",
        "price": "1359",
        "price_per_unit": "680",
        "price_unit": "G"
      }
    ]
  },
  {
    "source_url": "https://www.woolworths.com.au/shop/productdetails/1075477328/dermaveen-extra-hydration-shower-bath-oil-1-litre",
    "name": "DermaVeen Extra Hydration Shower & Bath Oil 1 Litre",
    "image_url": "https://cdn1.woolworths.media/content/wowproductimages/large/1075477328.jpg",
    "source_id": "Woolworths - 1075477328",
    "barcode": null,
    "shop": "Woolworths",
    "weight": "100ML",
    "prices": [
      {
        "state": "NSW",
        "price": "2399",
        "price_per_unit": "240",
        "price_unit": "ML"
      },
      {
        "state": "VIC",
        "price": "2399",
        "price_per_unit": "240",
        "price_unit": "ML"
      },
      {
        "state": "QLD",
        "price": "2399",
        "price_per_unit": "240",
        "price_unit": "ML"
      },
      {
        "state": "WA",
        "price": "2399",
        "price_per_unit": "240",
        "price_unit": "ML"
      },
      {
        "state": "SA",
        "price": "2399",
        "price_per_unit": "240",
        "price_unit": "ML"
      },
      {
        "state": "TAS",
        "price": "2399",
        "price_per_unit": "240",
        "price_unit": "ML"
      },
      {
        "state": "ACT",
        "price": "2399",
        "price_per_unit": "240",
        "price_unit": "ML"
      },
      {
        "state": "NT",
        "price": "2399",
        "price_per_unit": "240",
        "price_unit": "ML"
      }
    ]
  },
  {
    "source_url": "https://www.woolworths.com.au/shop/productdetails/1075479684/dermaveen-extra-hydration-shower-bath-oil-500ml",
    "name": "DermaVeen Extra Hydration Shower & Bath Oil 500ml",
    "image_url": "https://cdn1.woolworths.media/content/wowproductimages/large/1075479684.jpg",
    "source_id": "Woolworths - 1075479684",
    "barcode": null,
    "shop": "Woolworths",
    "weight": "100ML",
    "prices": [
      {
        "state": "NSW",
        "price": "1599",
        "price_per_unit": "320",
        "price_unit": "ML"
      },
      {
        "state": "VIC",
        "price": "1599",
        "price_per_unit": "320",
        "price_unit": "ML"
      },
      {
        "state": "QLD",
        "price": "1599",
        "price_per_unit": "320",
        "price_unit": "ML"
      },
      {
        "state": "WA",
        "price": "1599",
        "price_per_unit": "320",
        "price_unit": "ML"
      },
      {
        "state": "SA",
        "price": "1599",
        "price_per_unit": "320",
        "price_unit": "ML"
      },
      {
        "state": "TAS",
        "price": "1599",
        "price_per_unit": "320",
        "price_unit": "ML"
      },
      {
        "state": "ACT",
        "price": "1599",
        "price_per_unit": "320",
        "price_unit": "ML"
      },
      {
        "state": "NT",
        "price": "1599",
        "price_per_unit": "320",
        "price_unit": "ML"
      }
    ]
  },
  {
    "source_url": "https://www.woolworths.com.au/shop/productdetails/547224/dermaveen-foaming-facial-cleanser-for-sensitive-dry-skin",
    "name": "Dermaveen Foaming Facial Cleanser For Sensitive & Dry Skin 125mL",
    "image_url": "https://cdn1.woolworths.media/content/wowproductimages/large/547224.jpg",
    "source_id": "Woolworths - 547224",
    "barcode": "9314057012345",
    "shop": "Woolworths",
    "weight": "100ML",
    "prices": [
      {
        "state": "NSW",
        "price": "1280",
        "price_per_unit": "1024",
        "price_unit": "ML"
      },
      {
        "state": "VIC",
        "price": "1280",
        "price_per_unit": "1024",
        "price_unit": "ML"
      },
      {
        "state": "WA",
        "price": "1280",
        "price_per_unit": "1024",
        "price_unit": "ML"
      },
      {
        "state": "SA",
        "price": "1280",
        "price_per_unit": "1024",
        "price_unit": "ML"
      },
      {
        "state": "TAS",
        "price": "1280",
        "price_per_unit": "1024",
        "price_unit": "ML"
      },
      {
        "state": "ACT",
        "price": "1280",
        "price_per_unit": "1024",
        "price_unit": "ML"
      },
      {
        "state": "NT",
        "price": "1280",
        "price_per_unit": "1024",
        "price_unit": "ML"
      }
    ]
  },
  {
    "source_url": "https://www.woolworths.com.au/shop/productdetails/546007/dermaveen-hydrating-facial-moisturiser",
    "name": "Dermaveen Hydrating Facial Moisturiser 75mL",
    "image_url": "https://cdn1.woolworths.media/content/wowproductimages/large/546007.jpg",
    "source_id": "Woolworths - 546007",
    "barcode": "9314057009321",
    "shop": "Woolworths",
    "weight": "100ML",
    "prices": [
      {
        "state": "NSW",
        "price": "1280",
        "price_per_unit": "1707",
        "price_unit": "ML"
      },
      {
        "state": "VIC",
        "price": "1280",
        "price_per_unit": "1707",
        "price_unit": "ML"
      },
      {
        "state": "WA",
        "price": "1280",
        "price_per_unit": "1707",
        "price_unit": "ML"
      },
      {
        "state": "SA",
        "price": "1280",
        "price_per_unit": "1707",
        "price_unit": "ML"
      },
      {
        "state": "TAS",
        "price": "1280",
        "price_per_unit": "1707",
        "price_unit": "ML"
      },
      {
        "state": "ACT",
        "price": "1280",
        "price_per_unit": "1707",
        "price_unit": "ML"
      },
      {
        "state": "NT",
        "price": "1280",
        "price_per_unit": "1707",
        "price_unit": "ML"
      }
    ]
  },
  {
    "source_url": "https://www.woolworths.com.au/shop/productdetails/141357/dermaveen-intensive-moisturising-lotion",
    "name": "Dermaveen Intensive Moisturising Lotion 1l",
    "image_url": "https://cdn1.woolworths.media/content/wowproductimages/large/141357.jpg",
    "source_id": "Woolworths - 141357",
    "barcode": "9314057013250",
    "shop": "Woolworths",
    "weight": "100ML",
    "prices": [
      {
        "state": "NSW",
        "price": "2400",
        "price_per_unit": "240",
        "price_unit": "ML"
      },
      {
        "state": "VIC",
        "price": "2400",
        "price_per_unit": "240",
        "price_unit": "ML"
      },
      {
        "state": "WA",
        "price": "2400",
        "price_per_unit": "240",
        "price_unit": "ML"
      },
      {
        "state": "SA",
        "price": "2400",
        "price_per_unit": "240",
        "price_unit": "ML"
      },
      {
        "state": "TAS",
        "price": "2400",
        "price_per_unit": "240",
        "price_unit": "ML"
      },
      {
        "state": "ACT",
        "price": "2400",
        "price_per_unit": "240",
        "price_unit": "ML"
      },
      {
        "state": "NT",
        "price": "2400",
        "price_per_unit": "240",
        "price_unit": "ML"
      }
    ]
  },
  {
    "source_url": "https://www.woolworths.com.au/shop/productdetails/141070/dermaveen-moisturising-lotion",
    "name": "Dermaveen Moisturising Lotion 1l",
    "image_url": "https://cdn1.woolworths.media/content/wowproductimages/large/141070.jpg",
    "source_id": "Woolworths - 141070",
    "barcode": "9330130010152",
    "shop": "Woolworths",
    "weight": "100ML",
    "prices": [
      {
        "state": "NSW",
        "price": "2240",
        "price_per_unit": "224",
        "price_unit": "ML"
      },
      {
        "state": "WA",
        "price": "2240",
        "price_per_unit": "224",
        "price_unit": "ML"
      },
      {
        "state": "SA",
        "price": "2240",
        "price_per_unit": "224",
        "price_unit": "ML"
      },
      {
        "state": "ACT",
        "price": "2240",
        "price_per_unit": "224",
        "price_unit": "ML"
      }
    ]
  },
  {
    "source_url": "https://www.woolworths.com.au/shop/productdetails/1075478494/dermaveen-sensitive-relief-eczema-cream-500ml",
    "name": "DermaVeen Sensitive Relief Eczema Cream 500ml",
    "image_url": "https://cdn1.woolworths.media/content/wowproductimages/large/1075478494.jpg",
    "source_id": "Woolworths - 1075478494",
    "barcode": null,
    "shop": "Woolworths",
    "weight": "100ML",
    "prices": [
      {
        "state": "NSW",
        "price": "2495",
        "price_per_unit": "499",
        "price_unit": "ML"
      },
      {
        "state": "VIC",
        "price": "2495",
        "price_per_unit": "499",
        "price_unit": "ML"
      },
      {
        "state": "WA",
        "price": "2495",
        "price_per_unit": "499",
        "price_unit": "ML"
      },
      {
        "state": "SA",
        "price": "2495",
        "price_per_unit": "499",
        "price_unit": "ML"
      },
      {
        "state": "TAS",
        "price": "2495",
        "price_per_unit": "499",
        "price_unit": "ML"
      },
      {
        "state": "ACT",
        "price": "2495",
        "price_per_unit": "499",
        "price_unit": "ML"
      },
      {
        "state": "NT",
        "price": "2495",
        "price_per_unit": "499",
        "price_unit": "ML"
      }
    ]
  },
  {
    "source_url": "https://www.woolworths.com.au/shop/productdetails/1075478864/dermaveen-sensitive-relief-eczema-lotion-250ml",
    "name": "DermaVeen Sensitive Relief Eczema Lotion 250ml",
    "image_url": "https://cdn1.woolworths.media/content/wowproductimages/large/1075478864.jpg",
    "source_id": "Woolworths - 1075478864",
    "barcode": null,
    "shop": "Woolworths",
    "weight": "100ML",
    "prices": [
      {
        "state": "NSW",
        "price": "1495",
        "price_per_unit": "598",
        "price_unit": "ML"
      },
      {
        "state": "VIC",
        "price": "1495",
        "price_per_unit": "598",
        "price_unit": "ML"
      },
      {
        "state": "WA",
        "price": "1495",
        "price_per_unit": "598",
        "price_unit": "ML"
      },
      {
        "state": "SA",
        "price": "1495",
        "price_per_unit": "598",
        "price_unit": "ML"
      },
      {
        "state": "TAS",
        "price": "1495",
        "price_per_unit": "598",
        "price_unit": "ML"
      },
      {
        "state": "ACT",
        "price": "1495",
        "price_per_unit": "598",
        "price_unit": "ML"
      }
    ]
  },
  {
    "source_url": "https://www.woolworths.com.au/shop/productdetails/1075479852/dermaveen-sensitive-relief-eczema-ointment-200ml",
    "name": "DermaVeen Sensitive Relief Eczema Ointment 200ml",
    "image_url": "https://cdn1.woolworths.media/content/wowproductimages/large/1075479852.jpg",
    "source_id": "Woolworths - 1075479852",
    "barcode": null,
    "shop": "Woolworths",
    "weight": "100ML",
    "prices": [
      {
        "state": "NSW",
        "price": "1480",
        "price_per_unit": "740",
        "price_unit": "ML"
      },
      {
        "state": "VIC",
        "price": "1480",
        "price_per_unit": "740",
        "price_unit": "ML"
      },
      {
        "state": "WA",
        "price": "1480",
        "price_per_unit": "740",
        "price_unit": "ML"
      },
      {
        "state": "SA",
        "price": "1480",
        "price_per_unit": "740",
        "price_unit": "ML"
      },
      {
        "state": "TAS",
        "price": "1480",
        "price_per_unit": "740",
        "price_unit": "ML"
      },
      {
        "state": "ACT",
        "price": "1480",
        "price_per_unit": "740",
        "price_unit": "ML"
      },
      {
        "state": "NT",
        "price": "1480",
        "price_per_unit": "740",
        "price_unit": "ML"
      }
    ]
  },
  {
    "source_url": "https://www.woolworths.com.au/shop/productdetails/141159/dermaveen-soap-free-wash",
    "name": "Dermaveen Soap Free Wash 1l",
    "image_url": "https://cdn1.woolworths.media/content/wowproductimages/large/141159.jpg",
    "source_id": "Woolworths - 141159",
    "barcode": "9330130010046",
    "shop": "Woolworths",
    "weight": "100ML",
    "prices": [
      {
        "state": "NSW",
        "price": "2240",
        "price_per_unit": "224",
        "price_unit": "ML"
      },
      {
        "state": "VIC",
        "price": "2240",
        "price_per_unit": "224",
        "price_unit": "ML"
      },
      {
        "state": "WA",
        "price": "2240",
        "price_per_unit": "224",
        "price_unit": "ML"
      },
      {
        "state": "SA",
        "price": "2240",
        "price_per_unit": "224",
        "price_unit": "ML"
      },
      {
        "state": "TAS",
        "price": "2240",
        "price_per_unit": "224",
        "price_unit": "ML"
      },
      {
        "state": "ACT",
        "price": "2240",
        "price_per_unit": "224",
        "price_unit": "ML"
      },
      {
        "state": "NT",
        "price": "2240",
        "price_per_unit": "224",
        "price_unit": "ML"
      }
    ]
  },
  {
    "source_url": "https://www.woolworths.com.au/shop/productdetails/771752/dermaveen-soap-free-wash-soap-free",
    "name": "Dermaveen Soap Free Wash Soap Free 250ml",
    "image_url": "https://cdn1.woolworths.media/content/wowproductimages/large/771752.jpg",
    "source_id": "Woolworths - 771752",
    "barcode": "9330130010091",
    "shop": "Woolworths",
    "weight": "100ML",
    "prices": [
      {
        "state": "NSW",
        "price": "960",
        "price_per_unit": "384",
        "price_unit": "ML"
      },
      {
        "state": "WA",
        "price": "960",
        "price_per_unit": "384",
        "price_unit": "ML"
      },
      {
        "state": "SA",
        "price": "960",
        "price_per_unit": "384",
        "price_unit": "ML"
      },
      {
        "state": "ACT",
        "price": "960",
        "price_per_unit": "384",
        "price_unit": "ML"
      }
    ]
  },
  {
    "source_url": "https://www.woolworths.com.au/shop/productdetails/601365/dermaveen-soap-free-body-wash-oatmeal",
    "name": "Dermaveen Soap-Free Body Wash Oatmeal 500ml",
    "image_url": "https://cdn1.woolworths.media/content/wowproductimages/large/601365.jpg",
    "source_id": "Woolworths - 601365",
    "barcode": "9314057011195",
    "shop": "Woolworths",
    "weight": "100ML",
    "prices": [
      {
        "state": "NSW",
        "price": "1600",
        "price_per_unit": "320",
        "price_unit": "ML"
      },
      {
        "state": "VIC",
        "price": "1600",
        "price_per_unit": "320",
        "price_unit": "ML"
      },
      {
        "state": "WA",
        "price": "1600",
        "price_per_unit": "320",
        "price_unit": "ML"
      },
      {
        "state": "SA",
        "price": "1600",
        "price_per_unit": "320",
        "price_unit": "ML"
      },
      {
        "state": "TAS",
        "price": "1600",
        "price_per_unit": "320",
        "price_unit": "ML"
      },
      {
        "state": "ACT",
        "price": "1600",
        "price_per_unit": "320",
        "price_unit": "ML"
      },
      {
        "state": "NT",
        "price": "1600",
        "price_per_unit": "320",
        "price_unit": "ML"
      }
    ]
  },
  {
    "source_url": "https://www.woolworths.com.au/shop/productdetails/1075480830/dermeze-moisturising-cream-500g",
    "name": "Dermeze Moisturising Cream 500g",
    "image_url": "https://cdn1.woolworths.media/content/wowproductimages/large/1075480830.jpg",
    "source_id": "Woolworths - 1075480830",
    "barcode": null,
    "shop": "Woolworths",
    "weight": "100G",
    "prices": [
      {
        "state": "NSW",
        "price": "1445",
        "price_per_unit": "289",
        "price_unit": "G"
      },
      {
        "state": "VIC",
        "price": "1445",
        "price_per_unit": "289",
        "price_unit": "G"
      },
      {
        "state": "QLD",
        "price": "1445",
        "price_per_unit": "289",
        "price_unit": "G"
      },
      {
        "state": "WA",
        "price": "1445",
        "price_per_unit": "289",
        "price_unit": "G"
      },
      {
        "state": "SA",
        "price": "1445",
        "price_per_unit": "289",
        "price_unit": "G"
      },
      {
        "state": "TAS",
        "price": "1445",
        "price_per_unit": "289",
        "price_unit": "G"
      },
      {
        "state": "ACT",
        "price": "1445",
        "price_per_unit": "289",
        "price_unit": "G"
      }
    ]
  },
  {
    "source_url": "https://www.woolworths.com.au/shop/productdetails/1075477919/dermeze-moisturising-lotion-500ml",
    "name": "Dermeze Moisturising Lotion 500ml",
    "image_url": "https://cdn1.woolworths.media/content/wowproductimages/large/1075477919.jpg",
    "source_id": "Woolworths - 1075477919",
    "barcode": null,
    "shop": "Woolworths",
    "weight": "100ML",
    "prices": [
      {
        "state": "NSW",
        "price": "1245",
        "price_per_unit": "249",
        "price_unit": "ML"
      },
      {
        "state": "VIC",
        "price": "1245",
        "price_per_unit": "249",
        "price_unit": "ML"
      },
      {
        "state": "QLD",
        "price": "1245",
        "price_per_unit": "249",
        "price_unit": "ML"
      },
      {
        "state": "WA",
        "price": "1245",
        "price_per_unit": "249",
        "price_unit": "ML"
      },
      {
        "state": "SA",
        "price": "1245",
        "price_per_unit": "249",
        "price_unit": "ML"
      },
      {
        "state": "TAS",
        "price": "1245",
        "price_per_unit": "249",
        "price_unit": "ML"
      },
      {
        "state": "ACT",
        "price": "1245",
        "price_per_unit": "249",
        "price_unit": "ML"
      },
      {
        "state": "NT",
        "price": "1245",
        "price_per_unit": "249",
        "price_unit": "ML"
      }
    ]
  },
  {
    "source_url": "https://www.woolworths.com.au/shop/productdetails/1075479374/dermeze-treatment-cream-500g",
    "name": "Dermeze Treatment Cream 500g",
    "image_url": "https://cdn1.woolworths.media/content/wowproductimages/large/1075479374.jpg",
    "source_id": "Woolworths - 1075479374",
    "barcode": null,
    "shop": "Woolworths",
    "weight": "100G",
    "prices": [
      {
        "state": "NSW",
        "price": "1445",
        "price_per_unit": "289",
        "price_unit": "G"
      },
      {
        "state": "VIC",
        "price": "1445",
        "price_per_unit": "289",
        "price_unit": "G"
      },
      {
        "state": "QLD",
        "price": "1445",
        "price_per_unit": "289",
        "price_unit": "G"
      },
      {
        "state": "WA",
        "price": "1445",
        "price_per_unit": "289",
        "price_unit": "G"
      },
      {
        "state": "SA",
        "price": "1445",
        "price_per_unit": "289",
        "price_unit": "G"
      },
      {
        "state": "TAS",
        "price": "1445",
        "price_per_unit": "289",
        "price_unit": "G"
      },
      {
        "state": "ACT",
        "price": "1445",
        "price_per_unit": "289",
        "price_unit": "G"
      },
      {
        "state": "NT",
        "price": "1445",
        "price_per_unit": "289",
        "price_unit": "G"
      }
    ]
  },
  {
    "source_url": "https://www.woolworths.com.au/shop/productdetails/238706/dermeze-treatment-ointment-body",
    "name": "Dermeze Treatment Ointment Body 500g",
    "image_url": "https://cdn1.woolworths.media/content/wowproductimages/large/238706.jpg",
    "source_id": "Woolworths - 238706",
    "barcode": "9331134929754",
    "shop": "Woolworths",
    "weight": "100G",
    "prices": [
      {
        "state": "NSW",
        "price": "2150",
        "price_per_unit": "430",
        "price_unit": "G"
      },
      {
        "state": "WA",
        "price": "2150",
        "price_per_unit": "430",
        "price_unit": "G"
      }
    ]
  },
  {
    "source_url": "https://www.woolworths.com.au/shop/productdetails/1074446952/diptyque-eau-rose-hand-and-body-lotion-200ml-6-8oz",
    "name": "Diptyque Eau Rose Hand And Body Lotion 200ml/6.8oz",
    "image_url": "https://cdn1.woolworths.media/content/wowproductimages/large/1074446952.jpg",
    "source_id": "Woolworths - 1074446952",
    "barcode": null,
    "shop": "Woolworths",
    "weight": "100ML",
    "prices": [
      {
        "state": "NSW",
        "price": "11600",
        "price_per_unit": "5800",
        "price_unit": "ML"
      },
      {
        "state": "VIC",
        "price": "11600",
        "price_per_unit": "5800",
        "price_unit": "ML"
      },
      {
        "state": "WA",
        "price": "11600",
        "price_per_unit": "5800",
        "price_unit": "ML"
      },
      {
        "state": "SA",
        "price": "11600",
        "price_per_unit": "5800",
        "price_unit": "ML"
      },
      {
        "state": "TAS",
        "price": "11600",
        "price_per_unit": "5800",
        "price_unit": "ML"
      },
      {
        "state": "ACT",
        "price": "11600",
        "price_per_unit": "5800",
        "price_unit": "ML"
      },
      {
        "state": "NT",
        "price": "11600",
        "price_per_unit": "5800",
        "price_unit": "ML"
      }
    ]
  },
  {
    "source_url": "https://www.woolworths.com.au/shop/productdetails/1074388007/diptyque-philosykos-hand-and-body-lotion-200ml-6-8oz",
    "name": "Diptyque Philosykos Hand And Body Lotion 200ml/6.8oz",
    "image_url": "https://cdn1.woolworths.media/content/wowproductimages/large/1074388007.jpg",
    "source_id": "Woolworths - 1074388007",
    "barcode": null,
    "shop": "Woolworths",
    "weight": "100ML",
    "prices": [
      {
        "state": "NSW",
        "price": "11000",
        "price_per_unit": "5500",
        "price_unit": "ML"
      },
      {
        "state": "VIC",
        "price": "11000",
        "price_per_unit": "5500",
        "price_unit": "ML"
      },
      {
        "state": "QLD",
        "price": "11000",
        "price_per_unit": "5500",
        "price_unit": "ML"
      },
      {
        "state": "QLD",
        "price": "11000",
        "price_per_unit": "5500",
        "price_unit": "ML"
      },
      {
        "state": "WA",
        "price": "11000",
        "price_per_unit": "5500",
        "price_unit": "ML"
      },
      {
        "state": "SA",
        "price": "11000",
        "price_per_unit": "5500",
        "price_unit": "ML"
      },
      {
        "state": "TAS",
        "price": "11000",
        "price_per_unit": "5500",
        "price_unit": "ML"
      },
      {
        "state": "ACT",
        "price": "11000",
        "price_per_unit": "5500",
        "price_unit": "ML"
      },
      {
        "state": "NT",
        "price": "11000",
        "price_per_unit": "5500",
        "price_unit": "ML"
      }
    ]
  },
  {
    "source_url": "https://www.woolworths.com.au/shop/productdetails/1073918462/dope-skin-co-hydrating-antioxidant-body-lotion-w-hemp-and-vitamin-e-200ml",
    "name": "Dope Skin Co Hydrating Antioxidant Body Lotion w/ Hemp and Vitamin E 200ml",
    "image_url": "https://cdn1.woolworths.media/content/wowproductimages/large/1073918462.jpg",
    "source_id": "Woolworths - 1073918462",
    "barcode": null,
    "shop": "Woolworths",
    "weight": "100ML",
    "prices": [
      {
        "state": "NSW",
        "price": "3495",
        "price_per_unit": "1748",
        "price_unit": "ML"
      },
      {
        "state": "VIC",
        "price": "3495",
        "price_per_unit": "1748",
        "price_unit": "ML"
      },
      {
        "state": "QLD",
        "price": "3495",
        "price_per_unit": "1748",
        "price_unit": "ML"
      },
      {
        "state": "WA",
        "price": "3495",
        "price_per_unit": "1748",
        "price_unit": "ML"
      },
      {
        "state": "SA",
        "price": "3495",
        "price_per_unit": "1748",
        "price_unit": "ML"
      },
      {
        "state": "TAS",
        "price": "3495",
        "price_per_unit": "1748",
        "price_unit": "ML"
      },
      {
        "state": "ACT",
        "price": "3495",
        "price_per_unit": "1748",
        "price_unit": "ML"
      },
      {
        "state": "NT",
        "price": "3495",
        "price_per_unit": "1748",
        "price_unit": "ML"
      }
    ]
  },
  {
    "source_url": "https://www.woolworths.com.au/shop/productdetails/385380/dove-body-love-rich-nourishing-face-body-cream",
    "name": "Dove Body Love Rich Nourishing Face & Body Cream 150ml",
    "image_url": "https://cdn1.woolworths.media/content/wowproductimages/large/385380.jpg",
    "source_id": "Woolworths - 385380",
    "barcode": "859581006754",
    "shop": "Woolworths",
    "weight": "100ML",
    "prices": [
      {
        "state": "NSW",
        "price": "800",
        "price_per_unit": "533",
        "price_unit": "ML"
      },
      {
        "state": "WA",
        "price": "800",
        "price_per_unit": "533",
        "price_unit": "ML"
      },
      {
        "state": "ACT",
        "price": "800",
        "price_per_unit": "533",
        "price_unit": "ML"
      }
    ]
  },
  {
    "source_url": "https://www.woolworths.com.au/shop/productdetails/278323/dove-body-love-supple-bounce-body-lotion",
    "name": "Dove Body Love Supple Bounce Body Lotion 400ml",
    "image_url": "https://cdn1.woolworths.media/content/wowproductimages/large/278323.jpg",
    "source_id": "Woolworths - 278323",
    "barcode": "8901030952944",
    "shop": "Woolworths",
    "weight": "100ML",
    "prices": [
      {
        "state": "NSW",
        "price": "1100",
        "price_per_unit": "275",
        "price_unit": "ML"
      },
      {
        "state": "VIC",
        "price": "1100",
        "price_per_unit": "275",
        "price_unit": "ML"
      },
      {
        "state": "WA",
        "price": "1100",
        "price_per_unit": "275",
        "price_unit": "ML"
      },
      {
        "state": "TAS",
        "price": "1100",
        "price_per_unit": "275",
        "price_unit": "ML"
      },
      {
        "state": "ACT",
        "price": "1100",
        "price_per_unit": "275",
        "price_unit": "ML"
      },
      {
        "state": "NT",
        "price": "1100",
        "price_per_unit": "275",
        "price_unit": "ML"
      }
    ]
  },
  {
    "source_url": "https://www.woolworths.com.au/shop/productdetails/278321/dove-nourished-radiance-rich-body-lotion",
    "name": "Dove Nourished Radiance Rich Body Lotion 400ml",
    "image_url": "https://cdn1.woolworths.media/content/wowproductimages/large/278321.jpg",
    "source_id": "Woolworths - 278321",
    "barcode": "8901030952951",
    "shop": "Woolworths",
    "weight": "100ML",
    "prices": [
      {
        "state": "NSW",
        "price": "1100",
        "price_per_unit": "275",
        "price_unit": "ML"
      },
      {
        "state": "VIC",
        "price": "1100",
        "price_per_unit": "275",
        "price_unit": "ML"
      },
      {
        "state": "WA",
        "price": "1100",
        "price_per_unit": "275",
        "price_unit": "ML"
      },
      {
        "state": "SA",
        "price": "1100",
        "price_per_unit": "275",
        "price_unit": "ML"
      },
      {
        "state": "TAS",
        "price": "1100",
        "price_per_unit": "275",
        "price_unit": "ML"
      },
      {
        "state": "ACT",
        "price": "1100",
        "price_per_unit": "275",
        "price_unit": "ML"
      }
    ]
  },
  {
    "source_url": "https://www.woolworths.com.au/shop/productdetails/1075478342/dr-bronner-s-organic-hand-body-lotion-patchouli-lime-237ml",
    "name": "Dr Bronner's Organic Hand & Body Lotion Patchouli Lime 237ml",
    "image_url": "https://cdn1.woolworths.media/content/wowproductimages/large/1075478342.jpg",
    "source_id": "Woolworths - 1075478342",
    "barcode": null,
    "shop": "Woolworths",
    "weight": "100ML",
    "prices": [
      {
        "state": "NSW",
        "price": "2495",
        "price_per_unit": "1053",
        "price_unit": "ML"
      },
      {
        "state": "VIC",
        "price": "2495",
        "price_per_unit": "1053",
        "price_unit": "ML"
      },
      {
        "state": "QLD",
        "price": "2495",
        "price_per_unit": "1053",
        "price_unit": "ML"
      },
      {
        "state": "WA",
        "price": "2495",
        "price_per_unit": "1053",
        "price_unit": "ML"
      },
      {
        "state": "SA",
        "price": "2495",
        "price_per_unit": "1053",
        "price_unit": "ML"
      },
      {
        "state": "TAS",
        "price": "2495",
        "price_per_unit": "1053",
        "price_unit": "ML"
      },
      {
        "state": "ACT",
        "price": "2495",
        "price_per_unit": "1053",
        "price_unit": "ML"
      },
      {
        "state": "NT",
        "price": "2495",
        "price_per_unit": "1053",
        "price_unit": "ML"
      }
    ]
  },
  {
    "source_url": "https://www.woolworths.com.au/shop/productdetails/1075479419/dr-bronner-s-organic-hand-body-lotion-peppermint-237ml",
    "name": "Dr Bronner's Organic Hand & Body Lotion Peppermint 237ml",
    "image_url": "https://cdn1.woolworths.media/content/wowproductimages/large/1075479419.jpg",
    "source_id": "Woolworths - 1075479419",
    "barcode": null,
    "shop": "Woolworths",
    "weight": "100ML",
    "prices": [
      {
        "state": "NSW",
        "price": "2495",
        "price_per_unit": "1053",
        "price_unit": "ML"
      },
      {
        "state": "VIC",
        "price": "2495",
        "price_per_unit": "1053",
        "price_unit": "ML"
      },
      {
        "state": "QLD",
        "price": "2495",
        "price_per_unit": "1053",
        "price_unit": "ML"
      },
      {
        "state": "WA",
        "price": "2495",
        "price_per_unit": "1053",
        "price_unit": "ML"
      },
      {
        "state": "SA",
        "price": "2495",
        "price_per_unit": "1053",
        "price_unit": "ML"
      },
      {
        "state": "TAS",
        "price": "2495",
        "price_per_unit": "1053",
        "price_unit": "ML"
      },
      {
        "state": "ACT",
        "price": "2495",
        "price_per_unit": "1053",
        "price_unit": "ML"
      },
      {
        "state": "NT",
        "price": "2495",
        "price_per_unit": "1053",
        "price_unit": "ML"
      }
    ]
  },
  {
    "source_url": "https://www.woolworths.com.au/shop/productdetails/1075481715/dr-bronner-s-unscented-organic-magic-balm-57g",
    "name": "Dr Bronner's Unscented Organic Magic Balm 57g",
    "image_url": "https://cdn1.woolworths.media/content/wowproductimages/large/1075481715.jpg",
    "source_id": "Woolworths - 1075481715",
    "barcode": null,
    "shop": "Woolworths",
    "weight": "100G",
    "prices": [
      {
        "state": "NSW",
        "price": "2295",
        "price_per_unit": "4026",
        "price_unit": "G"
      },
      {
        "state": "VIC",
        "price": "2295",
        "price_per_unit": "4026",
        "price_unit": "G"
      },
      {
        "state": "QLD",
        "price": "2295",
        "price_per_unit": "4026",
        "price_unit": "G"
      },
      {
        "state": "WA",
        "price": "2295",
        "price_per_unit": "4026",
        "price_unit": "G"
      },
      {
        "state": "SA",
        "price": "2295",
        "price_per_unit": "4026",
        "price_unit": "G"
      },
      {
        "state": "TAS",
        "price": "2295",
        "price_per_unit": "4026",
        "price_unit": "G"
      },
      {
        "state": "ACT",
        "price": "2295",
        "price_per_unit": "4026",
        "price_unit": "G"
      },
      {
        "state": "NT",
        "price": "2295",
        "price_per_unit": "4026",
        "price_unit": "G"
      }
    ]
  },
  {
    "source_url": "https://www.woolworths.com.au/shop/productdetails/1075347589/dr-jackson-coconut-melt-15ml",
    "name": "Dr Jackson Coconut Melt 15ml",
    "image_url": "https://cdn1.woolworths.media/content/wowproductimages/large/1075347589.jpg",
    "source_id": "Woolworths - 1075347589",
    "barcode": null,
    "shop": "Woolworths",
    "weight": "100ML",
    "prices": [
      {
        "state": "NSW",
        "price": "1500",
        "price_per_unit": "10000",
        "price_unit": "ML"
      },
      {
        "state": "VIC",
        "price": "1500",
        "price_per_unit": "10000",
        "price_unit": "ML"
      },
      {
        "state": "QLD",
        "price": "1500",
        "price_per_unit": "10000",
        "price_unit": "ML"
      },
      {
        "state": "WA",
        "price": "1500",
        "price_per_unit": "10000",
        "price_unit": "ML"
      },
      {
        "state": "SA",
        "price": "1500",
        "price_per_unit": "10000",
        "price_unit": "ML"
      },
      {
        "state": "TAS",
        "price": "1500",
        "price_per_unit": "10000",
        "price_unit": "ML"
      },
      {
        "state": "ACT",
        "price": "1500",
        "price_per_unit": "10000",
        "price_unit": "ML"
      },
      {
        "state": "NT",
        "price": "1500",
        "price_per_unit": "10000",
        "price_unit": "ML"
      }
    ]
  },
  {
    "source_url": "https://www.woolworths.com.au/shop/productdetails/1075345599/dr-organic-aloe-vera-body-lotion-200ml",
    "name": "Dr Organic Aloe Vera Body Lotion 200ml",
    "image_url": "https://cdn1.woolworths.media/content/wowproductimages/large/1075345599.jpg",
    "source_id": "Woolworths - 1075345599",
    "barcode": null,
    "shop": "Woolworths",
    "weight": "100ML",
    "prices": [
      {
        "state": "NSW",
        "price": "1356",
        "price_per_unit": "678",
        "price_unit": "ML"
      },
      {
        "state": "VIC",
        "price": "1356",
        "price_per_unit": "678",
        "price_unit": "ML"
      },
      {
        "state": "QLD",
        "price": "1356",
        "price_per_unit": "678",
        "price_unit": "ML"
      },
      {
        "state": "WA",
        "price": "1356",
        "price_per_unit": "678",
        "price_unit": "ML"
      },
      {
        "state": "SA",
        "price": "1356",
        "price_per_unit": "678",
        "price_unit": "ML"
      },
      {
        "state": "TAS",
        "price": "1356",
        "price_per_unit": "678",
        "price_unit": "ML"
      },
      {
        "state": "ACT",
        "price": "1356",
        "price_per_unit": "678",
        "price_unit": "ML"
      },
      {
        "state": "NT",
        "price": "1356",
        "price_per_unit": "678",
        "price_unit": "ML"
      }
    ]
  },
  {
    "source_url": "https://www.woolworths.com.au/shop/productdetails/1075345176/dr-organic-aloe-vera-gel-200ml",
    "name": "Dr Organic Aloe Vera Gel 200ml",
    "image_url": "https://cdn1.woolworths.media/content/wowproductimages/large/1075345176.jpg",
    "source_id": "Woolworths - 1075345176",
    "barcode": null,
    "shop": "Woolworths",
    "weight": "100ML",
    "prices": [
      {
        "state": "NSW",
        "price": "1516",
        "price_per_unit": "758",
        "price_unit": "ML"
      },
      {
        "state": "VIC",
        "price": "1516",
        "price_per_unit": "758",
        "price_unit": "ML"
      },
      {
        "state": "QLD",
        "price": "1516",
        "price_per_unit": "758",
        "price_unit": "ML"
      },
      {
        "state": "WA",
        "price": "1516",
        "price_per_unit": "758",
        "price_unit": "ML"
      },
      {
        "state": "SA",
        "price": "1516",
        "price_per_unit": "758",
        "price_unit": "ML"
      },
      {
        "state": "TAS",
        "price": "1516",
        "price_per_unit": "758",
        "price_unit": "ML"
      },
      {
        "state": "ACT",
        "price": "1516",
        "price_per_unit": "758",
        "price_unit": "ML"
      },
      {
        "state": "NT",
        "price": "1516",
        "price_per_unit": "758",
        "price_unit": "ML"
      }
    ]
  },
  {
    "source_url": "https://www.woolworths.com.au/shop/productdetails/1075720576/dr-organic-facial-oil-organic-moroccan-argan-oil-30ml",
    "name": "Dr Organic Facial Oil Organic Moroccan Argan Oil 30ml",
    "image_url": "https://cdn1.woolworths.media/content/wowproductimages/large/1075720576.jpg",
    "source_id": "Woolworths - 1075720576",
    "barcode": null,
    "shop": "Woolworths",
    "weight": "100ML",
    "prices": [
      {
        "state": "NSW",
        "price": "7370",
        "price_per_unit": "24567",
        "price_unit": "ML"
      },
      {
        "state": "VIC",
        "price": "7370",
        "price_per_unit": "24567",
        "price_unit": "ML"
      },
      {
        "state": "QLD",
        "price": "7370",
        "price_per_unit": "24567",
        "price_unit": "ML"
      },
      {
        "state": "WA",
        "price": "7370",
        "price_per_unit": "24567",
        "price_unit": "ML"
      },
      {
        "state": "SA",
        "price": "7370",
        "price_per_unit": "24567",
        "price_unit": "ML"
      },
      {
        "state": "TAS",
        "price": "7370",
        "price_per_unit": "24567",
        "price_unit": "ML"
      },
      {
        "state": "ACT",
        "price": "7370",
        "price_per_unit": "24567",
        "price_unit": "ML"
      },
      {
        "state": "NT",
        "price": "7370",
        "price_per_unit": "24567",
        "price_unit": "ML"
      }
    ]
  },
  {
    "source_url": "https://www.woolworths.com.au/shop/productdetails/1075720580/dr-organic-gel-moisturiser-organic-guava-50ml",
    "name": "Dr Organic Gel Moisturiser Organic Guava 50ml",
    "image_url": "https://cdn1.woolworths.media/content/wowproductimages/large/1075720580.jpg",
    "source_id": "Woolworths - 1075720580",
    "barcode": null,
    "shop": "Woolworths",
    "weight": "100ML",
    "prices": [
      {
        "state": "NSW",
        "price": "7370",
        "price_per_unit": "14740",
        "price_unit": "ML"
      },
      {
        "state": "VIC",
        "price": "7370",
        "price_per_unit": "14740",
        "price_unit": "ML"
      },
      {
        "state": "QLD",
        "price": "7370",
        "price_per_unit": "14740",
        "price_unit": "ML"
      },
      {
        "state": "WA",
        "price": "7370",
        "price_per_unit": "14740",
        "price_unit": "ML"
      },
      {
        "state": "SA",
        "price": "7370",
        "price_per_unit": "14740",
        "price_unit": "ML"
      },
      {
        "state": "TAS",
        "price": "7370",
        "price_per_unit": "14740",
        "price_unit": "ML"
      },
      {
        "state": "ACT",
        "price": "7370",
        "price_per_unit": "14740",
        "price_unit": "ML"
      },
      {
        "state": "NT",
        "price": "7370",
        "price_per_unit": "14740",
        "price_unit": "ML"
      }
    ]
  },
  {
    "source_url": "https://www.woolworths.com.au/shop/productdetails/1075346222/dr-organic-hemp-oil-body-lotion-200ml",
    "name": "Dr Organic Hemp Oil Body Lotion 200ml",
    "image_url": "https://cdn1.woolworths.media/content/wowproductimages/large/1075346222.jpg",
    "source_id": "Woolworths - 1075346222",
    "barcode": null,
    "shop": "Woolworths",
    "weight": "100ML",
    "prices": [
      {
        "state": "NSW",
        "price": "1356",
        "price_per_unit": "678",
        "price_unit": "ML"
      },
      {
        "state": "VIC",
        "price": "1356",
        "price_per_unit": "678",
        "price_unit": "ML"
      },
      {
        "state": "QLD",
        "price": "1356",
        "price_per_unit": "678",
        "price_unit": "ML"
      },
      {
        "state": "WA",
        "price": "1356",
        "price_per_unit": "678",
        "price_unit": "ML"
      },
      {
        "state": "SA",
        "price": "1356",
        "price_per_unit": "678",
        "price_unit": "ML"
      },
      {
        "state": "TAS",
        "price": "1356",
        "price_per_unit": "678",
        "price_unit": "ML"
      },
      {
        "state": "ACT",
        "price": "1356",
        "price_per_unit": "678",
        "price_unit": "ML"
      },
      {
        "state": "NT",
        "price": "1356",
        "price_per_unit": "678",
        "price_unit": "ML"
      }
    ]
  },
  {
    "source_url": "https://www.woolworths.com.au/shop/productdetails/1075345275/dr-organic-hydrating-vitamin-e-cream-50ml",
    "name": "Dr Organic Hydrating Vitamin E Cream 50ml",
    "image_url": "https://cdn1.woolworths.media/content/wowproductimages/large/1075345275.jpg",
    "source_id": "Woolworths - 1075345275",
    "barcode": null,
    "shop": "Woolworths",
    "weight": "100ML",
    "prices": [
      {
        "state": "NSW",
        "price": "1756",
        "price_per_unit": "3512",
        "price_unit": "ML"
      },
      {
        "state": "VIC",
        "price": "1756",
        "price_per_unit": "3512",
        "price_unit": "ML"
      },
      {
        "state": "QLD",
        "price": "1756",
        "price_per_unit": "3512",
        "price_unit": "ML"
      },
      {
        "state": "WA",
        "price": "1756",
        "price_per_unit": "3512",
        "price_unit": "ML"
      },
      {
        "state": "SA",
        "price": "1756",
        "price_per_unit": "3512",
        "price_unit": "ML"
      },
      {
        "state": "TAS",
        "price": "1756",
        "price_per_unit": "3512",
        "price_unit": "ML"
      },
      {
        "state": "ACT",
        "price": "1756",
        "price_per_unit": "3512",
        "price_unit": "ML"
      },
      {
        "state": "NT",
        "price": "1756",
        "price_per_unit": "3512",
        "price_unit": "ML"
      }
    ]
  },
  {
    "source_url": "https://www.woolworths.com.au/shop/productdetails/1075346787/dr-organic-manuka-honey-body-lotion-200ml",
    "name": "Dr Organic Manuka Honey Body Lotion 200ml",
    "image_url": "https://cdn1.woolworths.media/content/wowproductimages/large/1075346787.jpg",
    "source_id": "Woolworths - 1075346787",
    "barcode": null,
    "shop": "Woolworths",
    "weight": "100ML",
    "prices": [
      {
        "state": "NSW",
        "price": "1356",
        "price_per_unit": "678",
        "price_unit": "ML"
      },
      {
        "state": "VIC",
        "price": "1356",
        "price_per_unit": "678",
        "price_unit": "ML"
      },
      {
        "state": "QLD",
        "price": "1356",
        "price_per_unit": "678",
        "price_unit": "ML"
      },
      {
        "state": "WA",
        "price": "1356",
        "price_per_unit": "678",
        "price_unit": "ML"
      },
      {
        "state": "SA",
        "price": "1356",
        "price_per_unit": "678",
        "price_unit": "ML"
      },
      {
        "state": "TAS",
        "price": "1356",
        "price_per_unit": "678",
        "price_unit": "ML"
      },
      {
        "state": "ACT",
        "price": "1356",
        "price_per_unit": "678",
        "price_unit": "ML"
      },
      {
        "state": "NT",
        "price": "1356",
        "price_per_unit": "678",
        "price_unit": "ML"
      }
    ]
  },
  {
    "source_url": "https://www.woolworths.com.au/shop/productdetails/1075720590/dr-organic-night-cream-rose-otto-50ml",
    "name": "Dr Organic Night Cream Rose Otto 50ml",
    "image_url": "https://cdn1.woolworths.media/content/wowproductimages/large/1075720590.jpg",
    "source_id": "Woolworths - 1075720590",
    "barcode": null,
    "shop": "Woolworths",
    "weight": "100ML",
    "prices": [
      {
        "state": "NSW",
        "price": "6930",
        "price_per_unit": "13860",
        "price_unit": "ML"
      },
      {
        "state": "VIC",
        "price": "6930",
        "price_per_unit": "13860",
        "price_unit": "ML"
      },
      {
        "state": "QLD",
        "price": "6930",
        "price_per_unit": "13860",
        "price_unit": "ML"
      },
      {
        "state": "WA",
        "price": "6930",
        "price_per_unit": "13860",
        "price_unit": "ML"
      },
      {
        "state": "SA",
        "price": "6930",
        "price_per_unit": "13860",
        "price_unit": "ML"
      },
      {
        "state": "TAS",
        "price": "6930",
        "price_per_unit": "13860",
        "price_unit": "ML"
      },
      {
        "state": "ACT",
        "price": "6930",
        "price_per_unit": "13860",
        "price_unit": "ML"
      },
      {
        "state": "NT",
        "price": "6930",
        "price_per_unit": "13860",
        "price_unit": "ML"
      }
    ]
  },
  {
    "source_url": "https://www.woolworths.com.au/shop/productdetails/1075347508/dr-organic-organic-manuka-honey-body-butter-200ml",
    "name": "Dr Organic Organic Manuka Honey Body Butter 200Ml",
    "image_url": "https://cdn1.woolworths.media/content/wowproductimages/large/1075347508.jpg",
    "source_id": "Woolworths - 1075347508",
    "barcode": null,
    "shop": "Woolworths",
    "weight": "100ML",
    "prices": [
      {
        "state": "NSW",
        "price": "1596",
        "price_per_unit": "798",
        "price_unit": "ML"
      },
      {
        "state": "VIC",
        "price": "1596",
        "price_per_unit": "798",
        "price_unit": "ML"
      },
      {
        "state": "QLD",
        "price": "1596",
        "price_per_unit": "798",
        "price_unit": "ML"
      },
      {
        "state": "WA",
        "price": "1596",
        "price_per_unit": "798",
        "price_unit": "ML"
      },
      {
        "state": "SA",
        "price": "1596",
        "price_per_unit": "798",
        "price_unit": "ML"
      },
      {
        "state": "TAS",
        "price": "1596",
        "price_per_unit": "798",
        "price_unit": "ML"
      },
      {
        "state": "ACT",
        "price": "1596",
        "price_per_unit": "798",
        "price_unit": "ML"
      },
      {
        "state": "NT",
        "price": "1596",
        "price_per_unit": "798",
        "price_unit": "ML"
      }
    ]
  },
  {
    "source_url": "https://www.woolworths.com.au/shop/productdetails/1075347565/dr-organic-organic-moroccan-argan-oil-skin-lotion-200ml",
    "name": "Dr Organic Organic Moroccan Argan Oil Skin Lotion 200ml",
    "image_url": "https://cdn1.woolworths.media/content/wowproductimages/large/1075347565.jpg",
    "source_id": "Woolworths - 1075347565",
    "barcode": null,
    "shop": "Woolworths",
    "weight": "100ML",
    "prices": [
      {
        "state": "NSW",
        "price": "1356",
        "price_per_unit": "678",
        "price_unit": "ML"
      },
      {
        "state": "VIC",
        "price": "1356",
        "price_per_unit": "678",
        "price_unit": "ML"
      },
      {
        "state": "QLD",
        "price": "1356",
        "price_per_unit": "678",
        "price_unit": "ML"
      },
      {
        "state": "WA",
        "price": "1356",
        "price_per_unit": "678",
        "price_unit": "ML"
      },
      {
        "state": "SA",
        "price": "1356",
        "price_per_unit": "678",
        "price_unit": "ML"
      },
      {
        "state": "TAS",
        "price": "1356",
        "price_per_unit": "678",
        "price_unit": "ML"
      },
      {
        "state": "ACT",
        "price": "1356",
        "price_per_unit": "678",
        "price_unit": "ML"
      },
      {
        "state": "NT",
        "price": "1356",
        "price_per_unit": "678",
        "price_unit": "ML"
      }
    ]
  },
  {
    "source_url": "https://www.woolworths.com.au/shop/productdetails/1075720592/dr-organic-overnight-recovery-oil-ageless-with-seaweed-30ml",
    "name": "Dr Organic Overnight Recovery Oil Ageless with Seaweed 30ml",
    "image_url": "https://cdn1.woolworths.media/content/wowproductimages/large/1075720592.jpg",
    "source_id": "Woolworths - 1075720592",
    "barcode": null,
    "shop": "Woolworths",
    "weight": "100ML",
    "prices": [
      {
        "state": "NSW",
        "price": "8030",
        "price_per_unit": "26767",
        "price_unit": "ML"
      },
      {
        "state": "VIC",
        "price": "8030",
        "price_per_unit": "26767",
        "price_unit": "ML"
      },
      {
        "state": "QLD",
        "price": "8030",
        "price_per_unit": "26767",
        "price_unit": "ML"
      },
      {
        "state": "WA",
        "price": "8030",
        "price_per_unit": "26767",
        "price_unit": "ML"
      },
      {
        "state": "SA",
        "price": "8030",
        "price_per_unit": "26767",
        "price_unit": "ML"
      },
      {
        "state": "TAS",
        "price": "8030",
        "price_per_unit": "26767",
        "price_unit": "ML"
      },
      {
        "state": "ACT",
        "price": "8030",
        "price_per_unit": "26767",
        "price_unit": "ML"
      },
      {
        "state": "NT",
        "price": "8030",
        "price_per_unit": "26767",
        "price_unit": "ML"
      }
    ]
  },
  {
    "source_url": "https://www.woolworths.com.au/shop/productdetails/1075720593/dr-organic-pro-collagen-plus-anti-ageing-moisturiser-black-pearl-50ml",
    "name": "Dr Organic Pro Collagen Plus+ Anti Ageing Moisturiser Black Pearl 50ml",
    "image_url": "https://cdn1.woolworths.media/content/wowproductimages/large/1075720593.jpg",
    "source_id": "Woolworths - 1075720593",
    "barcode": null,
    "shop": "Woolworths",
    "weight": "100ML",
    "prices": [
      {
        "state": "NSW",
        "price": "8690",
        "price_per_unit": "17380",
        "price_unit": "ML"
      },
      {
        "state": "VIC",
        "price": "8690",
        "price_per_unit": "17380",
        "price_unit": "ML"
      },
      {
        "state": "QLD",
        "price": "8690",
        "price_per_unit": "17380",
        "price_unit": "ML"
      },
      {
        "state": "WA",
        "price": "8690",
        "price_per_unit": "17380",
        "price_unit": "ML"
      },
      {
        "state": "SA",
        "price": "8690",
        "price_per_unit": "17380",
        "price_unit": "ML"
      },
      {
        "state": "TAS",
        "price": "8690",
        "price_per_unit": "17380",
        "price_unit": "ML"
      },
      {
        "state": "ACT",
        "price": "8690",
        "price_per_unit": "17380",
        "price_unit": "ML"
      },
      {
        "state": "NT",
        "price": "8690",
        "price_per_unit": "17380",
        "price_unit": "ML"
      }
    ]
  },
  {
    "source_url": "https://www.woolworths.com.au/shop/productdetails/1075720595/dr-organic-pro-collagen-plus-anti-ageing-moisturiser-dragon-blood-50ml",
    "name": "Dr Organic Pro Collagen Plus+ Anti Ageing Moisturiser Dragon Blood 50ml",
    "image_url": "https://cdn1.woolworths.media/content/wowproductimages/large/1075720595.jpg",
    "source_id": "Woolworths - 1075720595",
    "barcode": null,
    "shop": "Woolworths",
    "weight": "100ML",
    "prices": [
      {
        "state": "NSW",
        "price": "8690",
        "price_per_unit": "17380",
        "price_unit": "ML"
      },
      {
        "state": "VIC",
        "price": "8690",
        "price_per_unit": "17380",
        "price_unit": "ML"
      },
      {
        "state": "QLD",
        "price": "8690",
        "price_per_unit": "17380",
        "price_unit": "ML"
      },
      {
        "state": "WA",
        "price": "8690",
        "price_per_unit": "17380",
        "price_unit": "ML"
      },
      {
        "state": "SA",
        "price": "8690",
        "price_per_unit": "17380",
        "price_unit": "ML"
      },
      {
        "state": "TAS",
        "price": "8690",
        "price_per_unit": "17380",
        "price_unit": "ML"
      },
      {
        "state": "ACT",
        "price": "8690",
        "price_per_unit": "17380",
        "price_unit": "ML"
      },
      {
        "state": "NT",
        "price": "8690",
        "price_per_unit": "17380",
        "price_unit": "ML"
      }
    ]
  },
  {
    "source_url": "https://www.woolworths.com.au/shop/productdetails/1075720594/dr-organic-pro-collagen-plus-anti-ageing-moisturiser-bakuchiol-50ml",
    "name": "Dr Organic Pro Collagen Plus+ Anti-Ageing Moisturiser Bakuchiol 50ml",
    "image_url": "https://cdn1.woolworths.media/content/wowproductimages/large/1075720594.jpg",
    "source_id": "Woolworths - 1075720594",
    "barcode": null,
    "shop": "Woolworths",
    "weight": "100ML",
    "prices": [
      {
        "state": "NSW",
        "price": "8690",
        "price_per_unit": "17380",
        "price_unit": "ML"
      },
      {
        "state": "VIC",
        "price": "8690",
        "price_per_unit": "17380",
        "price_unit": "ML"
      },
      {
        "state": "QLD",
        "price": "8690",
        "price_per_unit": "17380",
        "price_unit": "ML"
      },
      {
        "state": "WA",
        "price": "8690",
        "price_per_unit": "17380",
        "price_unit": "ML"
      },
      {
        "state": "SA",
        "price": "8690",
        "price_per_unit": "17380",
        "price_unit": "ML"
      },
      {
        "state": "TAS",
        "price": "8690",
        "price_per_unit": "17380",
        "price_unit": "ML"
      },
      {
        "state": "ACT",
        "price": "8690",
        "price_per_unit": "17380",
        "price_unit": "ML"
      },
      {
        "state": "NT",
        "price": "8690",
        "price_per_unit": "17380",
        "price_unit": "ML"
      }
    ]
  },
  {
    "source_url": "https://www.woolworths.com.au/shop/productdetails/1075720625/dr-organic-unfragranced-baby-moisturiser-organic-calendula-50ml",
    "name": "Dr Organic Unfragranced Baby Moisturiser Organic Calendula 50ml",
    "image_url": "https://cdn1.woolworths.media/content/wowproductimages/large/1075720625.jpg",
    "source_id": "Woolworths - 1075720625",
    "barcode": null,
    "shop": "Woolworths",
    "weight": "100ML",
    "prices": [
      {
        "state": "NSW",
        "price": "6380",
        "price_per_unit": "12760",
        "price_unit": "ML"
      },
      {
        "state": "VIC",
        "price": "6380",
        "price_per_unit": "12760",
        "price_unit": "ML"
      },
      {
        "state": "QLD",
        "price": "6380",
        "price_per_unit": "12760",
        "price_unit": "ML"
      },
      {
        "state": "WA",
        "price": "6380",
        "price_per_unit": "12760",
        "price_unit": "ML"
      },
      {
        "state": "SA",
        "price": "6380",
        "price_per_unit": "12760",
        "price_unit": "ML"
      },
      {
        "state": "TAS",
        "price": "6380",
        "price_per_unit": "12760",
        "price_unit": "ML"
      },
      {
        "state": "ACT",
        "price": "6380",
        "price_per_unit": "12760",
        "price_unit": "ML"
      },
      {
        "state": "NT",
        "price": "6380",
        "price_per_unit": "12760",
        "price_unit": "ML"
      }
    ]
  },
  {
    "source_url": "https://www.woolworths.com.au/shop/productdetails/1075346018/dr-organic-virgin-coconut-oil-skin-lotion-200ml",
    "name": "Dr Organic Virgin Coconut Oil Skin Lotion 200ml",
    "image_url": "https://cdn1.woolworths.media/content/wowproductimages/large/1075346018.jpg",
    "source_id": "Woolworths - 1075346018",
    "barcode": null,
    "shop": "Woolworths",
    "weight": "100ML",
    "prices": [
      {
        "state": "NSW",
        "price": "1356",
        "price_per_unit": "678",
        "price_unit": "ML"
      },
      {
        "state": "VIC",
        "price": "1356",
        "price_per_unit": "678",
        "price_unit": "ML"
      },
      {
        "state": "QLD",
        "price": "1356",
        "price_per_unit": "678",
        "price_unit": "ML"
      },
      {
        "state": "WA",
        "price": "1356",
        "price_per_unit": "678",
        "price_unit": "ML"
      },
      {
        "state": "SA",
        "price": "1356",
        "price_per_unit": "678",
        "price_unit": "ML"
      },
      {
        "state": "TAS",
        "price": "1356",
        "price_per_unit": "678",
        "price_unit": "ML"
      },
      {
        "state": "ACT",
        "price": "1356",
        "price_per_unit": "678",
        "price_unit": "ML"
      },
      {
        "state": "NT",
        "price": "1356",
        "price_per_unit": "678",
        "price_unit": "ML"
      }
    ]
  },
  {
    "source_url": "https://www.woolworths.com.au/shop/productdetails/1075345865/dr-organic-vitamin-e-body-lotion-200ml",
    "name": "Dr Organic Vitamin E Body Lotion 200ml",
    "image_url": "https://cdn1.woolworths.media/content/wowproductimages/large/1075345865.jpg",
    "source_id": "Woolworths - 1075345865",
    "barcode": null,
    "shop": "Woolworths",
    "weight": "100ML",
    "prices": [
      {
        "state": "NSW",
        "price": "1436",
        "price_per_unit": "718",
        "price_unit": "ML"
      },
      {
        "state": "VIC",
        "price": "1436",
        "price_per_unit": "718",
        "price_unit": "ML"
      },
      {
        "state": "QLD",
        "price": "1436",
        "price_per_unit": "718",
        "price_unit": "ML"
      },
      {
        "state": "WA",
        "price": "1436",
        "price_per_unit": "718",
        "price_unit": "ML"
      },
      {
        "state": "SA",
        "price": "1436",
        "price_per_unit": "718",
        "price_unit": "ML"
      },
      {
        "state": "TAS",
        "price": "1436",
        "price_per_unit": "718",
        "price_unit": "ML"
      },
      {
        "state": "ACT",
        "price": "1436",
        "price_per_unit": "718",
        "price_unit": "ML"
      },
      {
        "state": "NT",
        "price": "1436",
        "price_per_unit": "718",
        "price_unit": "ML"
      }
    ]
  },
  {
    "source_url": "https://www.woolworths.com.au/shop/productdetails/1075477870/dr-organic-vitamin-e-scar-stretch-mark-serum-50ml",
    "name": "Dr Organic Vitamin E Scar & Stretch Mark Serum 50ml",
    "image_url": "https://cdn1.woolworths.media/content/wowproductimages/large/1075477870.jpg",
    "source_id": "Woolworths - 1075477870",
    "barcode": null,
    "shop": "Woolworths",
    "weight": "100ML",
    "prices": [
      {
        "state": "NSW",
        "price": "1596",
        "price_per_unit": "3192",
        "price_unit": "ML"
      },
      {
        "state": "VIC",
        "price": "1596",
        "price_per_unit": "3192",
        "price_unit": "ML"
      },
      {
        "state": "QLD",
        "price": "1596",
        "price_per_unit": "3192",
        "price_unit": "ML"
      },
      {
        "state": "WA",
        "price": "1596",
        "price_per_unit": "3192",
        "price_unit": "ML"
      },
      {
        "state": "SA",
        "price": "1596",
        "price_per_unit": "3192",
        "price_unit": "ML"
      },
      {
        "state": "TAS",
        "price": "1596",
        "price_per_unit": "3192",
        "price_unit": "ML"
      },
      {
        "state": "ACT",
        "price": "1596",
        "price_per_unit": "3192",
        "price_unit": "ML"
      },
      {
        "state": "NT",
        "price": "1596",
        "price_per_unit": "3192",
        "price_unit": "ML"
      }
    ]
  },
  {
    "source_url": "https://www.woolworths.com.au/shop/productdetails/105001/dr-pickles-antibacterial-foam-wash-with-hemp-oil",
    "name": "Dr Pickles Antibacterial Foam Wash With Hemp Oil 50ml",
    "image_url": "https://cdn1.woolworths.media/content/wowproductimages/large/105001.jpg",
    "source_id": "Woolworths - 105001",
    "barcode": "9350235000032",
    "shop": "Woolworths",
    "weight": "100ML",
    "prices": [
      {
        "state": "NSW",
        "price": "1550",
        "price_per_unit": "3100",
        "price_unit": "ML"
      },
      {
        "state": "WA",
        "price": "1550",
        "price_per_unit": "3100",
        "price_unit": "ML"
      },
      {
        "state": "SA",
        "price": "1550",
        "price_per_unit": "3100",
        "price_unit": "ML"
      },
      {
        "state": "ACT",
        "price": "1550",
        "price_per_unit": "3100",
        "price_unit": "ML"
      }
    ]
  },
  {
    "source_url": "https://www.woolworths.com.au/shop/productdetails/440479/dr-pickles-tattoo-balm-tube",
    "name": "Dr Pickles Tattoo Balm Tube 75g",
    "image_url": "https://cdn1.woolworths.media/content/wowproductimages/large/440479.jpg",
    "source_id": "Woolworths - 440479",
    "barcode": "9350235000025",
    "shop": "Woolworths",
    "weight": "100G",
    "prices": [
      {
        "state": "NSW",
        "price": "1550",
        "price_per_unit": "2067",
        "price_unit": "G"
      },
      {
        "state": "VIC",
        "price": "1550",
        "price_per_unit": "2067",
        "price_unit": "G"
      },
      {
        "state": "QLD",
        "price": "1550",
        "price_per_unit": "2067",
        "price_unit": "G"
      },
      {
        "state": "WA",
        "price": "1550",
        "price_per_unit": "2067",
        "price_unit": "G"
      },
      {
        "state": "TAS",
        "price": "1550",
        "price_per_unit": "2067",
        "price_unit": "G"
      },
      {
        "state": "ACT",
        "price": "1550",
        "price_per_unit": "2067",
        "price_unit": "G"
      },
      {
        "state": "NT",
        "price": "1550",
        "price_per_unit": "2067",
        "price_unit": "G"
      }
    ]
  },
  {
    "source_url": "https://www.woolworths.com.au/shop/productdetails/1075481407/dr-teals-body-lotion-coconut-oil-532ml",
    "name": "Dr Teals Body Lotion Coconut Oil 532ml",
    "image_url": "https://cdn1.woolworths.media/content/wowproductimages/large/1075481407.jpg",
    "source_id": "Woolworths - 1075481407",
    "barcode": null,
    "shop": "Woolworths",
    "weight": "100ML",
    "prices": [
      {
        "state": "NSW",
        "price": "1895",
        "price_per_unit": "356",
        "price_unit": "ML"
      },
      {
        "state": "VIC",
        "price": "1895",
        "price_per_unit": "356",
        "price_unit": "ML"
      },
      {
        "state": "QLD",
        "price": "1895",
        "price_per_unit": "356",
        "price_unit": "ML"
      },
      {
        "state": "WA",
        "price": "1895",
        "price_per_unit": "356",
        "price_unit": "ML"
      },
      {
        "state": "SA",
        "price": "1895",
        "price_per_unit": "356",
        "price_unit": "ML"
      },
      {
        "state": "TAS",
        "price": "1895",
        "price_per_unit": "356",
        "price_unit": "ML"
      },
      {
        "state": "ACT",
        "price": "1895",
        "price_per_unit": "356",
        "price_unit": "ML"
      },
      {
        "state": "NT",
        "price": "1895",
        "price_per_unit": "356",
        "price_unit": "ML"
      }
    ]
  },
  {
    "source_url": "https://www.woolworths.com.au/shop/productdetails/1075481585/dr-teals-body-lotion-lavender-532ml",
    "name": "Dr Teals Body Lotion Lavender 532ml",
    "image_url": "https://cdn1.woolworths.media/content/wowproductimages/large/1075481585.jpg",
    "source_id": "Woolworths - 1075481585",
    "barcode": null,
    "shop": "Woolworths",
    "weight": "100ML",
    "prices": [
      {
        "state": "NSW",
        "price": "1895",
        "price_per_unit": "356",
        "price_unit": "ML"
      },
      {
        "state": "VIC",
        "price": "1895",
        "price_per_unit": "356",
        "price_unit": "ML"
      },
      {
        "state": "QLD",
        "price": "1895",
        "price_per_unit": "356",
        "price_unit": "ML"
      },
      {
        "state": "WA",
        "price": "1895",
        "price_per_unit": "356",
        "price_unit": "ML"
      },
      {
        "state": "SA",
        "price": "1895",
        "price_per_unit": "356",
        "price_unit": "ML"
      },
      {
        "state": "TAS",
        "price": "1895",
        "price_per_unit": "356",
        "price_unit": "ML"
      },
      {
        "state": "ACT",
        "price": "1895",
        "price_per_unit": "356",
        "price_unit": "ML"
      },
      {
        "state": "NT",
        "price": "1895",
        "price_per_unit": "356",
        "price_unit": "ML"
      }
    ]
  },
  {
    "source_url": "https://www.woolworths.com.au/shop/productdetails/1075481132/dr-v-goats-milk-manuka-honey-proactive-body-lotion-750ml",
    "name": "DR V Goats Milk & Manuka Honey Proactive Body Lotion 750ml",
    "image_url": "https://cdn1.woolworths.media/content/wowproductimages/large/1075481132.jpg",
    "source_id": "Woolworths - 1075481132",
    "barcode": null,
    "shop": "Woolworths",
    "weight": "100ML",
    "prices": [
      {
        "state": "NSW",
        "price": "2195",
        "price_per_unit": "293",
        "price_unit": "ML"
      },
      {
        "state": "VIC",
        "price": "2195",
        "price_per_unit": "293",
        "price_unit": "ML"
      },
      {
        "state": "QLD",
        "price": "2195",
        "price_per_unit": "293",
        "price_unit": "ML"
      },
      {
        "state": "WA",
        "price": "2195",
        "price_per_unit": "293",
        "price_unit": "ML"
      },
      {
        "state": "SA",
        "price": "2195",
        "price_per_unit": "293",
        "price_unit": "ML"
      },
      {
        "state": "TAS",
        "price": "2195",
        "price_per_unit": "293",
        "price_unit": "ML"
      },
      {
        "state": "ACT",
        "price": "2195",
        "price_per_unit": "293",
        "price_unit": "ML"
      },
      {
        "state": "NT",
        "price": "2195",
        "price_per_unit": "293",
        "price_unit": "ML"
      }
    ]
  },
  {
    "source_url": "https://www.woolworths.com.au/shop/productdetails/1075481072/dr-v-lavender-camomile-sage-calming-body-lotion-750ml",
    "name": "DR V Lavender Camomile & Sage Calming Body Lotion 750ml",
    "image_url": "https://cdn1.woolworths.media/content/wowproductimages/large/1075481072.jpg",
    "source_id": "Woolworths - 1075481072",
    "barcode": null,
    "shop": "Woolworths",
    "weight": "100ML",
    "prices": [
      {
        "state": "NSW",
        "price": "2195",
        "price_per_unit": "293",
        "price_unit": "ML"
      },
      {
        "state": "VIC",
        "price": "2195",
        "price_per_unit": "293",
        "price_unit": "ML"
      },
      {
        "state": "QLD",
        "price": "2195",
        "price_per_unit": "293",
        "price_unit": "ML"
      },
      {
        "state": "WA",
        "price": "2195",
        "price_per_unit": "293",
        "price_unit": "ML"
      },
      {
        "state": "SA",
        "price": "2195",
        "price_per_unit": "293",
        "price_unit": "ML"
      },
      {
        "state": "TAS",
        "price": "2195",
        "price_per_unit": "293",
        "price_unit": "ML"
      },
      {
        "state": "ACT",
        "price": "2195",
        "price_per_unit": "293",
        "price_unit": "ML"
      },
      {
        "state": "NT",
        "price": "2195",
        "price_per_unit": "293",
        "price_unit": "ML"
      }
    ]
  },
  {
    "source_url": "https://www.woolworths.com.au/shop/productdetails/1075480180/dr-v-so-pure-extra-gentle-body-lotion-750ml",
    "name": "DR V So Pure Extra Gentle Body Lotion 750ml",
    "image_url": "https://cdn1.woolworths.media/content/wowproductimages/large/1075480180.jpg",
    "source_id": "Woolworths - 1075480180",
    "barcode": null,
    "shop": "Woolworths",
    "weight": "100ML",
    "prices": [
      {
        "state": "NSW",
        "price": "2195",
        "price_per_unit": "293",
        "price_unit": "ML"
      },
      {
        "state": "VIC",
        "price": "2195",
        "price_per_unit": "293",
        "price_unit": "ML"
      },
      {
        "state": "QLD",
        "price": "2195",
        "price_per_unit": "293",
        "price_unit": "ML"
      },
      {
        "state": "WA",
        "price": "2195",
        "price_per_unit": "293",
        "price_unit": "ML"
      },
      {
        "state": "SA",
        "price": "2195",
        "price_per_unit": "293",
        "price_unit": "ML"
      },
      {
        "state": "TAS",
        "price": "2195",
        "price_per_unit": "293",
        "price_unit": "ML"
      },
      {
        "state": "ACT",
        "price": "2195",
        "price_per_unit": "293",
        "price_unit": "ML"
      },
      {
        "state": "NT",
        "price": "2195",
        "price_per_unit": "293",
        "price_unit": "ML"
      }
    ]
  },
  {
    "source_url": "https://www.woolworths.com.au/shop/productdetails/1075481822/dr-wheatgrass-skin-recovery-cream-85ml",
    "name": "Dr Wheatgrass Skin Recovery Cream 85ml",
    "image_url": "https://cdn1.woolworths.media/content/wowproductimages/large/1075481822.jpg",
    "source_id": "Woolworths - 1075481822",
    "barcode": null,
    "shop": "Woolworths",
    "weight": "100ML",
    "prices": [
      {
        "state": "NSW",
        "price": "2706",
        "price_per_unit": "3184",
        "price_unit": "ML"
      },
      {
        "state": "VIC",
        "price": "2706",
        "price_per_unit": "3184",
        "price_unit": "ML"
      },
      {
        "state": "QLD",
        "price": "2706",
        "price_per_unit": "3184",
        "price_unit": "ML"
      },
      {
        "state": "WA",
        "price": "2706",
        "price_per_unit": "3184",
        "price_unit": "ML"
      },
      {
        "state": "SA",
        "price": "2706",
        "price_per_unit": "3184",
        "price_unit": "ML"
      },
      {
        "state": "TAS",
        "price": "2706",
        "price_per_unit": "3184",
        "price_unit": "ML"
      },
      {
        "state": "ACT",
        "price": "2706",
        "price_per_unit": "3184",
        "price_unit": "ML"
      },
      {
        "state": "NT",
        "price": "2706",
        "price_per_unit": "3184",
        "price_unit": "ML"
      }
    ]
  },
  {
    "source_url": "https://www.woolworths.com.au/shop/productdetails/1074651265/dr-hauschka-rose-body-oil-75ml-2-5oz",
    "name": "Dr. Hauschka Rose Body Oil 75ml/2.5oz",
    "image_url": "https://cdn1.woolworths.media/content/wowproductimages/large/1074651265.jpg",
    "source_id": "Woolworths - 1074651265",
    "barcode": null,
    "shop": "Woolworths",
    "weight": "100ML",
    "prices": [
      {
        "state": "NSW",
        "price": "5000",
        "price_per_unit": "6667",
        "price_unit": "ML"
      },
      {
        "state": "VIC",
        "price": "5000",
        "price_per_unit": "6667",
        "price_unit": "ML"
      },
      {
        "state": "QLD",
        "price": "5000",
        "price_per_unit": "6667",
        "price_unit": "ML"
      },
      {
        "state": "WA",
        "price": "5000",
        "price_per_unit": "6667",
        "price_unit": "ML"
      },
      {
        "state": "SA",
        "price": "5000",
        "price_per_unit": "6667",
        "price_unit": "ML"
      },
      {
        "state": "TAS",
        "price": "5000",
        "price_per_unit": "6667",
        "price_unit": "ML"
      },
      {
        "state": "ACT",
        "price": "5000",
        "price_per_unit": "6667",
        "price_unit": "ML"
      },
      {
        "state": "NT",
        "price": "5000",
        "price_per_unit": "6667",
        "price_unit": "ML"
      }
    ]
  },
  {
    "source_url": "https://www.woolworths.com.au/shop/productdetails/1074651270/dr-hauschka-sensitive-care-conditioner-for-sensitive-skin-10-ampules",
    "name": "Dr. Hauschka Sensitive Care Conditioner (For Sensitive Skin) 10 Ampules",
    "image_url": "https://cdn1.woolworths.media/content/wowproductimages/large/1074651270.jpg",
    "source_id": "Woolworths - 1074651270",
    "barcode": null,
    "shop": "Woolworths",
    "weight": "1EA",
    "prices": [
      {
        "state": "NSW",
        "price": "5400",
        "price_per_unit": "540",
        "price_unit": "EA"
      },
      {
        "state": "VIC",
        "price": "5400",
        "price_per_unit": "540",
        "price_unit": "EA"
      },
      {
        "state": "QLD",
        "price": "5400",
        "price_per_unit": "540",
        "price_unit": "EA"
      },
      {
        "state": "WA",
        "price": "5400",
        "price_per_unit": "540",
        "price_unit": "EA"
      },
      {
        "state": "SA",
        "price": "5400",
        "price_per_unit": "540",
        "price_unit": "EA"
      },
      {
        "state": "TAS",
        "price": "5400",
        "price_per_unit": "540",
        "price_unit": "EA"
      },
      {
        "state": "ACT",
        "price": "5400",
        "price_per_unit": "540",
        "price_unit": "EA"
      },
      {
        "state": "NT",
        "price": "5400",
        "price_per_unit": "540",
        "price_unit": "EA"
      }
    ]
  },
  {
    "source_url": "https://www.woolworths.com.au/shop/productdetails/1075346689/dr-natural-castile-body-lotion-almond-mandarin-473ml",
    "name": "Dr. Natural Castile Body Lotion Almond + Mandarin 473ml",
    "image_url": "https://cdn1.woolworths.media/content/wowproductimages/large/1075346689.jpg",
    "source_id": "Woolworths - 1075346689",
    "barcode": null,
    "shop": "Woolworths",
    "weight": "100ML",
    "prices": [
      {
        "state": "NSW",
        "price": "1300",
        "price_per_unit": "275",
        "price_unit": "ML"
      },
      {
        "state": "VIC",
        "price": "1300",
        "price_per_unit": "275",
        "price_unit": "ML"
      },
      {
        "state": "QLD",
        "price": "1300",
        "price_per_unit": "275",
        "price_unit": "ML"
      },
      {
        "state": "WA",
        "price": "1300",
        "price_per_unit": "275",
        "price_unit": "ML"
      },
      {
        "state": "SA",
        "price": "1300",
        "price_per_unit": "275",
        "price_unit": "ML"
      },
      {
        "state": "TAS",
        "price": "1300",
        "price_per_unit": "275",
        "price_unit": "ML"
      },
      {
        "state": "ACT",
        "price": "1300",
        "price_per_unit": "275",
        "price_unit": "ML"
      },
      {
        "state": "NT",
        "price": "1300",
        "price_per_unit": "275",
        "price_unit": "ML"
      }
    ]
  },
  {
    "source_url": "https://www.woolworths.com.au/shop/productdetails/1075345385/dr-natural-castile-body-lotion-lavender-473ml",
    "name": "Dr. Natural Castile Body Lotion Lavender 473ml",
    "image_url": "https://cdn1.woolworths.media/content/wowproductimages/large/1075345385.jpg",
    "source_id": "Woolworths - 1075345385",
    "barcode": null,
    "shop": "Woolworths",
    "weight": "100ML",
    "prices": [
      {
        "state": "NSW",
        "price": "1300",
        "price_per_unit": "275",
        "price_unit": "ML"
      },
      {
        "state": "VIC",
        "price": "1300",
        "price_per_unit": "275",
        "price_unit": "ML"
      },
      {
        "state": "QLD",
        "price": "1300",
        "price_per_unit": "275",
        "price_unit": "ML"
      },
      {
        "state": "WA",
        "price": "1300",
        "price_per_unit": "275",
        "price_unit": "ML"
      },
      {
        "state": "SA",
        "price": "1300",
        "price_per_unit": "275",
        "price_unit": "ML"
      },
      {
        "state": "TAS",
        "price": "1300",
        "price_per_unit": "275",
        "price_unit": "ML"
      },
      {
        "state": "ACT",
        "price": "1300",
        "price_per_unit": "275",
        "price_unit": "ML"
      },
      {
        "state": "NT",
        "price": "1300",
        "price_per_unit": "275",
        "price_unit": "ML"
      }
    ]
  },
  {
    "source_url": "https://www.woolworths.com.au/shop/productdetails/1075346862/dr-natural-castile-body-lotion-shea-butter-vanilla-473ml",
    "name": "Dr. Natural Castile Body Lotion Shea Butter + Vanilla 473ml",
    "image_url": "https://cdn1.woolworths.media/content/wowproductimages/large/1075346862.jpg",
    "source_id": "Woolworths - 1075346862",
    "barcode": null,
    "shop": "Woolworths",
    "weight": "100ML",
    "prices": [
      {
        "state": "NSW",
        "price": "1300",
        "price_per_unit": "275",
        "price_unit": "ML"
      },
      {
        "state": "VIC",
        "price": "1300",
        "price_per_unit": "275",
        "price_unit": "ML"
      },
      {
        "state": "QLD",
        "price": "1300",
        "price_per_unit": "275",
        "price_unit": "ML"
      },
      {
        "state": "WA",
        "price": "1300",
        "price_per_unit": "275",
        "price_unit": "ML"
      },
      {
        "state": "SA",
        "price": "1300",
        "price_per_unit": "275",
        "price_unit": "ML"
      },
      {
        "state": "TAS",
        "price": "1300",
        "price_per_unit": "275",
        "price_unit": "ML"
      },
      {
        "state": "ACT",
        "price": "1300",
        "price_per_unit": "275",
        "price_unit": "ML"
      },
      {
        "state": "NT",
        "price": "1300",
        "price_per_unit": "275",
        "price_unit": "ML"
      }
    ]
  },
  {
    "source_url": "https://www.woolworths.com.au/shop/productdetails/1075481047/drital-perspiration-controlling-powder-50g",
    "name": "DriTal Perspiration Controlling Powder 50g",
    "image_url": "https://cdn1.woolworths.media/content/wowproductimages/large/1075481047.jpg",
    "source_id": "Woolworths - 1075481047",
    "barcode": null,
    "shop": "Woolworths",
    "weight": "100G",
    "prices": [
      {
        "state": "NSW",
        "price": "1645",
        "price_per_unit": "3290",
        "price_unit": "G"
      },
      {
        "state": "VIC",
        "price": "1645",
        "price_per_unit": "3290",
        "price_unit": "G"
      },
      {
        "state": "QLD",
        "price": "1645",
        "price_per_unit": "3290",
        "price_unit": "G"
      },
      {
        "state": "WA",
        "price": "1645",
        "price_per_unit": "3290",
        "price_unit": "G"
      },
      {
        "state": "SA",
        "price": "1645",
        "price_per_unit": "3290",
        "price_unit": "G"
      },
      {
        "state": "TAS",
        "price": "1645",
        "price_per_unit": "3290",
        "price_unit": "G"
      },
      {
        "state": "ACT",
        "price": "1645",
        "price_per_unit": "3290",
        "price_unit": "G"
      },
      {
        "state": "NT",
        "price": "1645",
        "price_per_unit": "3290",
        "price_unit": "G"
      }
    ]
  },
  {
    "source_url": "https://www.woolworths.com.au/shop/productdetails/1074060190/e45-cream-for-dry-skin-tub-body-skin-care-500g",
    "name": "E45 Cream For Dry Skin Tub Body/Skin Care 500g",
    "image_url": "https://cdn1.woolworths.media/content/wowproductimages/large/1074060190.jpg",
    "source_id": "Woolworths - 1074060190",
    "barcode": null,
    "shop": "Woolworths",
    "weight": "1EA",
    "prices": [
      {
        "state": "NSW",
        "price": "3900",
        "price_per_unit": "3900",
        "price_unit": "EA"
      },
      {
        "state": "VIC",
        "price": "3900",
        "price_per_unit": "3900",
        "price_unit": "EA"
      },
      {
        "state": "QLD",
        "price": "3900",
        "price_per_unit": "3900",
        "price_unit": "EA"
      },
      {
        "state": "WA",
        "price": "3900",
        "price_per_unit": "3900",
        "price_unit": "EA"
      },
      {
        "state": "SA",
        "price": "3900",
        "price_per_unit": "3900",
        "price_unit": "EA"
      },
      {
        "state": "TAS",
        "price": "3900",
        "price_per_unit": "3900",
        "price_unit": "EA"
      },
      {
        "state": "ACT",
        "price": "3900",
        "price_per_unit": "3900",
        "price_unit": "EA"
      },
      {
        "state": "NT",
        "price": "3900",
        "price_per_unit": "3900",
        "price_unit": "EA"
      }
    ]
  },
  {
    "source_url": "https://www.woolworths.com.au/shop/productdetails/1075480721/e45-itch-recovery-moisturising-lotion-250ml",
    "name": "E45 Itch Recovery Moisturising Lotion 250ml",
    "image_url": "https://cdn1.woolworths.media/content/wowproductimages/large/1075480721.jpg",
    "source_id": "Woolworths - 1075480721",
    "barcode": null,
    "shop": "Woolworths",
    "weight": "100ML",
    "prices": [
      {
        "state": "NSW",
        "price": "1595",
        "price_per_unit": "638",
        "price_unit": "ML"
      },
      {
        "state": "VIC",
        "price": "1595",
        "price_per_unit": "638",
        "price_unit": "ML"
      },
      {
        "state": "QLD",
        "price": "1595",
        "price_per_unit": "638",
        "price_unit": "ML"
      },
      {
        "state": "WA",
        "price": "1595",
        "price_per_unit": "638",
        "price_unit": "ML"
      },
      {
        "state": "SA",
        "price": "1595",
        "price_per_unit": "638",
        "price_unit": "ML"
      },
      {
        "state": "TAS",
        "price": "1595",
        "price_per_unit": "638",
        "price_unit": "ML"
      },
      {
        "state": "ACT",
        "price": "1595",
        "price_per_unit": "638",
        "price_unit": "ML"
      },
      {
        "state": "NT",
        "price": "1595",
        "price_per_unit": "638",
        "price_unit": "ML"
      }
    ]
  },
  {
    "source_url": "https://www.woolworths.com.au/shop/productdetails/1075346687/eco-kid-organics-potion-lotion-body-moisturiser-225ml",
    "name": "Eco.kid Organics Potion Lotion Body Moisturiser 225ml",
    "image_url": "https://cdn1.woolworths.media/content/wowproductimages/large/1075346687.jpg",
    "source_id": "Woolworths - 1075346687",
    "barcode": null,
    "shop": "Woolworths",
    "weight": "100ML",
    "prices": [
      {
        "state": "NSW",
        "price": "2396",
        "price_per_unit": "1065",
        "price_unit": "ML"
      },
      {
        "state": "VIC",
        "price": "2396",
        "price_per_unit": "1065",
        "price_unit": "ML"
      },
      {
        "state": "QLD",
        "price": "2396",
        "price_per_unit": "1065",
        "price_unit": "ML"
      },
      {
        "state": "WA",
        "price": "2396",
        "price_per_unit": "1065",
        "price_unit": "ML"
      },
      {
        "state": "SA",
        "price": "2396",
        "price_per_unit": "1065",
        "price_unit": "ML"
      },
      {
        "state": "TAS",
        "price": "2396",
        "price_per_unit": "1065",
        "price_unit": "ML"
      },
      {
        "state": "ACT",
        "price": "2396",
        "price_per_unit": "1065",
        "price_unit": "ML"
      },
      {
        "state": "NT",
        "price": "2396",
        "price_per_unit": "1065",
        "price_unit": "ML"
      }
    ]
  },
  {
    "source_url": "https://www.woolworths.com.au/shop/productdetails/1075346540/eco-mum-organics-baby-on-board-belly-beautiful-stretch-mark-oil-225ml",
    "name": "Eco.mum Organics Baby on Board Belly Beautiful Stretch Mark Oil 225ml",
    "image_url": "https://cdn1.woolworths.media/content/wowproductimages/large/1075346540.jpg",
    "source_id": "Woolworths - 1075346540",
    "barcode": null,
    "shop": "Woolworths",
    "weight": "100ML",
    "prices": [
      {
        "state": "NSW",
        "price": "6636",
        "price_per_unit": "2949",
        "price_unit": "ML"
      },
      {
        "state": "VIC",
        "price": "6636",
        "price_per_unit": "2949",
        "price_unit": "ML"
      },
      {
        "state": "QLD",
        "price": "6636",
        "price_per_unit": "2949",
        "price_unit": "ML"
      },
      {
        "state": "WA",
        "price": "6636",
        "price_per_unit": "2949",
        "price_unit": "ML"
      },
      {
        "state": "SA",
        "price": "6636",
        "price_per_unit": "2949",
        "price_unit": "ML"
      },
      {
        "state": "TAS",
        "price": "6636",
        "price_per_unit": "2949",
        "price_unit": "ML"
      },
      {
        "state": "ACT",
        "price": "6636",
        "price_per_unit": "2949",
        "price_unit": "ML"
      },
      {
        "state": "NT",
        "price": "6636",
        "price_per_unit": "2949",
        "price_unit": "ML"
      }
    ]
  },
  {
    "source_url": "https://www.woolworths.com.au/shop/productdetails/1075345059/eco-mum-organics-baby-on-board-bounce-back-hypoallergenic-body-lotion-225ml",
    "name": "Eco.mum Organics Baby on Board Bounce Back Hypoallergenic Body Lotion 225ml",
    "image_url": "https://cdn1.woolworths.media/content/wowproductimages/large/1075345059.jpg",
    "source_id": "Woolworths - 1075345059",
    "barcode": null,
    "shop": "Woolworths",
    "weight": "100ML",
    "prices": [
      {
        "state": "NSW",
        "price": "3436",
        "price_per_unit": "1527",
        "price_unit": "ML"
      },
      {
        "state": "VIC",
        "price": "3436",
        "price_per_unit": "1527",
        "price_unit": "ML"
      },
      {
        "state": "QLD",
        "price": "3436",
        "price_per_unit": "1527",
        "price_unit": "ML"
      },
      {
        "state": "WA",
        "price": "3436",
        "price_per_unit": "1527",
        "price_unit": "ML"
      },
      {
        "state": "SA",
        "price": "3436",
        "price_per_unit": "1527",
        "price_unit": "ML"
      },
      {
        "state": "TAS",
        "price": "3436",
        "price_per_unit": "1527",
        "price_unit": "ML"
      },
      {
        "state": "ACT",
        "price": "3436",
        "price_per_unit": "1527",
        "price_unit": "ML"
      },
      {
        "state": "NT",
        "price": "3436",
        "price_per_unit": "1527",
        "price_unit": "ML"
      }
    ]
  },
  {
    "source_url": "https://www.woolworths.com.au/shop/productdetails/1075479952/ego-egoderm-cream-50g",
    "name": "Ego Egoderm Cream 50g",
    "image_url": "https://cdn1.woolworths.media/content/wowproductimages/large/1075479952.jpg",
    "source_id": "Woolworths - 1075479952",
    "barcode": null,
    "shop": "Woolworths",
    "weight": "100G",
    "prices": [
      {
        "state": "NSW",
        "price": "1435",
        "price_per_unit": "2870",
        "price_unit": "G"
      },
      {
        "state": "VIC",
        "price": "1435",
        "price_per_unit": "2870",
        "price_unit": "G"
      },
      {
        "state": "QLD",
        "price": "1435",
        "price_per_unit": "2870",
        "price_unit": "G"
      },
      {
        "state": "WA",
        "price": "1435",
        "price_per_unit": "2870",
        "price_unit": "G"
      },
      {
        "state": "SA",
        "price": "1435",
        "price_per_unit": "2870",
        "price_unit": "G"
      },
      {
        "state": "TAS",
        "price": "1435",
        "price_per_unit": "2870",
        "price_unit": "G"
      },
      {
        "state": "ACT",
        "price": "1435",
        "price_per_unit": "2870",
        "price_unit": "G"
      },
      {
        "state": "NT",
        "price": "1435",
        "price_per_unit": "2870",
        "price_unit": "G"
      }
    ]
  },
  {
    "source_url": "https://www.woolworths.com.au/shop/productdetails/1075478774/ego-egoderm-ointment-50g",
    "name": "Ego Egoderm Ointment 50g",
    "image_url": "https://cdn1.woolworths.media/content/wowproductimages/large/1075478774.jpg",
    "source_id": "Woolworths - 1075478774",
    "barcode": null,
    "shop": "Woolworths",
    "weight": "100G",
    "prices": [
      {
        "state": "NSW",
        "price": "1439",
        "price_per_unit": "2878",
        "price_unit": "G"
      },
      {
        "state": "VIC",
        "price": "1439",
        "price_per_unit": "2878",
        "price_unit": "G"
      },
      {
        "state": "QLD",
        "price": "1439",
        "price_per_unit": "2878",
        "price_unit": "G"
      },
      {
        "state": "WA",
        "price": "1439",
        "price_per_unit": "2878",
        "price_unit": "G"
      },
      {
        "state": "SA",
        "price": "1439",
        "price_per_unit": "2878",
        "price_unit": "G"
      },
      {
        "state": "TAS",
        "price": "1439",
        "price_per_unit": "2878",
        "price_unit": "G"
      },
      {
        "state": "ACT",
        "price": "1439",
        "price_per_unit": "2878",
        "price_unit": "G"
      },
      {
        "state": "NT",
        "price": "1439",
        "price_per_unit": "2878",
        "price_unit": "G"
      }
    ]
  },
  {
    "source_url": "https://www.woolworths.com.au/shop/productdetails/1075480575/ego-pinetarsol-1-6-pine-tar-gel-100g",
    "name": "Ego Pinetarsol 1.6% Pine Tar Gel 100g",
    "image_url": "https://cdn1.woolworths.media/content/wowproductimages/large/1075480575.jpg",
    "source_id": "Woolworths - 1075480575",
    "barcode": null,
    "shop": "Woolworths",
    "weight": "100G",
    "prices": [
      {
        "state": "NSW",
        "price": "1685",
        "price_per_unit": "1685",
        "price_unit": "G"
      },
      {
        "state": "VIC",
        "price": "1685",
        "price_per_unit": "1685",
        "price_unit": "G"
      },
      {
        "state": "QLD",
        "price": "1685",
        "price_per_unit": "1685",
        "price_unit": "G"
      },
      {
        "state": "WA",
        "price": "1685",
        "price_per_unit": "1685",
        "price_unit": "G"
      },
      {
        "state": "SA",
        "price": "1685",
        "price_per_unit": "1685",
        "price_unit": "G"
      },
      {
        "state": "TAS",
        "price": "1685",
        "price_per_unit": "1685",
        "price_unit": "G"
      },
      {
        "state": "ACT",
        "price": "1685",
        "price_per_unit": "1685",
        "price_unit": "G"
      },
      {
        "state": "NT",
        "price": "1685",
        "price_per_unit": "1685",
        "price_unit": "G"
      }
    ]
  },
  {
    "source_url": "https://www.woolworths.com.au/shop/productdetails/1075478144/ego-pinetarsol-gel-450g",
    "name": "Ego Pinetarsol Gel 450g",
    "image_url": "https://cdn1.woolworths.media/content/wowproductimages/large/1075478144.jpg",
    "source_id": "Woolworths - 1075478144",
    "barcode": null,
    "shop": "Woolworths",
    "weight": "100G",
    "prices": [
      {
        "state": "NSW",
        "price": "1999",
        "price_per_unit": "444",
        "price_unit": "G"
      },
      {
        "state": "VIC",
        "price": "1999",
        "price_per_unit": "444",
        "price_unit": "G"
      },
      {
        "state": "QLD",
        "price": "1999",
        "price_per_unit": "444",
        "price_unit": "G"
      },
      {
        "state": "WA",
        "price": "1999",
        "price_per_unit": "444",
        "price_unit": "G"
      },
      {
        "state": "SA",
        "price": "1999",
        "price_per_unit": "444",
        "price_unit": "G"
      },
      {
        "state": "TAS",
        "price": "1999",
        "price_per_unit": "444",
        "price_unit": "G"
      },
      {
        "state": "ACT",
        "price": "1999",
        "price_per_unit": "444",
        "price_unit": "G"
      },
      {
        "state": "NT",
        "price": "1999",
        "price_per_unit": "444",
        "price_unit": "G"
      }
    ]
  },
  {
    "source_url": "https://www.woolworths.com.au/shop/productdetails/1075478544/ego-pinetarsol-solution-500ml",
    "name": "Ego Pinetarsol Solution 500ml",
    "image_url": "https://cdn1.woolworths.media/content/wowproductimages/large/1075478544.jpg",
    "source_id": "Woolworths - 1075478544",
    "barcode": null,
    "shop": "Woolworths",
    "weight": "100ML",
    "prices": [
      {
        "state": "NSW",
        "price": "2195",
        "price_per_unit": "439",
        "price_unit": "ML"
      },
      {
        "state": "VIC",
        "price": "2195",
        "price_per_unit": "439",
        "price_unit": "ML"
      },
      {
        "state": "QLD",
        "price": "2195",
        "price_per_unit": "439",
        "price_unit": "ML"
      },
      {
        "state": "WA",
        "price": "2195",
        "price_per_unit": "439",
        "price_unit": "ML"
      },
      {
        "state": "SA",
        "price": "2195",
        "price_per_unit": "439",
        "price_unit": "ML"
      },
      {
        "state": "TAS",
        "price": "2195",
        "price_per_unit": "439",
        "price_unit": "ML"
      },
      {
        "state": "ACT",
        "price": "2195",
        "price_per_unit": "439",
        "price_unit": "ML"
      },
      {
        "state": "NT",
        "price": "2195",
        "price_per_unit": "439",
        "price_unit": "ML"
      }
    ]
  },
  {
    "source_url": "https://www.woolworths.com.au/shop/productdetails/1075478374/ego-qv-bath-oil-1-litre",
    "name": "Ego QV Bath Oil 1 Litre",
    "image_url": "https://cdn1.woolworths.media/content/wowproductimages/large/1075478374.jpg",
    "source_id": "Woolworths - 1075478374",
    "barcode": null,
    "shop": "Woolworths",
    "weight": "100ML",
    "prices": [
      {
        "state": "NSW",
        "price": "2095",
        "price_per_unit": "210",
        "price_unit": "ML"
      },
      {
        "state": "VIC",
        "price": "2095",
        "price_per_unit": "210",
        "price_unit": "ML"
      },
      {
        "state": "QLD",
        "price": "2095",
        "price_per_unit": "210",
        "price_unit": "ML"
      },
      {
        "state": "WA",
        "price": "2095",
        "price_per_unit": "210",
        "price_unit": "ML"
      },
      {
        "state": "SA",
        "price": "2095",
        "price_per_unit": "210",
        "price_unit": "ML"
      },
      {
        "state": "TAS",
        "price": "2095",
        "price_per_unit": "210",
        "price_unit": "ML"
      },
      {
        "state": "ACT",
        "price": "2095",
        "price_per_unit": "210",
        "price_unit": "ML"
      },
      {
        "state": "NT",
        "price": "2095",
        "price_per_unit": "210",
        "price_unit": "ML"
      }
    ]
  },
  {
    "source_url": "https://www.woolworths.com.au/shop/productdetails/1075478377/ego-qv-bath-oil-250ml",
    "name": "Ego QV Bath Oil 250ml",
    "image_url": "https://cdn1.woolworths.media/content/wowproductimages/large/1075478377.jpg",
    "source_id": "Woolworths - 1075478377",
    "barcode": null,
    "shop": "Woolworths",
    "weight": "100ML",
    "prices": [
      {
        "state": "NSW",
        "price": "999",
        "price_per_unit": "400",
        "price_unit": "ML"
      },
      {
        "state": "VIC",
        "price": "999",
        "price_per_unit": "400",
        "price_unit": "ML"
      },
      {
        "state": "QLD",
        "price": "999",
        "price_per_unit": "400",
        "price_unit": "ML"
      },
      {
        "state": "WA",
        "price": "999",
        "price_per_unit": "400",
        "price_unit": "ML"
      },
      {
        "state": "SA",
        "price": "999",
        "price_per_unit": "400",
        "price_unit": "ML"
      },
      {
        "state": "TAS",
        "price": "999",
        "price_per_unit": "400",
        "price_unit": "ML"
      },
      {
        "state": "ACT",
        "price": "999",
        "price_per_unit": "400",
        "price_unit": "ML"
      },
      {
        "state": "NT",
        "price": "999",
        "price_per_unit": "400",
        "price_unit": "ML"
      }
    ]
  },
  {
    "source_url": "https://www.woolworths.com.au/shop/productdetails/1075480965/ego-qv-cream-500g-jar",
    "name": "Ego QV Cream 500g Jar",
    "image_url": "https://cdn1.woolworths.media/content/wowproductimages/large/1075480965.jpg",
    "source_id": "Woolworths - 1075480965",
    "barcode": null,
    "shop": "Woolworths",
    "weight": "100G",
    "prices": [
      {
        "state": "NSW",
        "price": "1945",
        "price_per_unit": "389",
        "price_unit": "G"
      },
      {
        "state": "VIC",
        "price": "1945",
        "price_per_unit": "389",
        "price_unit": "G"
      },
      {
        "state": "QLD",
        "price": "1945",
        "price_per_unit": "389",
        "price_unit": "G"
      },
      {
        "state": "WA",
        "price": "1945",
        "price_per_unit": "389",
        "price_unit": "G"
      },
      {
        "state": "SA",
        "price": "1945",
        "price_per_unit": "389",
        "price_unit": "G"
      },
      {
        "state": "TAS",
        "price": "1945",
        "price_per_unit": "389",
        "price_unit": "G"
      },
      {
        "state": "ACT",
        "price": "1945",
        "price_per_unit": "389",
        "price_unit": "G"
      },
      {
        "state": "NT",
        "price": "1945",
        "price_per_unit": "389",
        "price_unit": "G"
      }
    ]
  },
  {
    "source_url": "https://www.woolworths.com.au/shop/productdetails/1075480484/ego-qv-dermcare-eczema-daily-cream-1kg",
    "name": "Ego QV Dermcare Eczema Daily Cream 1kg",
    "image_url": "https://cdn1.woolworths.media/content/wowproductimages/large/1075480484.jpg",
    "source_id": "Woolworths - 1075480484",
    "barcode": null,
    "shop": "Woolworths",
    "weight": "100G",
    "prices": [
      {
        "state": "NSW",
        "price": "3895",
        "price_per_unit": "390",
        "price_unit": "G"
      },
      {
        "state": "VIC",
        "price": "3895",
        "price_per_unit": "390",
        "price_unit": "G"
      },
      {
        "state": "QLD",
        "price": "3895",
        "price_per_unit": "390",
        "price_unit": "G"
      },
      {
        "state": "WA",
        "price": "3895",
        "price_per_unit": "390",
        "price_unit": "G"
      },
      {
        "state": "SA",
        "price": "3895",
        "price_per_unit": "390",
        "price_unit": "G"
      },
      {
        "state": "TAS",
        "price": "3895",
        "price_per_unit": "390",
        "price_unit": "G"
      },
      {
        "state": "ACT",
        "price": "3895",
        "price_per_unit": "390",
        "price_unit": "G"
      },
      {
        "state": "NT",
        "price": "3895",
        "price_per_unit": "390",
        "price_unit": "G"
      }
    ]
  },
  {
    "source_url": "https://www.woolworths.com.au/shop/productdetails/1075481405/ego-qv-dermcare-eczema-daily-cream-350ml",
    "name": "Ego QV Dermcare Eczema Daily Cream 350ml",
    "image_url": "https://cdn1.woolworths.media/content/wowproductimages/large/1075481405.jpg",
    "source_id": "Woolworths - 1075481405",
    "barcode": null,
    "shop": "Woolworths",
    "weight": "100ML",
    "prices": [
      {
        "state": "NSW",
        "price": "2395",
        "price_per_unit": "684",
        "price_unit": "ML"
      },
      {
        "state": "VIC",
        "price": "2395",
        "price_per_unit": "684",
        "price_unit": "ML"
      },
      {
        "state": "QLD",
        "price": "2395",
        "price_per_unit": "684",
        "price_unit": "ML"
      },
      {
        "state": "WA",
        "price": "2395",
        "price_per_unit": "684",
        "price_unit": "ML"
      },
      {
        "state": "SA",
        "price": "2395",
        "price_per_unit": "684",
        "price_unit": "ML"
      },
      {
        "state": "TAS",
        "price": "2395",
        "price_per_unit": "684",
        "price_unit": "ML"
      },
      {
        "state": "ACT",
        "price": "2395",
        "price_per_unit": "684",
        "price_unit": "ML"
      },
      {
        "state": "NT",
        "price": "2395",
        "price_per_unit": "684",
        "price_unit": "ML"
      }
    ]
  },
  {
    "source_url": "https://www.woolworths.com.au/shop/productdetails/1075481361/ego-qv-dermcare-sting-free-ointment-100g",
    "name": "Ego QV Dermcare Sting-Free Ointment 100g",
    "image_url": "https://cdn1.woolworths.media/content/wowproductimages/large/1075481361.jpg",
    "source_id": "Woolworths - 1075481361",
    "barcode": null,
    "shop": "Woolworths",
    "weight": "100G",
    "prices": [
      {
        "state": "NSW",
        "price": "1195",
        "price_per_unit": "1195",
        "price_unit": "G"
      },
      {
        "state": "VIC",
        "price": "1195",
        "price_per_unit": "1195",
        "price_unit": "G"
      },
      {
        "state": "QLD",
        "price": "1195",
        "price_per_unit": "1195",
        "price_unit": "G"
      },
      {
        "state": "WA",
        "price": "1195",
        "price_per_unit": "1195",
        "price_unit": "G"
      },
      {
        "state": "SA",
        "price": "1195",
        "price_per_unit": "1195",
        "price_unit": "G"
      },
      {
        "state": "TAS",
        "price": "1195",
        "price_per_unit": "1195",
        "price_unit": "G"
      },
      {
        "state": "ACT",
        "price": "1195",
        "price_per_unit": "1195",
        "price_unit": "G"
      },
      {
        "state": "NT",
        "price": "1195",
        "price_per_unit": "1195",
        "price_unit": "G"
      }
    ]
  },
  {
    "source_url": "https://www.woolworths.com.au/shop/productdetails/1075479035/ego-qv-dermcare-sting-free-ointment-200g",
    "name": "Ego QV Dermcare Sting-Free Ointment 200g",
    "image_url": "https://cdn1.woolworths.media/content/wowproductimages/large/1075479035.jpg",
    "source_id": "Woolworths - 1075479035",
    "barcode": null,
    "shop": "Woolworths",
    "weight": "100G",
    "prices": [
      {
        "state": "NSW",
        "price": "1999",
        "price_per_unit": "1000",
        "price_unit": "G"
      },
      {
        "state": "VIC",
        "price": "1999",
        "price_per_unit": "1000",
        "price_unit": "G"
      },
      {
        "state": "QLD",
        "price": "1999",
        "price_per_unit": "1000",
        "price_unit": "G"
      },
      {
        "state": "WA",
        "price": "1999",
        "price_per_unit": "1000",
        "price_unit": "G"
      },
      {
        "state": "SA",
        "price": "1999",
        "price_per_unit": "1000",
        "price_unit": "G"
      },
      {
        "state": "TAS",
        "price": "1999",
        "price_per_unit": "1000",
        "price_unit": "G"
      },
      {
        "state": "ACT",
        "price": "1999",
        "price_per_unit": "1000",
        "price_unit": "G"
      },
      {
        "state": "NT",
        "price": "1999",
        "price_per_unit": "1000",
        "price_unit": "G"
      }
    ]
  },
  {
    "source_url": "https://www.woolworths.com.au/shop/productdetails/1075480621/ego-qv-flare-up-bath-oil-for-eczema-500ml",
    "name": "Ego QV Flare Up Bath Oil for Eczema 500ml",
    "image_url": "https://cdn1.woolworths.media/content/wowproductimages/large/1075480621.jpg",
    "source_id": "Woolworths - 1075480621",
    "barcode": null,
    "shop": "Woolworths",
    "weight": "100ML",
    "prices": [
      {
        "state": "NSW",
        "price": "2095",
        "price_per_unit": "419",
        "price_unit": "ML"
      },
      {
        "state": "VIC",
        "price": "2095",
        "price_per_unit": "419",
        "price_unit": "ML"
      },
      {
        "state": "QLD",
        "price": "2095",
        "price_per_unit": "419",
        "price_unit": "ML"
      },
      {
        "state": "WA",
        "price": "2095",
        "price_per_unit": "419",
        "price_unit": "ML"
      },
      {
        "state": "SA",
        "price": "2095",
        "price_per_unit": "419",
        "price_unit": "ML"
      },
      {
        "state": "TAS",
        "price": "2095",
        "price_per_unit": "419",
        "price_unit": "ML"
      },
      {
        "state": "ACT",
        "price": "2095",
        "price_per_unit": "419",
        "price_unit": "ML"
      },
      {
        "state": "NT",
        "price": "2095",
        "price_per_unit": "419",
        "price_unit": "ML"
      }
    ]
  },
  {
    "source_url": "https://www.woolworths.com.au/shop/productdetails/1075478083/ego-qv-intensive-cream-for-very-dry-skin-100g",
    "name": "Ego QV Intensive Cream for Very Dry Skin 100g",
    "image_url": "https://cdn1.woolworths.media/content/wowproductimages/large/1075478083.jpg",
    "source_id": "Woolworths - 1075478083",
    "barcode": null,
    "shop": "Woolworths",
    "weight": "100G",
    "prices": [
      {
        "state": "NSW",
        "price": "944",
        "price_per_unit": "944",
        "price_unit": "G"
      },
      {
        "state": "VIC",
        "price": "944",
        "price_per_unit": "944",
        "price_unit": "G"
      },
      {
        "state": "QLD",
        "price": "944",
        "price_per_unit": "944",
        "price_unit": "G"
      },
      {
        "state": "WA",
        "price": "944",
        "price_per_unit": "944",
        "price_unit": "G"
      },
      {
        "state": "SA",
        "price": "944",
        "price_per_unit": "944",
        "price_unit": "G"
      },
      {
        "state": "TAS",
        "price": "944",
        "price_per_unit": "944",
        "price_unit": "G"
      },
      {
        "state": "ACT",
        "price": "944",
        "price_per_unit": "944",
        "price_unit": "G"
      },
      {
        "state": "NT",
        "price": "944",
        "price_per_unit": "944",
        "price_unit": "G"
      }
    ]
  },
  {
    "source_url": "https://www.woolworths.com.au/shop/productdetails/1075481189/ego-qv-intensive-cream-for-very-dry-skin-500g",
    "name": "Ego QV Intensive Cream for Very Dry Skin 500g",
    "image_url": "https://cdn1.woolworths.media/content/wowproductimages/large/1075481189.jpg",
    "source_id": "Woolworths - 1075481189",
    "barcode": null,
    "shop": "Woolworths",
    "weight": "100G",
    "prices": [
      {
        "state": "NSW",
        "price": "2295",
        "price_per_unit": "459",
        "price_unit": "G"
      },
      {
        "state": "VIC",
        "price": "2295",
        "price_per_unit": "459",
        "price_unit": "G"
      },
      {
        "state": "QLD",
        "price": "2295",
        "price_per_unit": "459",
        "price_unit": "G"
      },
      {
        "state": "WA",
        "price": "2295",
        "price_per_unit": "459",
        "price_unit": "G"
      },
      {
        "state": "SA",
        "price": "2295",
        "price_per_unit": "459",
        "price_unit": "G"
      },
      {
        "state": "TAS",
        "price": "2295",
        "price_per_unit": "459",
        "price_unit": "G"
      },
      {
        "state": "ACT",
        "price": "2295",
        "price_per_unit": "459",
        "price_unit": "G"
      },
      {
        "state": "NT",
        "price": "2295",
        "price_per_unit": "459",
        "price_unit": "G"
      }
    ]
  },
  {
    "source_url": "https://www.woolworths.com.au/shop/productdetails/1075480788/ego-qv-intensive-moisturising-cleanser-1kg",
    "name": "Ego QV Intensive Moisturising Cleanser 1kg",
    "image_url": "https://cdn1.woolworths.media/content/wowproductimages/large/1075480788.jpg",
    "source_id": "Woolworths - 1075480788",
    "barcode": null,
    "shop": "Woolworths",
    "weight": "100G",
    "prices": [
      {
        "state": "NSW",
        "price": "3495",
        "price_per_unit": "350",
        "price_unit": "G"
      },
      {
        "state": "VIC",
        "price": "3495",
        "price_per_unit": "350",
        "price_unit": "G"
      },
      {
        "state": "QLD",
        "price": "3495",
        "price_per_unit": "350",
        "price_unit": "G"
      },
      {
        "state": "WA",
        "price": "3495",
        "price_per_unit": "350",
        "price_unit": "G"
      },
      {
        "state": "SA",
        "price": "3495",
        "price_per_unit": "350",
        "price_unit": "G"
      },
      {
        "state": "TAS",
        "price": "3495",
        "price_per_unit": "350",
        "price_unit": "G"
      },
      {
        "state": "ACT",
        "price": "3495",
        "price_per_unit": "350",
        "price_unit": "G"
      },
      {
        "state": "NT",
        "price": "3495",
        "price_per_unit": "350",
        "price_unit": "G"
      }
    ]
  },
  {
    "source_url": "https://www.woolworths.com.au/shop/productdetails/1075481123/ego-qv-intensive-moisturising-cleanser-500g",
    "name": "Ego QV Intensive Moisturising Cleanser 500g",
    "image_url": "https://cdn1.woolworths.media/content/wowproductimages/large/1075481123.jpg",
    "source_id": "Woolworths - 1075481123",
    "barcode": null,
    "shop": "Woolworths",
    "weight": "100G",
    "prices": [
      {
        "state": "NSW",
        "price": "2295",
        "price_per_unit": "459",
        "price_unit": "G"
      },
      {
        "state": "VIC",
        "price": "2295",
        "price_per_unit": "459",
        "price_unit": "G"
      },
      {
        "state": "QLD",
        "price": "2295",
        "price_per_unit": "459",
        "price_unit": "G"
      },
      {
        "state": "WA",
        "price": "2295",
        "price_per_unit": "459",
        "price_unit": "G"
      },
      {
        "state": "SA",
        "price": "2295",
        "price_per_unit": "459",
        "price_unit": "G"
      },
      {
        "state": "TAS",
        "price": "2295",
        "price_per_unit": "459",
        "price_unit": "G"
      },
      {
        "state": "ACT",
        "price": "2295",
        "price_per_unit": "459",
        "price_unit": "G"
      },
      {
        "state": "NT",
        "price": "2295",
        "price_per_unit": "459",
        "price_unit": "G"
      }
    ]
  },
  {
    "source_url": "https://www.woolworths.com.au/shop/productdetails/1075479705/elastoplast-scar-reducer-patches-21-pack",
    "name": "Elastoplast Scar Reducer Patches 21 Pack",
    "image_url": "https://cdn1.woolworths.media/content/wowproductimages/large/1075479705.jpg",
    "source_id": "Woolworths - 1075479705",
    "barcode": null,
    "shop": "Woolworths",
    "weight": "1EA",
    "prices": [
      {
        "state": "NSW",
        "price": "3695",
        "price_per_unit": "176",
        "price_unit": "EA"
      },
      {
        "state": "VIC",
        "price": "3695",
        "price_per_unit": "176",
        "price_unit": "EA"
      },
      {
        "state": "QLD",
        "price": "3695",
        "price_per_unit": "176",
        "price_unit": "EA"
      },
      {
        "state": "WA",
        "price": "3695",
        "price_per_unit": "176",
        "price_unit": "EA"
      },
      {
        "state": "SA",
        "price": "3695",
        "price_per_unit": "176",
        "price_unit": "EA"
      },
      {
        "state": "TAS",
        "price": "3695",
        "price_per_unit": "176",
        "price_unit": "EA"
      },
      {
        "state": "ACT",
        "price": "3695",
        "price_per_unit": "176",
        "price_unit": "EA"
      },
      {
        "state": "NT",
        "price": "3695",
        "price_per_unit": "176",
        "price_unit": "EA"
      }
    ]
  },
  {
    "source_url": "https://www.woolworths.com.au/shop/productdetails/1074651378/elemis-japanese-camellia-body-oil-blend-salon-size-200ml-6-8oz",
    "name": "Elemis Japanese Camellia Body Oil Blend (Salon Size) 200ml/6.8oz",
    "image_url": "https://cdn1.woolworths.media/content/wowproductimages/large/1074651378.jpg",
    "source_id": "Woolworths - 1074651378",
    "barcode": null,
    "shop": "Woolworths",
    "weight": "100ML",
    "prices": [
      {
        "state": "NSW",
        "price": "11300",
        "price_per_unit": "5650",
        "price_unit": "ML"
      },
      {
        "state": "VIC",
        "price": "11300",
        "price_per_unit": "5650",
        "price_unit": "ML"
      },
      {
        "state": "QLD",
        "price": "11300",
        "price_per_unit": "5650",
        "price_unit": "ML"
      },
      {
        "state": "WA",
        "price": "11300",
        "price_per_unit": "5650",
        "price_unit": "ML"
      },
      {
        "state": "SA",
        "price": "11300",
        "price_per_unit": "5650",
        "price_unit": "ML"
      },
      {
        "state": "TAS",
        "price": "11300",
        "price_per_unit": "5650",
        "price_unit": "ML"
      },
      {
        "state": "ACT",
        "price": "11300",
        "price_per_unit": "5650",
        "price_unit": "ML"
      },
      {
        "state": "NT",
        "price": "11300",
        "price_per_unit": "5650",
        "price_unit": "ML"
      }
    ]
  },
  {
    "source_url": "https://www.woolworths.com.au/shop/productdetails/1074388044/elizabeth-arden-green-tea-honey-drops-body-cream-400ml-13-54oz",
    "name": "Elizabeth Arden Green Tea Honey Drops Body Cream 400ml/13.54oz",
    "image_url": "https://cdn1.woolworths.media/content/wowproductimages/large/1074388044.jpg",
    "source_id": "Woolworths - 1074388044",
    "barcode": null,
    "shop": "Woolworths",
    "weight": "100ML",
    "prices": [
      {
        "state": "NSW",
        "price": "4700",
        "price_per_unit": "1175",
        "price_unit": "ML"
      },
      {
        "state": "VIC",
        "price": "4700",
        "price_per_unit": "1175",
        "price_unit": "ML"
      },
      {
        "state": "QLD",
        "price": "4700",
        "price_per_unit": "1175",
        "price_unit": "ML"
      },
      {
        "state": "WA",
        "price": "4700",
        "price_per_unit": "1175",
        "price_unit": "ML"
      },
      {
        "state": "SA",
        "price": "4700",
        "price_per_unit": "1175",
        "price_unit": "ML"
      },
      {
        "state": "TAS",
        "price": "4700",
        "price_per_unit": "1175",
        "price_unit": "ML"
      },
      {
        "state": "ACT",
        "price": "4700",
        "price_per_unit": "1175",
        "price_unit": "ML"
      },
      {
        "state": "NT",
        "price": "4700",
        "price_per_unit": "1175",
        "price_unit": "ML"
      }
    ]
  },
  {
    "source_url": "https://www.woolworths.com.au/shop/productdetails/1074388045/elizabeth-arden-green-tea-honey-drops-body-cream-500ml-16-9oz",
    "name": "Elizabeth Arden Green Tea Honey Drops Body Cream 500ml/16.9oz",
    "image_url": "https://cdn1.woolworths.media/content/wowproductimages/large/1074388045.jpg",
    "source_id": "Woolworths - 1074388045",
    "barcode": null,
    "shop": "Woolworths",
    "weight": "100ML",
    "prices": [
      {
        "state": "NSW",
        "price": "5400",
        "price_per_unit": "1080",
        "price_unit": "ML"
      },
      {
        "state": "VIC",
        "price": "5400",
        "price_per_unit": "1080",
        "price_unit": "ML"
      },
      {
        "state": "QLD",
        "price": "5400",
        "price_per_unit": "1080",
        "price_unit": "ML"
      },
      {
        "state": "WA",
        "price": "5400",
        "price_per_unit": "1080",
        "price_unit": "ML"
      },
      {
        "state": "SA",
        "price": "5400",
        "price_per_unit": "1080",
        "price_unit": "ML"
      },
      {
        "state": "TAS",
        "price": "5400",
        "price_per_unit": "1080",
        "price_unit": "ML"
      },
      {
        "state": "ACT",
        "price": "5400",
        "price_per_unit": "1080",
        "price_unit": "ML"
      },
      {
        "state": "NT",
        "price": "5400",
        "price_per_unit": "1080",
        "price_unit": "ML"
      }
    ]
  },
  {
    "source_url": "https://www.woolworths.com.au/shop/productdetails/1075503738/elizabeth-arden-green-tea-refreshing-body-lotion-500ml",
    "name": "Elizabeth Arden Green Tea Refreshing Body Lotion 500mL",
    "image_url": "https://cdn1.woolworths.media/content/wowproductimages/large/1075503738.jpg",
    "source_id": "Woolworths - 1075503738",
    "barcode": null,
    "shop": "Woolworths",
    "weight": "100ML",
    "prices": [
      {
        "state": "NSW",
        "price": "2900",
        "price_per_unit": "580",
        "price_unit": "ML"
      },
      {
        "state": "VIC",
        "price": "2900",
        "price_per_unit": "580",
        "price_unit": "ML"
      },
      {
        "state": "QLD",
        "price": "2900",
        "price_per_unit": "580",
        "price_unit": "ML"
      },
      {
        "state": "WA",
        "price": "2900",
        "price_per_unit": "580",
        "price_unit": "ML"
      },
      {
        "state": "SA",
        "price": "2900",
        "price_per_unit": "580",
        "price_unit": "ML"
      },
      {
        "state": "TAS",
        "price": "2900",
        "price_per_unit": "580",
        "price_unit": "ML"
      },
      {
        "state": "ACT",
        "price": "2900",
        "price_per_unit": "580",
        "price_unit": "ML"
      },
      {
        "state": "NT",
        "price": "2900",
        "price_per_unit": "580",
        "price_unit": "ML"
      }
    ]
  },
  {
    "source_url": "https://www.woolworths.com.au/shop/productdetails/1074543909/elizabeth-arden-red-door-eau-de-toilette-spray-body-lotion-shower-gel-100ml-3-3oz",
    "name": "Elizabeth Arden Red Door Eau De Toilette Spray & Body Lotion & Shower Gel 100ml/3.3oz",
    "image_url": "https://cdn1.woolworths.media/content/wowproductimages/large/1074543909.jpg",
    "source_id": "Woolworths - 1074543909",
    "barcode": null,
    "shop": "Woolworths",
    "weight": "100ML",
    "prices": [
      {
        "state": "NSW",
        "price": "13530",
        "price_per_unit": "13530",
        "price_unit": "ML"
      },
      {
        "state": "VIC",
        "price": "13530",
        "price_per_unit": "13530",
        "price_unit": "ML"
      },
      {
        "state": "QLD",
        "price": "13530",
        "price_per_unit": "13530",
        "price_unit": "ML"
      },
      {
        "state": "WA",
        "price": "13530",
        "price_per_unit": "13530",
        "price_unit": "ML"
      },
      {
        "state": "SA",
        "price": "13530",
        "price_per_unit": "13530",
        "price_unit": "ML"
      },
      {
        "state": "TAS",
        "price": "13530",
        "price_per_unit": "13530",
        "price_unit": "ML"
      },
      {
        "state": "ACT",
        "price": "13530",
        "price_per_unit": "13530",
        "price_unit": "ML"
      },
      {
        "state": "NT",
        "price": "13530",
        "price_per_unit": "13530",
        "price_unit": "ML"
      }
    ]
  },
  {
    "source_url": "https://www.woolworths.com.au/shop/productdetails/1074651447/eltamd-barrier-renewal-complex-48g-1-7oz",
    "name": "EltaMD Barrier Renewal Complex 48g/1.7oz",
    "image_url": "https://cdn1.woolworths.media/content/wowproductimages/large/1074651447.jpg",
    "source_id": "Woolworths - 1074651447",
    "barcode": null,
    "shop": "Woolworths",
    "weight": "100G",
    "prices": [
      {
        "state": "NSW",
        "price": "11300",
        "price_per_unit": "23542",
        "price_unit": "G"
      },
      {
        "state": "VIC",
        "price": "11300",
        "price_per_unit": "23542",
        "price_unit": "G"
      },
      {
        "state": "QLD",
        "price": "11300",
        "price_per_unit": "23542",
        "price_unit": "G"
      },
      {
        "state": "WA",
        "price": "11300",
        "price_per_unit": "23542",
        "price_unit": "G"
      },
      {
        "state": "SA",
        "price": "11300",
        "price_per_unit": "23542",
        "price_unit": "G"
      },
      {
        "state": "TAS",
        "price": "11300",
        "price_per_unit": "23542",
        "price_unit": "G"
      },
      {
        "state": "ACT",
        "price": "11300",
        "price_per_unit": "23542",
        "price_unit": "G"
      },
      {
        "state": "NT",
        "price": "11300",
        "price_per_unit": "23542",
        "price_unit": "G"
      }
    ]
  },
  {
    "source_url": "https://www.woolworths.com.au/shop/productdetails/1074651451/eltamd-moisture-rich-body-creme-226g-8oz",
    "name": "EltaMD Moisture-Rich Body Creme 226g/8oz",
    "image_url": "https://cdn1.woolworths.media/content/wowproductimages/large/1074651451.jpg",
    "source_id": "Woolworths - 1074651451",
    "barcode": null,
    "shop": "Woolworths",
    "weight": "100G",
    "prices": [
      {
        "state": "NSW",
        "price": "6200",
        "price_per_unit": "2743",
        "price_unit": "G"
      },
      {
        "state": "VIC",
        "price": "6200",
        "price_per_unit": "2743",
        "price_unit": "G"
      },
      {
        "state": "QLD",
        "price": "6200",
        "price_per_unit": "2743",
        "price_unit": "G"
      },
      {
        "state": "WA",
        "price": "6200",
        "price_per_unit": "2743",
        "price_unit": "G"
      },
      {
        "state": "SA",
        "price": "6200",
        "price_per_unit": "2743",
        "price_unit": "G"
      },
      {
        "state": "TAS",
        "price": "6200",
        "price_per_unit": "2743",
        "price_unit": "G"
      },
      {
        "state": "ACT",
        "price": "6200",
        "price_per_unit": "2743",
        "price_unit": "G"
      },
      {
        "state": "NT",
        "price": "6200",
        "price_per_unit": "2743",
        "price_unit": "G"
      }
    ]
  },
  {
    "source_url": "https://www.woolworths.com.au/shop/productdetails/1074388062/elvis-elvin-hand-cream-neroli-mandarin-75ml-2-5oz",
    "name": "Elvis + Elvin Hand Cream - Neroli & Mandarin 75ml/2.5oz",
    "image_url": "https://cdn1.woolworths.media/content/wowproductimages/large/1074388062.jpg",
    "source_id": "Woolworths - 1074388062",
    "barcode": null,
    "shop": "Woolworths",
    "weight": "100ML",
    "prices": [
      {
        "state": "NSW",
        "price": "4400",
        "price_per_unit": "5867",
        "price_unit": "ML"
      },
      {
        "state": "VIC",
        "price": "4400",
        "price_per_unit": "5867",
        "price_unit": "ML"
      },
      {
        "state": "QLD",
        "price": "4400",
        "price_per_unit": "5867",
        "price_unit": "ML"
      },
      {
        "state": "WA",
        "price": "4400",
        "price_per_unit": "5867",
        "price_unit": "ML"
      },
      {
        "state": "SA",
        "price": "4400",
        "price_per_unit": "5867",
        "price_unit": "ML"
      },
      {
        "state": "TAS",
        "price": "4400",
        "price_per_unit": "5867",
        "price_unit": "ML"
      },
      {
        "state": "ACT",
        "price": "4400",
        "price_per_unit": "5867",
        "price_unit": "ML"
      },
      {
        "state": "NT",
        "price": "4400",
        "price_per_unit": "5867",
        "price_unit": "ML"
      }
    ]
  },
  {
    "source_url": "https://www.woolworths.com.au/shop/productdetails/1074651483/elvis-elvin-night-cream-50ml-1-7oz",
    "name": "Elvis + Elvin Night Cream 50ml/1.7oz",
    "image_url": "https://cdn1.woolworths.media/content/wowproductimages/large/1074651483.jpg",
    "source_id": "Woolworths - 1074651483",
    "barcode": null,
    "shop": "Woolworths",
    "weight": "100ML",
    "prices": [
      {
        "state": "NSW",
        "price": "9200",
        "price_per_unit": "18400",
        "price_unit": "ML"
      },
      {
        "state": "VIC",
        "price": "9200",
        "price_per_unit": "18400",
        "price_unit": "ML"
      },
      {
        "state": "QLD",
        "price": "9200",
        "price_per_unit": "18400",
        "price_unit": "ML"
      },
      {
        "state": "WA",
        "price": "9200",
        "price_per_unit": "18400",
        "price_unit": "ML"
      },
      {
        "state": "SA",
        "price": "9200",
        "price_per_unit": "18400",
        "price_unit": "ML"
      },
      {
        "state": "TAS",
        "price": "9200",
        "price_per_unit": "18400",
        "price_unit": "ML"
      },
      {
        "state": "ACT",
        "price": "9200",
        "price_per_unit": "18400",
        "price_unit": "ML"
      },
      {
        "state": "NT",
        "price": "9200",
        "price_per_unit": "18400",
        "price_unit": "ML"
      }
    ]
  },
  {
    "source_url": "https://www.woolworths.com.au/shop/productdetails/1074651485/elvis-elvin-rose-body-oil-110ml-3-7oz",
    "name": "Elvis + Elvin Rose Body Oil 110ml/3.7oz",
    "image_url": "https://cdn1.woolworths.media/content/wowproductimages/large/1074651485.jpg",
    "source_id": "Woolworths - 1074651485",
    "barcode": null,
    "shop": "Woolworths",
    "weight": "100ML",
    "prices": [
      {
        "state": "NSW",
        "price": "7400",
        "price_per_unit": "6727",
        "price_unit": "ML"
      },
      {
        "state": "VIC",
        "price": "7400",
        "price_per_unit": "6727",
        "price_unit": "ML"
      },
      {
        "state": "QLD",
        "price": "7400",
        "price_per_unit": "6727",
        "price_unit": "ML"
      },
      {
        "state": "WA",
        "price": "7400",
        "price_per_unit": "6727",
        "price_unit": "ML"
      },
      {
        "state": "SA",
        "price": "7400",
        "price_per_unit": "6727",
        "price_unit": "ML"
      },
      {
        "state": "TAS",
        "price": "7400",
        "price_per_unit": "6727",
        "price_unit": "ML"
      },
      {
        "state": "ACT",
        "price": "7400",
        "price_per_unit": "6727",
        "price_unit": "ML"
      },
      {
        "state": "NT",
        "price": "7400",
        "price_per_unit": "6727",
        "price_unit": "ML"
      }
    ]
  },
  {
    "source_url": "https://www.woolworths.com.au/shop/productdetails/1074651486/elvis-elvin-rose-of-winter-body-oil-110ml-3-7oz",
    "name": "Elvis + Elvin Rose Of Winter Body Oil 110ml/3.7oz",
    "image_url": "https://cdn1.woolworths.media/content/wowproductimages/large/1074651486.jpg",
    "source_id": "Woolworths - 1074651486",
    "barcode": null,
    "shop": "Woolworths",
    "weight": "100ML",
    "prices": [
      {
        "state": "NSW",
        "price": "7800",
        "price_per_unit": "7091",
        "price_unit": "ML"
      },
      {
        "state": "VIC",
        "price": "7800",
        "price_per_unit": "7091",
        "price_unit": "ML"
      },
      {
        "state": "QLD",
        "price": "7800",
        "price_per_unit": "7091",
        "price_unit": "ML"
      },
      {
        "state": "WA",
        "price": "7800",
        "price_per_unit": "7091",
        "price_unit": "ML"
      },
      {
        "state": "SA",
        "price": "7800",
        "price_per_unit": "7091",
        "price_unit": "ML"
      },
      {
        "state": "TAS",
        "price": "7800",
        "price_per_unit": "7091",
        "price_unit": "ML"
      },
      {
        "state": "ACT",
        "price": "7800",
        "price_per_unit": "7091",
        "price_unit": "ML"
      },
      {
        "state": "NT",
        "price": "7800",
        "price_per_unit": "7091",
        "price_unit": "ML"
      }
    ]
  },
  {
    "source_url": "https://www.woolworths.com.au/shop/productdetails/1074132182/emu-tracks-emu-oil-liniment-muscle-joint-50ml",
    "name": "Emu Tracks Emu Oil Liniment (Muscle & Joint) 50ml",
    "image_url": "https://cdn1.woolworths.media/content/wowproductimages/large/1074132182.jpg",
    "source_id": "Woolworths - 1074132182",
    "barcode": null,
    "shop": "Woolworths",
    "weight": "100ML",
    "prices": [
      {
        "state": "NSW",
        "price": "6490",
        "price_per_unit": "12980",
        "price_unit": "ML"
      },
      {
        "state": "VIC",
        "price": "6490",
        "price_per_unit": "12980",
        "price_unit": "ML"
      },
      {
        "state": "QLD",
        "price": "6490",
        "price_per_unit": "12980",
        "price_unit": "ML"
      },
      {
        "state": "WA",
        "price": "6490",
        "price_per_unit": "12980",
        "price_unit": "ML"
      },
      {
        "state": "SA",
        "price": "6490",
        "price_per_unit": "12980",
        "price_unit": "ML"
      },
      {
        "state": "TAS",
        "price": "6490",
        "price_per_unit": "12980",
        "price_unit": "ML"
      },
      {
        "state": "ACT",
        "price": "6490",
        "price_per_unit": "12980",
        "price_unit": "ML"
      },
      {
        "state": "NT",
        "price": "6490",
        "price_per_unit": "12980",
        "price_unit": "ML"
      }
    ]
  },
  {
    "source_url": "https://www.woolworths.com.au/shop/productdetails/1074132187/emu-tracks-emu-oil-shampoo-wash-babies-infants-200ml",
    "name": "Emu Tracks Emu Oil Shampoo & Wash (Babies & Infants) 200ml",
    "image_url": "https://cdn1.woolworths.media/content/wowproductimages/large/1074132187.jpg",
    "source_id": "Woolworths - 1074132187",
    "barcode": null,
    "shop": "Woolworths",
    "weight": "100ML",
    "prices": [
      {
        "state": "NSW",
        "price": "6270",
        "price_per_unit": "3135",
        "price_unit": "ML"
      },
      {
        "state": "VIC",
        "price": "6270",
        "price_per_unit": "3135",
        "price_unit": "ML"
      },
      {
        "state": "QLD",
        "price": "6270",
        "price_per_unit": "3135",
        "price_unit": "ML"
      },
      {
        "state": "WA",
        "price": "6270",
        "price_per_unit": "3135",
        "price_unit": "ML"
      },
      {
        "state": "SA",
        "price": "6270",
        "price_per_unit": "3135",
        "price_unit": "ML"
      },
      {
        "state": "TAS",
        "price": "6270",
        "price_per_unit": "3135",
        "price_unit": "ML"
      },
      {
        "state": "ACT",
        "price": "6270",
        "price_per_unit": "3135",
        "price_unit": "ML"
      },
      {
        "state": "NT",
        "price": "6270",
        "price_per_unit": "3135",
        "price_unit": "ML"
      }
    ]
  },
  {
    "source_url": "https://www.woolworths.com.au/shop/productdetails/1075481786/epaderm-cream-500g-pump",
    "name": "Epaderm Cream 500g Pump",
    "image_url": "https://cdn1.woolworths.media/content/wowproductimages/large/1075481786.jpg",
    "source_id": "Woolworths - 1075481786",
    "barcode": null,
    "shop": "Woolworths",
    "weight": "100G",
    "prices": [
      {
        "state": "NSW",
        "price": "1695",
        "price_per_unit": "339",
        "price_unit": "G"
      },
      {
        "state": "VIC",
        "price": "1695",
        "price_per_unit": "339",
        "price_unit": "G"
      },
      {
        "state": "QLD",
        "price": "1695",
        "price_per_unit": "339",
        "price_unit": "G"
      },
      {
        "state": "WA",
        "price": "1695",
        "price_per_unit": "339",
        "price_unit": "G"
      },
      {
        "state": "SA",
        "price": "1695",
        "price_per_unit": "339",
        "price_unit": "G"
      },
      {
        "state": "TAS",
        "price": "1695",
        "price_per_unit": "339",
        "price_unit": "G"
      },
      {
        "state": "ACT",
        "price": "1695",
        "price_per_unit": "339",
        "price_unit": "G"
      },
      {
        "state": "NT",
        "price": "1695",
        "price_per_unit": "339",
        "price_unit": "G"
      }
    ]
  },
  {
    "source_url": "https://www.woolworths.com.au/shop/productdetails/1075481262/epaderm-ointment-500g",
    "name": "Epaderm Ointment 500g",
    "image_url": "https://cdn1.woolworths.media/content/wowproductimages/large/1075481262.jpg",
    "source_id": "Woolworths - 1075481262",
    "barcode": null,
    "shop": "Woolworths",
    "weight": "100G",
    "prices": [
      {
        "state": "NSW",
        "price": "1590",
        "price_per_unit": "318",
        "price_unit": "G"
      },
      {
        "state": "VIC",
        "price": "1590",
        "price_per_unit": "318",
        "price_unit": "G"
      },
      {
        "state": "QLD",
        "price": "1590",
        "price_per_unit": "318",
        "price_unit": "G"
      },
      {
        "state": "WA",
        "price": "1590",
        "price_per_unit": "318",
        "price_unit": "G"
      },
      {
        "state": "SA",
        "price": "1590",
        "price_per_unit": "318",
        "price_unit": "G"
      },
      {
        "state": "TAS",
        "price": "1590",
        "price_per_unit": "318",
        "price_unit": "G"
      },
      {
        "state": "ACT",
        "price": "1590",
        "price_per_unit": "318",
        "price_unit": "G"
      },
      {
        "state": "NT",
        "price": "1590",
        "price_per_unit": "318",
        "price_unit": "G"
      }
    ]
  },
  {
    "source_url": "https://www.woolworths.com.au/shop/productdetails/968353/essano-collagen-boost-night-cream",
    "name": "Essano Collagen Boost Night Cream 50g",
    "image_url": "https://cdn1.woolworths.media/content/wowproductimages/large/968353.jpg",
    "source_id": "Woolworths - 968353",
    "barcode": "9421008702368",
    "shop": "Woolworths",
    "weight": "100G",
    "prices": [
      {
        "state": "NSW",
        "price": "1350",
        "price_per_unit": "2700",
        "price_unit": "G"
      },
      {
        "state": "VIC",
        "price": "1350",
        "price_per_unit": "2700",
        "price_unit": "G"
      },
      {
        "state": "QLD",
        "price": "1350",
        "price_per_unit": "2700",
        "price_unit": "G"
      },
      {
        "state": "WA",
        "price": "1350",
        "price_per_unit": "2700",
        "price_unit": "G"
      },
      {
        "state": "SA",
        "price": "1350",
        "price_per_unit": "2700",
        "price_unit": "G"
      },
      {
        "state": "TAS",
        "price": "1350",
        "price_per_unit": "2700",
        "price_unit": "G"
      },
      {
        "state": "ACT",
        "price": "1350",
        "price_per_unit": "2700",
        "price_unit": "G"
      },
      {
        "state": "NT",
        "price": "1350",
        "price_per_unit": "2700",
        "price_unit": "G"
      }
    ]
  },
  {
    "source_url": "https://www.woolworths.com.au/shop/productdetails/966792/essano-collagen-boost-serum",
    "name": "Essano Collagen Boost Serum 30ml",
    "image_url": "https://cdn1.woolworths.media/content/wowproductimages/large/966792.jpg",
    "source_id": "Woolworths - 966792",
    "barcode": "9421008702276",
    "shop": "Woolworths",
    "weight": "100ML",
    "prices": [
      {
        "state": "NSW",
        "price": "1700",
        "price_per_unit": "5667",
        "price_unit": "ML"
      },
      {
        "state": "VIC",
        "price": "1700",
        "price_per_unit": "5667",
        "price_unit": "ML"
      },
      {
        "state": "QLD",
        "price": "1700",
        "price_per_unit": "5667",
        "price_unit": "ML"
      },
      {
        "state": "WA",
        "price": "1700",
        "price_per_unit": "5667",
        "price_unit": "ML"
      },
      {
        "state": "SA",
        "price": "1700",
        "price_per_unit": "5667",
        "price_unit": "ML"
      },
      {
        "state": "TAS",
        "price": "1700",
        "price_per_unit": "5667",
        "price_unit": "ML"
      },
      {
        "state": "ACT",
        "price": "1700",
        "price_per_unit": "5667",
        "price_unit": "ML"
      },
      {
        "state": "NT",
        "price": "1700",
        "price_per_unit": "5667",
        "price_unit": "ML"
      }
    ]
  },
  {
    "source_url": "https://www.woolworths.com.au/shop/productdetails/772384/essano-rosehip-oil-certified-organic",
    "name": "Essano Rosehip Oil Certified Organic 20ml",
    "image_url": "https://cdn1.woolworths.media/content/wowproductimages/large/772384.jpg",
    "source_id": "Woolworths - 772384",
    "barcode": "9421008702016",
    "shop": "Woolworths",
    "weight": "100ML",
    "prices": [
      {
        "state": "NSW",
        "price": "1200",
        "price_per_unit": "6000",
        "price_unit": "ML"
      },
      {
        "state": "VIC",
        "price": "1200",
        "price_per_unit": "6000",
        "price_unit": "ML"
      },
      {
        "state": "QLD",
        "price": "1200",
        "price_per_unit": "6000",
        "price_unit": "ML"
      },
      {
        "state": "WA",
        "price": "1200",
        "price_per_unit": "6000",
        "price_unit": "ML"
      },
      {
        "state": "SA",
        "price": "1200",
        "price_per_unit": "6000",
        "price_unit": "ML"
      },
      {
        "state": "TAS",
        "price": "1200",
        "price_per_unit": "6000",
        "price_unit": "ML"
      },
      {
        "state": "ACT",
        "price": "1200",
        "price_per_unit": "6000",
        "price_unit": "ML"
      },
      {
        "state": "NT",
        "price": "1200",
        "price_per_unit": "6000",
        "price_unit": "ML"
      }
    ]
  },
  {
    "source_url": "https://www.woolworths.com.au/shop/productdetails/1074651635/estee-lauder-advanced-night-repair-essentials-set-advanced-night-repair-50ml-micro-essence-150ml-revitalizing-supreme-creme-75ml-3pcs",
    "name": "Estee Lauder Advanced Night Repair Essentials Set: Advanced Night Repair 50ml+ Micro Essence 150ml+ Revitalizing Supreme+ Creme 75ml 3pcs",
    "image_url": "https://cdn1.woolworths.media/content/wowproductimages/large/1074651635.jpg",
    "source_id": "Woolworths - 1074651635",
    "barcode": null,
    "shop": "Woolworths",
    "weight": "1EA",
    "prices": [
      {
        "state": "NSW",
        "price": "43700",
        "price_per_unit": "14567",
        "price_unit": "EA"
      },
      {
        "state": "VIC",
        "price": "43700",
        "price_per_unit": "14567",
        "price_unit": "EA"
      },
      {
        "state": "QLD",
        "price": "43700",
        "price_per_unit": "14567",
        "price_unit": "EA"
      },
      {
        "state": "WA",
        "price": "43700",
        "price_per_unit": "14567",
        "price_unit": "EA"
      },
      {
        "state": "SA",
        "price": "43700",
        "price_per_unit": "14567",
        "price_unit": "EA"
      },
      {
        "state": "TAS",
        "price": "43700",
        "price_per_unit": "14567",
        "price_unit": "EA"
      },
      {
        "state": "ACT",
        "price": "43700",
        "price_per_unit": "14567",
        "price_unit": "EA"
      },
      {
        "state": "NT",
        "price": "43700",
        "price_per_unit": "14567",
        "price_unit": "EA"
      }
    ]
  },
  {
    "source_url": "https://www.woolworths.com.au/shop/productdetails/1075796593/estee-lauder-advanced-night-repair-eye-concentrate-matrix-synchronized-multi-recovery-complex-15ml-0-5oz",
    "name": "Estee Lauder Advanced Night Repair Eye Concentrate Matrix Synchronized Multi-Recovery Complex 15ml/0.5oz",
    "image_url": "https://cdn1.woolworths.media/content/wowproductimages/large/1075796593.jpg",
    "source_id": "Woolworths - 1075796593",
    "barcode": null,
    "shop": "Woolworths",
    "weight": "100ML",
    "prices": [
      {
        "state": "NSW",
        "price": "11600",
        "price_per_unit": "77333",
        "price_unit": "ML"
      },
      {
        "state": "VIC",
        "price": "11600",
        "price_per_unit": "77333",
        "price_unit": "ML"
      },
      {
        "state": "QLD",
        "price": "11600",
        "price_per_unit": "77333",
        "price_unit": "ML"
      },
      {
        "state": "WA",
        "price": "11600",
        "price_per_unit": "77333",
        "price_unit": "ML"
      },
      {
        "state": "SA",
        "price": "11600",
        "price_per_unit": "77333",
        "price_unit": "ML"
      },
      {
        "state": "TAS",
        "price": "11600",
        "price_per_unit": "77333",
        "price_unit": "ML"
      },
      {
        "state": "ACT",
        "price": "11600",
        "price_per_unit": "77333",
        "price_unit": "ML"
      },
      {
        "state": "NT",
        "price": "11600",
        "price_per_unit": "77333",
        "price_unit": "ML"
      }
    ]
  },
  {
    "source_url": "https://www.woolworths.com.au/shop/productdetails/1075763531/estee-lauder-advanced-night-repair-eye-supercharged-gel-cr-me-travel-exclusive-15ml-0-5oz",
    "name": "Estee Lauder Advanced Night Repair Eye Supercharged Gel Crème (Travel exclusive) 15ml/0.5oz",
    "image_url": "https://cdn1.woolworths.media/content/wowproductimages/large/1075763531.jpg",
    "source_id": "Woolworths - 1075763531",
    "barcode": null,
    "shop": "Woolworths",
    "weight": "100ML",
    "prices": [
      {
        "state": "NSW",
        "price": "8300",
        "price_per_unit": "55333",
        "price_unit": "ML"
      },
      {
        "state": "VIC",
        "price": "8300",
        "price_per_unit": "55333",
        "price_unit": "ML"
      },
      {
        "state": "QLD",
        "price": "8300",
        "price_per_unit": "55333",
        "price_unit": "ML"
      },
      {
        "state": "WA",
        "price": "8300",
        "price_per_unit": "55333",
        "price_unit": "ML"
      },
      {
        "state": "SA",
        "price": "8300",
        "price_per_unit": "55333",
        "price_unit": "ML"
      },
      {
        "state": "TAS",
        "price": "8300",
        "price_per_unit": "55333",
        "price_unit": "ML"
      },
      {
        "state": "ACT",
        "price": "8300",
        "price_per_unit": "55333",
        "price_unit": "ML"
      },
      {
        "state": "NT",
        "price": "8300",
        "price_per_unit": "55333",
        "price_unit": "ML"
      }
    ]
  },
  {
    "source_url": "https://www.woolworths.com.au/shop/productdetails/1074680574/estee-lauder-advanced-night-repair-eye-supercharged-gel-creme-duo-travel-exclusive-2x15ml",
    "name": "Estee Lauder Advanced Night Repair Eye Supercharged Gel-Creme Duo (Travel exclusive) 2x15ml",
    "image_url": "https://cdn1.woolworths.media/content/wowproductimages/large/1074680574.jpg",
    "source_id": "Woolworths - 1074680574",
    "barcode": null,
    "shop": "Woolworths",
    "weight": "100ML",
    "prices": [
      {
        "state": "NSW",
        "price": "11500",
        "price_per_unit": "76667",
        "price_unit": "ML"
      },
      {
        "state": "VIC",
        "price": "11500",
        "price_per_unit": "76667",
        "price_unit": "ML"
      },
      {
        "state": "QLD",
        "price": "11500",
        "price_per_unit": "76667",
        "price_unit": "ML"
      },
      {
        "state": "WA",
        "price": "11500",
        "price_per_unit": "76667",
        "price_unit": "ML"
      },
      {
        "state": "SA",
        "price": "11500",
        "price_per_unit": "76667",
        "price_unit": "ML"
      },
      {
        "state": "TAS",
        "price": "11500",
        "price_per_unit": "76667",
        "price_unit": "ML"
      },
      {
        "state": "ACT",
        "price": "11500",
        "price_per_unit": "76667",
        "price_unit": "ML"
      },
      {
        "state": "NT",
        "price": "11500",
        "price_per_unit": "76667",
        "price_unit": "ML"
      }
    ]
  },
  {
    "source_url": "https://www.woolworths.com.au/shop/productdetails/1075773850/estee-lauder-nutritious-super-pomegranate-radiant-energy-lotion-intense-moist-200ml-6-7oz",
    "name": "Estee Lauder Nutritious Super-Pomegranate Radiant Energy Lotion - Intense Moist 200ml/6.7oz",
    "image_url": "https://cdn1.woolworths.media/content/wowproductimages/large/1075773850.jpg",
    "source_id": "Woolworths - 1075773850",
    "barcode": null,
    "shop": "Woolworths",
    "weight": "100ML",
    "prices": [
      {
        "state": "NSW",
        "price": "8600",
        "price_per_unit": "4300",
        "price_unit": "ML"
      },
      {
        "state": "VIC",
        "price": "8600",
        "price_per_unit": "4300",
        "price_unit": "ML"
      },
      {
        "state": "QLD",
        "price": "8600",
        "price_per_unit": "4300",
        "price_unit": "ML"
      },
      {
        "state": "WA",
        "price": "8600",
        "price_per_unit": "4300",
        "price_unit": "ML"
      },
      {
        "state": "SA",
        "price": "8600",
        "price_per_unit": "4300",
        "price_unit": "ML"
      },
      {
        "state": "TAS",
        "price": "8600",
        "price_per_unit": "4300",
        "price_unit": "ML"
      },
      {
        "state": "ACT",
        "price": "8600",
        "price_per_unit": "4300",
        "price_unit": "ML"
      },
      {
        "state": "NT",
        "price": "8600",
        "price_per_unit": "4300",
        "price_unit": "ML"
      }
    ]
  },
  {
    "source_url": "https://www.woolworths.com.au/shop/productdetails/1074651675/estee-lauder-nutritious-super-pomegranate-radiant-energy-moisture-creme-unboxed-50ml-1-7oz",
    "name": "Estee Lauder Nutritious Super-Pomegranate Radiant Energy Moisture Creme (Unboxed) 50ml/1.7oz",
    "image_url": "https://cdn1.woolworths.media/content/wowproductimages/large/1074651675.jpg",
    "source_id": "Woolworths - 1074651675",
    "barcode": null,
    "shop": "Woolworths",
    "weight": "100ML",
    "prices": [
      {
        "state": "NSW",
        "price": "10600",
        "price_per_unit": "21200",
        "price_unit": "ML"
      },
      {
        "state": "VIC",
        "price": "10600",
        "price_per_unit": "21200",
        "price_unit": "ML"
      },
      {
        "state": "QLD",
        "price": "10600",
        "price_per_unit": "21200",
        "price_unit": "ML"
      },
      {
        "state": "WA",
        "price": "10600",
        "price_per_unit": "21200",
        "price_unit": "ML"
      },
      {
        "state": "SA",
        "price": "10600",
        "price_per_unit": "21200",
        "price_unit": "ML"
      },
      {
        "state": "TAS",
        "price": "10600",
        "price_per_unit": "21200",
        "price_unit": "ML"
      },
      {
        "state": "ACT",
        "price": "10600",
        "price_per_unit": "21200",
        "price_unit": "ML"
      },
      {
        "state": "NT",
        "price": "10600",
        "price_per_unit": "21200",
        "price_unit": "ML"
      }
    ]
  },
  {
    "source_url": "https://www.woolworths.com.au/shop/productdetails/1074651676/estee-lauder-nutritious-super-pomegranate-radiant-energy-moisture-creme-50ml-1-7oz",
    "name": "Estee Lauder Nutritious Super-Pomegranate Radiant Energy Moisture Creme 50ml/1.7oz",
    "image_url": "https://cdn1.woolworths.media/content/wowproductimages/large/1074651676.jpg",
    "source_id": "Woolworths - 1074651676",
    "barcode": null,
    "shop": "Woolworths",
    "weight": "100ML",
    "prices": [
      {
        "state": "NSW",
        "price": "11500",
        "price_per_unit": "23000",
        "price_unit": "ML"
      },
      {
        "state": "VIC",
        "price": "11500",
        "price_per_unit": "23000",
        "price_unit": "ML"
      },
      {
        "state": "QLD",
        "price": "11500",
        "price_per_unit": "23000",
        "price_unit": "ML"
      },
      {
        "state": "WA",
        "price": "11500",
        "price_per_unit": "23000",
        "price_unit": "ML"
      },
      {
        "state": "SA",
        "price": "11500",
        "price_per_unit": "23000",
        "price_unit": "ML"
      },
      {
        "state": "TAS",
        "price": "11500",
        "price_per_unit": "23000",
        "price_unit": "ML"
      },
      {
        "state": "ACT",
        "price": "11500",
        "price_per_unit": "23000",
        "price_unit": "ML"
      },
      {
        "state": "NT",
        "price": "11500",
        "price_per_unit": "23000",
        "price_unit": "ML"
      }
    ]
  },
  {
    "source_url": "https://www.woolworths.com.au/shop/productdetails/1074651695/estee-lauder-re-nutriv-intensive-smoothing-hand-creme-100ml-3-4oz",
    "name": "Estee Lauder Re-Nutriv Intensive Smoothing Hand Creme 100ml/3.4oz",
    "image_url": "https://cdn1.woolworths.media/content/wowproductimages/large/1074651695.jpg",
    "source_id": "Woolworths - 1074651695",
    "barcode": null,
    "shop": "Woolworths",
    "weight": "100ML",
    "prices": [
      {
        "state": "NSW",
        "price": "12500",
        "price_per_unit": "12500",
        "price_unit": "ML"
      },
      {
        "state": "VIC",
        "price": "12500",
        "price_per_unit": "12500",
        "price_unit": "ML"
      },
      {
        "state": "QLD",
        "price": "12500",
        "price_per_unit": "12500",
        "price_unit": "ML"
      },
      {
        "state": "WA",
        "price": "12500",
        "price_per_unit": "12500",
        "price_unit": "ML"
      },
      {
        "state": "SA",
        "price": "12500",
        "price_per_unit": "12500",
        "price_unit": "ML"
      },
      {
        "state": "TAS",
        "price": "12500",
        "price_per_unit": "12500",
        "price_unit": "ML"
      },
      {
        "state": "ACT",
        "price": "12500",
        "price_per_unit": "12500",
        "price_unit": "ML"
      },
      {
        "state": "NT",
        "price": "12500",
        "price_per_unit": "12500",
        "price_unit": "ML"
      }
    ]
  },
  {
    "source_url": "https://www.woolworths.com.au/shop/productdetails/1074651704/estee-lauder-re-nutriv-ultimate-diamond-transformative-energy-rich-creme-50ml-1-7oz",
    "name": "Estee Lauder Re-Nutriv Ultimate Diamond Transformative Energy Rich Creme 50ml/1.7oz",
    "image_url": "https://cdn1.woolworths.media/content/wowproductimages/large/1074651704.jpg",
    "source_id": "Woolworths - 1074651704",
    "barcode": null,
    "shop": "Woolworths",
    "weight": "100ML",
    "prices": [
      {
        "state": "NSW",
        "price": "62700",
        "price_per_unit": "125400",
        "price_unit": "ML"
      },
      {
        "state": "VIC",
        "price": "62700",
        "price_per_unit": "125400",
        "price_unit": "ML"
      },
      {
        "state": "QLD",
        "price": "62700",
        "price_per_unit": "125400",
        "price_unit": "ML"
      },
      {
        "state": "WA",
        "price": "62700",
        "price_per_unit": "125400",
        "price_unit": "ML"
      },
      {
        "state": "SA",
        "price": "62700",
        "price_per_unit": "125400",
        "price_unit": "ML"
      },
      {
        "state": "TAS",
        "price": "62700",
        "price_per_unit": "125400",
        "price_unit": "ML"
      },
      {
        "state": "ACT",
        "price": "62700",
        "price_per_unit": "125400",
        "price_unit": "ML"
      },
      {
        "state": "NT",
        "price": "62700",
        "price_per_unit": "125400",
        "price_unit": "ML"
      }
    ]
  },
  {
    "source_url": "https://www.woolworths.com.au/shop/productdetails/1074651710/estee-lauder-re-nutriv-ultimate-lift-regenerating-youth-creme-gelee-50ml-1-7oz",
    "name": "Estee Lauder Re-Nutriv Ultimate Lift Regenerating Youth Creme Gelee 50ml/1.7oz",
    "image_url": "https://cdn1.woolworths.media/content/wowproductimages/large/1074651710.jpg",
    "source_id": "Woolworths - 1074651710",
    "barcode": null,
    "shop": "Woolworths",
    "weight": "100ML",
    "prices": [
      {
        "state": "NSW",
        "price": "51100",
        "price_per_unit": "102200",
        "price_unit": "ML"
      },
      {
        "state": "VIC",
        "price": "51100",
        "price_per_unit": "102200",
        "price_unit": "ML"
      },
      {
        "state": "QLD",
        "price": "51100",
        "price_per_unit": "102200",
        "price_unit": "ML"
      },
      {
        "state": "WA",
        "price": "51100",
        "price_per_unit": "102200",
        "price_unit": "ML"
      },
      {
        "state": "SA",
        "price": "51100",
        "price_per_unit": "102200",
        "price_unit": "ML"
      },
      {
        "state": "TAS",
        "price": "51100",
        "price_per_unit": "102200",
        "price_unit": "ML"
      },
      {
        "state": "ACT",
        "price": "51100",
        "price_per_unit": "102200",
        "price_unit": "ML"
      },
      {
        "state": "NT",
        "price": "51100",
        "price_per_unit": "102200",
        "price_unit": "ML"
      }
    ]
  },
  {
    "source_url": "https://www.woolworths.com.au/shop/productdetails/1074651726/estee-lauder-revitalizing-supreme-global-anti-aging-cell-power-creme-50ml-1-7oz",
    "name": "Estee Lauder Revitalizing Supreme + Global Anti-Aging Cell Power Creme 50ml/1.7oz",
    "image_url": "https://cdn1.woolworths.media/content/wowproductimages/large/1074651726.jpg",
    "source_id": "Woolworths - 1074651726",
    "barcode": null,
    "shop": "Woolworths",
    "weight": "100ML",
    "prices": [
      {
        "state": "NSW",
        "price": "16800",
        "price_per_unit": "33600",
        "price_unit": "ML"
      },
      {
        "state": "VIC",
        "price": "16800",
        "price_per_unit": "33600",
        "price_unit": "ML"
      },
      {
        "state": "QLD",
        "price": "16800",
        "price_per_unit": "33600",
        "price_unit": "ML"
      },
      {
        "state": "WA",
        "price": "16800",
        "price_per_unit": "33600",
        "price_unit": "ML"
      },
      {
        "state": "SA",
        "price": "16800",
        "price_per_unit": "33600",
        "price_unit": "ML"
      },
      {
        "state": "TAS",
        "price": "16800",
        "price_per_unit": "33600",
        "price_unit": "ML"
      },
      {
        "state": "ACT",
        "price": "16800",
        "price_per_unit": "33600",
        "price_unit": "ML"
      },
      {
        "state": "NT",
        "price": "16800",
        "price_per_unit": "33600",
        "price_unit": "ML"
      }
    ]
  },
  {
    "source_url": "https://www.woolworths.com.au/shop/productdetails/1074651731/estee-lauder-revitalizing-supreme-youth-power-creme-30ml-1oz",
    "name": "Estee Lauder Revitalizing Supreme + Youth Power Creme 30ml/1oz",
    "image_url": "https://cdn1.woolworths.media/content/wowproductimages/large/1074651731.jpg",
    "source_id": "Woolworths - 1074651731",
    "barcode": null,
    "shop": "Woolworths",
    "weight": "100ML",
    "prices": [
      {
        "state": "NSW",
        "price": "9900",
        "price_per_unit": "33000",
        "price_unit": "ML"
      },
      {
        "state": "VIC",
        "price": "9900",
        "price_per_unit": "33000",
        "price_unit": "ML"
      },
      {
        "state": "QLD",
        "price": "9900",
        "price_per_unit": "33000",
        "price_unit": "ML"
      },
      {
        "state": "WA",
        "price": "9900",
        "price_per_unit": "33000",
        "price_unit": "ML"
      },
      {
        "state": "SA",
        "price": "9900",
        "price_per_unit": "33000",
        "price_unit": "ML"
      },
      {
        "state": "TAS",
        "price": "9900",
        "price_per_unit": "33000",
        "price_unit": "ML"
      },
      {
        "state": "ACT",
        "price": "9900",
        "price_per_unit": "33000",
        "price_unit": "ML"
      },
      {
        "state": "NT",
        "price": "9900",
        "price_per_unit": "33000",
        "price_unit": "ML"
      }
    ]
  },
  {
    "source_url": "https://www.woolworths.com.au/shop/productdetails/1074651734/estee-lauder-revitalizing-supreme-youth-power-soft-creme-miniature-15ml-0-5oz",
    "name": "Estee Lauder Revitalizing Supreme + Youth Power Soft Creme (Miniature) 15ml/0.5oz",
    "image_url": "https://cdn1.woolworths.media/content/wowproductimages/large/1074651734.jpg",
    "source_id": "Woolworths - 1074651734",
    "barcode": null,
    "shop": "Woolworths",
    "weight": "100ML",
    "prices": [
      {
        "state": "NSW",
        "price": "3800",
        "price_per_unit": "25333",
        "price_unit": "ML"
      },
      {
        "state": "VIC",
        "price": "3800",
        "price_per_unit": "25333",
        "price_unit": "ML"
      },
      {
        "state": "QLD",
        "price": "3800",
        "price_per_unit": "25333",
        "price_unit": "ML"
      },
      {
        "state": "WA",
        "price": "3800",
        "price_per_unit": "25333",
        "price_unit": "ML"
      },
      {
        "state": "SA",
        "price": "3800",
        "price_per_unit": "25333",
        "price_unit": "ML"
      },
      {
        "state": "TAS",
        "price": "3800",
        "price_per_unit": "25333",
        "price_unit": "ML"
      },
      {
        "state": "ACT",
        "price": "3800",
        "price_per_unit": "25333",
        "price_unit": "ML"
      },
      {
        "state": "NT",
        "price": "3800",
        "price_per_unit": "25333",
        "price_unit": "ML"
      }
    ]
  },
  {
    "source_url": "https://www.woolworths.com.au/shop/productdetails/1074651735/estee-lauder-revitalizing-supreme-youth-power-soft-creme-50ml-1-7oz",
    "name": "Estee Lauder Revitalizing Supreme + Youth Power Soft Creme 50ml/1.7oz",
    "image_url": "https://cdn1.woolworths.media/content/wowproductimages/large/1074651735.jpg",
    "source_id": "Woolworths - 1074651735",
    "barcode": null,
    "shop": "Woolworths",
    "weight": "100ML",
    "prices": [
      {
        "state": "NSW",
        "price": "15700",
        "price_per_unit": "31400",
        "price_unit": "ML"
      },
      {
        "state": "VIC",
        "price": "15700",
        "price_per_unit": "31400",
        "price_unit": "ML"
      },
      {
        "state": "QLD",
        "price": "15700",
        "price_per_unit": "31400",
        "price_unit": "ML"
      },
      {
        "state": "WA",
        "price": "15700",
        "price_per_unit": "31400",
        "price_unit": "ML"
      },
      {
        "state": "SA",
        "price": "15700",
        "price_per_unit": "31400",
        "price_unit": "ML"
      },
      {
        "state": "TAS",
        "price": "15700",
        "price_per_unit": "31400",
        "price_unit": "ML"
      },
      {
        "state": "ACT",
        "price": "15700",
        "price_per_unit": "31400",
        "price_unit": "ML"
      },
      {
        "state": "NT",
        "price": "15700",
        "price_per_unit": "31400",
        "price_unit": "ML"
      }
    ]
  },
  {
    "source_url": "https://www.woolworths.com.au/shop/productdetails/1074651736/estee-lauder-revitalizing-supreme-youth-power-soft-creme-75ml-2-5oz",
    "name": "Estee Lauder Revitalizing Supreme + Youth Power Soft Creme 75ml/2.5oz",
    "image_url": "https://cdn1.woolworths.media/content/wowproductimages/large/1074651736.jpg",
    "source_id": "Woolworths - 1074651736",
    "barcode": null,
    "shop": "Woolworths",
    "weight": "100ML",
    "prices": [
      {
        "state": "NSW",
        "price": "17800",
        "price_per_unit": "23733",
        "price_unit": "ML"
      },
      {
        "state": "VIC",
        "price": "17800",
        "price_per_unit": "23733",
        "price_unit": "ML"
      },
      {
        "state": "QLD",
        "price": "17800",
        "price_per_unit": "23733",
        "price_unit": "ML"
      },
      {
        "state": "WA",
        "price": "17800",
        "price_per_unit": "23733",
        "price_unit": "ML"
      },
      {
        "state": "SA",
        "price": "17800",
        "price_per_unit": "23733",
        "price_unit": "ML"
      },
      {
        "state": "TAS",
        "price": "17800",
        "price_per_unit": "23733",
        "price_unit": "ML"
      },
      {
        "state": "ACT",
        "price": "17800",
        "price_per_unit": "23733",
        "price_unit": "ML"
      },
      {
        "state": "NT",
        "price": "17800",
        "price_per_unit": "23733",
        "price_unit": "ML"
      }
    ]
  },
  {
    "source_url": "https://www.woolworths.com.au/shop/productdetails/1074388109/estee-lauder-youth-dew-body-cream-200ml-6-7oz",
    "name": "Estee Lauder Youth Dew Body Cream 200ml/6.7oz",
    "image_url": "https://cdn1.woolworths.media/content/wowproductimages/large/1074388109.jpg",
    "source_id": "Woolworths - 1074388109",
    "barcode": null,
    "shop": "Woolworths",
    "weight": "100ML",
    "prices": [
      {
        "state": "NSW",
        "price": "9200",
        "price_per_unit": "4600",
        "price_unit": "ML"
      },
      {
        "state": "VIC",
        "price": "9200",
        "price_per_unit": "4600",
        "price_unit": "ML"
      },
      {
        "state": "QLD",
        "price": "9200",
        "price_per_unit": "4600",
        "price_unit": "ML"
      },
      {
        "state": "WA",
        "price": "9200",
        "price_per_unit": "4600",
        "price_unit": "ML"
      },
      {
        "state": "SA",
        "price": "9200",
        "price_per_unit": "4600",
        "price_unit": "ML"
      },
      {
        "state": "TAS",
        "price": "9200",
        "price_per_unit": "4600",
        "price_unit": "ML"
      },
      {
        "state": "ACT",
        "price": "9200",
        "price_per_unit": "4600",
        "price_unit": "ML"
      },
      {
        "state": "NT",
        "price": "9200",
        "price_per_unit": "4600",
        "price_unit": "ML"
      }
    ]
  },
  {
    "source_url": "https://www.woolworths.com.au/shop/productdetails/1074651773/eve-lom-time-retreat-intensive-night-cream-50ml-1-6oz",
    "name": "Eve Lom Time Retreat Intensive Night Cream 50ml/1.6oz",
    "image_url": "https://cdn1.woolworths.media/content/wowproductimages/large/1074651773.jpg",
    "source_id": "Woolworths - 1074651773",
    "barcode": null,
    "shop": "Woolworths",
    "weight": "100ML",
    "prices": [
      {
        "state": "NSW",
        "price": "14400",
        "price_per_unit": "28800",
        "price_unit": "ML"
      },
      {
        "state": "VIC",
        "price": "14400",
        "price_per_unit": "28800",
        "price_unit": "ML"
      },
      {
        "state": "QLD",
        "price": "14400",
        "price_per_unit": "28800",
        "price_unit": "ML"
      },
      {
        "state": "WA",
        "price": "14400",
        "price_per_unit": "28800",
        "price_unit": "ML"
      },
      {
        "state": "SA",
        "price": "14400",
        "price_per_unit": "28800",
        "price_unit": "ML"
      },
      {
        "state": "TAS",
        "price": "14400",
        "price_per_unit": "28800",
        "price_unit": "ML"
      },
      {
        "state": "ACT",
        "price": "14400",
        "price_per_unit": "28800",
        "price_unit": "ML"
      },
      {
        "state": "NT",
        "price": "14400",
        "price_per_unit": "28800",
        "price_unit": "ML"
      }
    ]
  },
  {
    "source_url": "https://www.woolworths.com.au/shop/productdetails/1075478843/every-bit-organic-raw-aloe-vera-gel-100ml",
    "name": "Every Bit Organic Raw Aloe Vera Gel 100ml",
    "image_url": "https://cdn1.woolworths.media/content/wowproductimages/large/1075478843.jpg",
    "source_id": "Woolworths - 1075478843",
    "barcode": null,
    "shop": "Woolworths",
    "weight": "100ML",
    "prices": [
      {
        "state": "NSW",
        "price": "1445",
        "price_per_unit": "1445",
        "price_unit": "ML"
      },
      {
        "state": "VIC",
        "price": "1445",
        "price_per_unit": "1445",
        "price_unit": "ML"
      },
      {
        "state": "QLD",
        "price": "1445",
        "price_per_unit": "1445",
        "price_unit": "ML"
      },
      {
        "state": "WA",
        "price": "1445",
        "price_per_unit": "1445",
        "price_unit": "ML"
      },
      {
        "state": "SA",
        "price": "1445",
        "price_per_unit": "1445",
        "price_unit": "ML"
      },
      {
        "state": "TAS",
        "price": "1445",
        "price_per_unit": "1445",
        "price_unit": "ML"
      },
      {
        "state": "ACT",
        "price": "1445",
        "price_per_unit": "1445",
        "price_unit": "ML"
      },
      {
        "state": "NT",
        "price": "1445",
        "price_per_unit": "1445",
        "price_unit": "ML"
      }
    ]
  },
  {
    "source_url": "https://www.woolworths.com.au/shop/productdetails/1075478352/every-bit-organic-raw-shea-butter-100g",
    "name": "Every Bit Organic Raw Shea Butter 100g",
    "image_url": "https://cdn1.woolworths.media/content/wowproductimages/large/1075478352.jpg",
    "source_id": "Woolworths - 1075478352",
    "barcode": null,
    "shop": "Woolworths",
    "weight": "100G",
    "prices": [
      {
        "state": "NSW",
        "price": "1445",
        "price_per_unit": "1445",
        "price_unit": "G"
      },
      {
        "state": "VIC",
        "price": "1445",
        "price_per_unit": "1445",
        "price_unit": "G"
      },
      {
        "state": "QLD",
        "price": "1445",
        "price_per_unit": "1445",
        "price_unit": "G"
      },
      {
        "state": "WA",
        "price": "1445",
        "price_per_unit": "1445",
        "price_unit": "G"
      },
      {
        "state": "SA",
        "price": "1445",
        "price_per_unit": "1445",
        "price_unit": "G"
      },
      {
        "state": "TAS",
        "price": "1445",
        "price_per_unit": "1445",
        "price_unit": "G"
      },
      {
        "state": "ACT",
        "price": "1445",
        "price_per_unit": "1445",
        "price_unit": "G"
      },
      {
        "state": "NT",
        "price": "1445",
        "price_per_unit": "1445",
        "price_unit": "G"
      }
    ]
  },
  {
    "source_url": "https://www.woolworths.com.au/shop/productdetails/1074651837/filorga-sleep-lift-ultra-lifting-night-cream-50ml-1-69oz",
    "name": "Filorga Sleep & Lift Ultra-Lifting Night Cream 50ml/1.69oz",
    "image_url": "https://cdn1.woolworths.media/content/wowproductimages/large/1074651837.jpg",
    "source_id": "Woolworths - 1074651837",
    "barcode": null,
    "shop": "Woolworths",
    "weight": "100ML",
    "prices": [
      {
        "state": "NSW",
        "price": "8800",
        "price_per_unit": "17600",
        "price_unit": "ML"
      },
      {
        "state": "VIC",
        "price": "8800",
        "price_per_unit": "17600",
        "price_unit": "ML"
      },
      {
        "state": "QLD",
        "price": "8800",
        "price_per_unit": "17600",
        "price_unit": "ML"
      },
      {
        "state": "WA",
        "price": "8800",
        "price_per_unit": "17600",
        "price_unit": "ML"
      },
      {
        "state": "SA",
        "price": "8800",
        "price_per_unit": "17600",
        "price_unit": "ML"
      },
      {
        "state": "TAS",
        "price": "8800",
        "price_per_unit": "17600",
        "price_unit": "ML"
      },
      {
        "state": "ACT",
        "price": "8800",
        "price_per_unit": "17600",
        "price_unit": "ML"
      },
      {
        "state": "NT",
        "price": "8800",
        "price_per_unit": "17600",
        "price_unit": "ML"
      }
    ]
  },
  {
    "source_url": "https://www.woolworths.com.au/shop/productdetails/1074412632/floris-cefiro-enriched-body-moisturiser-250ml-8-5oz",
    "name": "Floris Cefiro Enriched Body Moisturiser 250ml/8.5oz",
    "image_url": "https://cdn1.woolworths.media/content/wowproductimages/large/1074412632.jpg",
    "source_id": "Woolworths - 1074412632",
    "barcode": null,
    "shop": "Woolworths",
    "weight": "100ML",
    "prices": [
      {
        "state": "NSW",
        "price": "5900",
        "price_per_unit": "2360",
        "price_unit": "ML"
      },
      {
        "state": "VIC",
        "price": "5900",
        "price_per_unit": "2360",
        "price_unit": "ML"
      },
      {
        "state": "QLD",
        "price": "5900",
        "price_per_unit": "2360",
        "price_unit": "ML"
      },
      {
        "state": "WA",
        "price": "5900",
        "price_per_unit": "2360",
        "price_unit": "ML"
      },
      {
        "state": "SA",
        "price": "5900",
        "price_per_unit": "2360",
        "price_unit": "ML"
      },
      {
        "state": "TAS",
        "price": "5900",
        "price_per_unit": "2360",
        "price_unit": "ML"
      },
      {
        "state": "ACT",
        "price": "5900",
        "price_per_unit": "2360",
        "price_unit": "ML"
      },
      {
        "state": "NT",
        "price": "5900",
        "price_per_unit": "2360",
        "price_unit": "ML"
      }
    ]
  },
  {
    "source_url": "https://www.woolworths.com.au/shop/productdetails/1074388134/floris-elite-after-shave-splash-100ml-3-4oz",
    "name": "Floris Elite After Shave Splash 100ml/3.4oz",
    "image_url": "https://cdn1.woolworths.media/content/wowproductimages/large/1074388134.jpg",
    "source_id": "Woolworths - 1074388134",
    "barcode": null,
    "shop": "Woolworths",
    "weight": "100ML",
    "prices": [
      {
        "state": "NSW",
        "price": "10200",
        "price_per_unit": "10200",
        "price_unit": "ML"
      },
      {
        "state": "VIC",
        "price": "10200",
        "price_per_unit": "10200",
        "price_unit": "ML"
      },
      {
        "state": "QLD",
        "price": "10200",
        "price_per_unit": "10200",
        "price_unit": "ML"
      },
      {
        "state": "WA",
        "price": "10200",
        "price_per_unit": "10200",
        "price_unit": "ML"
      },
      {
        "state": "SA",
        "price": "10200",
        "price_per_unit": "10200",
        "price_unit": "ML"
      },
      {
        "state": "TAS",
        "price": "10200",
        "price_per_unit": "10200",
        "price_unit": "ML"
      },
      {
        "state": "ACT",
        "price": "10200",
        "price_per_unit": "10200",
        "price_unit": "ML"
      },
      {
        "state": "NT",
        "price": "10200",
        "price_per_unit": "10200",
        "price_unit": "ML"
      }
    ]
  },
  {
    "source_url": "https://www.woolworths.com.au/shop/productdetails/1074388150/floris-night-scented-jasmine-moisturising-bath-shower-gel-250ml-8-5oz",
    "name": "Floris Night Scented Jasmine Moisturising Bath & Shower Gel 250ml/8.5oz",
    "image_url": "https://cdn1.woolworths.media/content/wowproductimages/large/1074388150.jpg",
    "source_id": "Woolworths - 1074388150",
    "barcode": null,
    "shop": "Woolworths",
    "weight": "100ML",
    "prices": [
      {
        "state": "NSW",
        "price": "5700",
        "price_per_unit": "2280",
        "price_unit": "ML"
      },
      {
        "state": "VIC",
        "price": "5700",
        "price_per_unit": "2280",
        "price_unit": "ML"
      },
      {
        "state": "QLD",
        "price": "5700",
        "price_per_unit": "2280",
        "price_unit": "ML"
      },
      {
        "state": "WA",
        "price": "5700",
        "price_per_unit": "2280",
        "price_unit": "ML"
      },
      {
        "state": "SA",
        "price": "5700",
        "price_per_unit": "2280",
        "price_unit": "ML"
      },
      {
        "state": "TAS",
        "price": "5700",
        "price_per_unit": "2280",
        "price_unit": "ML"
      },
      {
        "state": "ACT",
        "price": "5700",
        "price_per_unit": "2280",
        "price_unit": "ML"
      },
      {
        "state": "NT",
        "price": "5700",
        "price_per_unit": "2280",
        "price_unit": "ML"
      }
    ]
  },
  {
    "source_url": "https://www.woolworths.com.au/shop/productdetails/1074388151/floris-no-89-moisturising-bath-shower-gel-250ml-8-5oz",
    "name": "Floris No 89 Moisturising Bath & Shower Gel 250ml/8.5oz",
    "image_url": "https://cdn1.woolworths.media/content/wowproductimages/large/1074388151.jpg",
    "source_id": "Woolworths - 1074388151",
    "barcode": null,
    "shop": "Woolworths",
    "weight": "100ML",
    "prices": [
      {
        "state": "NSW",
        "price": "5700",
        "price_per_unit": "2280",
        "price_unit": "ML"
      },
      {
        "state": "VIC",
        "price": "5700",
        "price_per_unit": "2280",
        "price_unit": "ML"
      },
      {
        "state": "QLD",
        "price": "5700",
        "price_per_unit": "2280",
        "price_unit": "ML"
      },
      {
        "state": "WA",
        "price": "5700",
        "price_per_unit": "2280",
        "price_unit": "ML"
      },
      {
        "state": "SA",
        "price": "5700",
        "price_per_unit": "2280",
        "price_unit": "ML"
      },
      {
        "state": "TAS",
        "price": "5700",
        "price_per_unit": "2280",
        "price_unit": "ML"
      },
      {
        "state": "ACT",
        "price": "5700",
        "price_per_unit": "2280",
        "price_unit": "ML"
      },
      {
        "state": "NT",
        "price": "5700",
        "price_per_unit": "2280",
        "price_unit": "ML"
      }
    ]
  },
  {
    "source_url": "https://www.woolworths.com.au/shop/productdetails/1074388159/floris-white-rose-enriched-body-moisturiser-250ml-8-5oz",
    "name": "Floris White Rose Enriched Body Moisturiser 250ml/8.5oz",
    "image_url": "https://cdn1.woolworths.media/content/wowproductimages/large/1074388159.jpg",
    "source_id": "Woolworths - 1074388159",
    "barcode": null,
    "shop": "Woolworths",
    "weight": "100ML",
    "prices": [
      {
        "state": "NSW",
        "price": "5900",
        "price_per_unit": "2360",
        "price_unit": "ML"
      },
      {
        "state": "VIC",
        "price": "5900",
        "price_per_unit": "2360",
        "price_unit": "ML"
      },
      {
        "state": "QLD",
        "price": "5900",
        "price_per_unit": "2360",
        "price_unit": "ML"
      },
      {
        "state": "WA",
        "price": "5900",
        "price_per_unit": "2360",
        "price_unit": "ML"
      },
      {
        "state": "SA",
        "price": "5900",
        "price_per_unit": "2360",
        "price_unit": "ML"
      },
      {
        "state": "TAS",
        "price": "5900",
        "price_per_unit": "2360",
        "price_unit": "ML"
      },
      {
        "state": "ACT",
        "price": "5900",
        "price_per_unit": "2360",
        "price_unit": "ML"
      },
      {
        "state": "NT",
        "price": "5900",
        "price_per_unit": "2360",
        "price_unit": "ML"
      }
    ]
  },
  {
    "source_url": "https://www.woolworths.com.au/shop/productdetails/1074651930/freeze-24-7-avalanche-anti-aging-peptide-lotion-40ml-1-35oz",
    "name": "Freeze 24/7 Avalanche Anti-Aging Peptide Lotion 40ml/1.35oz",
    "image_url": "https://cdn1.woolworths.media/content/wowproductimages/large/1074651930.jpg",
    "source_id": "Woolworths - 1074651930",
    "barcode": null,
    "shop": "Woolworths",
    "weight": "100ML",
    "prices": [
      {
        "state": "NSW",
        "price": "9000",
        "price_per_unit": "22500",
        "price_unit": "ML"
      },
      {
        "state": "VIC",
        "price": "9000",
        "price_per_unit": "22500",
        "price_unit": "ML"
      },
      {
        "state": "QLD",
        "price": "9000",
        "price_per_unit": "22500",
        "price_unit": "ML"
      },
      {
        "state": "WA",
        "price": "9000",
        "price_per_unit": "22500",
        "price_unit": "ML"
      },
      {
        "state": "SA",
        "price": "9000",
        "price_per_unit": "22500",
        "price_unit": "ML"
      },
      {
        "state": "TAS",
        "price": "9000",
        "price_per_unit": "22500",
        "price_unit": "ML"
      },
      {
        "state": "ACT",
        "price": "9000",
        "price_per_unit": "22500",
        "price_unit": "ML"
      },
      {
        "state": "NT",
        "price": "9000",
        "price_per_unit": "22500",
        "price_unit": "ML"
      }
    ]
  },
  {
    "source_url": "https://www.woolworths.com.au/shop/productdetails/1074651956/fresh-lotus-youth-preserve-moisturizer-50ml-1-6oz",
    "name": "Fresh Lotus Youth Preserve Moisturizer 50ml/1.6oz",
    "image_url": "https://cdn1.woolworths.media/content/wowproductimages/large/1074651956.jpg",
    "source_id": "Woolworths - 1074651956",
    "barcode": null,
    "shop": "Woolworths",
    "weight": "100ML",
    "prices": [
      {
        "state": "NSW",
        "price": "10500",
        "price_per_unit": "21000",
        "price_unit": "ML"
      },
      {
        "state": "VIC",
        "price": "10500",
        "price_per_unit": "21000",
        "price_unit": "ML"
      },
      {
        "state": "QLD",
        "price": "10500",
        "price_per_unit": "21000",
        "price_unit": "ML"
      },
      {
        "state": "WA",
        "price": "10500",
        "price_per_unit": "21000",
        "price_unit": "ML"
      },
      {
        "state": "SA",
        "price": "10500",
        "price_per_unit": "21000",
        "price_unit": "ML"
      },
      {
        "state": "TAS",
        "price": "10500",
        "price_per_unit": "21000",
        "price_unit": "ML"
      },
      {
        "state": "ACT",
        "price": "10500",
        "price_per_unit": "21000",
        "price_unit": "ML"
      },
      {
        "state": "NT",
        "price": "10500",
        "price_per_unit": "21000",
        "price_unit": "ML"
      }
    ]
  },
  {
    "source_url": "https://www.woolworths.com.au/shop/productdetails/1074388200/fresh-sugar-lemon-body-lotion-300ml-10oz",
    "name": "Fresh Sugar Lemon Body Lotion 300ml/10oz",
    "image_url": "https://cdn1.woolworths.media/content/wowproductimages/large/1074388200.jpg",
    "source_id": "Woolworths - 1074388200",
    "barcode": null,
    "shop": "Woolworths",
    "weight": "100ML",
    "prices": [
      {
        "state": "NSW",
        "price": "6000",
        "price_per_unit": "2000",
        "price_unit": "ML"
      },
      {
        "state": "VIC",
        "price": "6000",
        "price_per_unit": "2000",
        "price_unit": "ML"
      },
      {
        "state": "QLD",
        "price": "6000",
        "price_per_unit": "2000",
        "price_unit": "ML"
      },
      {
        "state": "WA",
        "price": "6000",
        "price_per_unit": "2000",
        "price_unit": "ML"
      },
      {
        "state": "SA",
        "price": "6000",
        "price_per_unit": "2000",
        "price_unit": "ML"
      },
      {
        "state": "TAS",
        "price": "6000",
        "price_per_unit": "2000",
        "price_unit": "ML"
      },
      {
        "state": "ACT",
        "price": "6000",
        "price_per_unit": "2000",
        "price_unit": "ML"
      },
      {
        "state": "NT",
        "price": "6000",
        "price_per_unit": "2000",
        "price_unit": "ML"
      }
    ]
  },
  {
    "source_url": "https://www.woolworths.com.au/shop/productdetails/1074133565/fruit-of-the-earth-6-x-aloe-vera-gel-moisturising-skin-care-170g-value-pack",
    "name": "Fruit Of The Earth 6 x Aloe Vera Gel Moisturising Skin Care 170g Value Pack",
    "image_url": "https://cdn1.woolworths.media/content/wowproductimages/large/1074133565.jpg",
    "source_id": "Woolworths - 1074133565",
    "barcode": null,
    "shop": "Woolworths",
    "weight": "1EA",
    "prices": [
      {
        "state": "NSW",
        "price": "5995",
        "price_per_unit": "999",
        "price_unit": "EA"
      },
      {
        "state": "VIC",
        "price": "5995",
        "price_per_unit": "999",
        "price_unit": "EA"
      },
      {
        "state": "QLD",
        "price": "5995",
        "price_per_unit": "999",
        "price_unit": "EA"
      },
      {
        "state": "WA",
        "price": "5995",
        "price_per_unit": "999",
        "price_unit": "EA"
      },
      {
        "state": "SA",
        "price": "5995",
        "price_per_unit": "999",
        "price_unit": "EA"
      },
      {
        "state": "TAS",
        "price": "5995",
        "price_per_unit": "999",
        "price_unit": "EA"
      },
      {
        "state": "ACT",
        "price": "5995",
        "price_per_unit": "999",
        "price_unit": "EA"
      },
      {
        "state": "NT",
        "price": "5995",
        "price_per_unit": "999",
        "price_unit": "EA"
      }
    ]
  },
  {
    "source_url": "https://www.woolworths.com.au/shop/productdetails/1074133568/fruit-of-the-earth-6-x-aloe-vera-gel-moisturising-skin-care-680g-with-pump",
    "name": "Fruit Of The Earth 6 x Aloe Vera Gel Moisturising Skin Care 680g with pump",
    "image_url": "https://cdn1.woolworths.media/content/wowproductimages/large/1074133568.jpg",
    "source_id": "Woolworths - 1074133568",
    "barcode": null,
    "shop": "Woolworths",
    "weight": "1EA",
    "prices": [
      {
        "state": "NSW",
        "price": "13600",
        "price_per_unit": "2267",
        "price_unit": "EA"
      },
      {
        "state": "VIC",
        "price": "13600",
        "price_per_unit": "2267",
        "price_unit": "EA"
      },
      {
        "state": "QLD",
        "price": "13600",
        "price_per_unit": "2267",
        "price_unit": "EA"
      },
      {
        "state": "WA",
        "price": "13600",
        "price_per_unit": "2267",
        "price_unit": "EA"
      },
      {
        "state": "SA",
        "price": "13600",
        "price_per_unit": "2267",
        "price_unit": "EA"
      },
      {
        "state": "TAS",
        "price": "13600",
        "price_per_unit": "2267",
        "price_unit": "EA"
      },
      {
        "state": "ACT",
        "price": "13600",
        "price_per_unit": "2267",
        "price_unit": "EA"
      },
      {
        "state": "NT",
        "price": "13600",
        "price_per_unit": "2267",
        "price_unit": "EA"
      }
    ]
  },
  {
    "source_url": "https://www.woolworths.com.au/shop/productdetails/1074133471/fruit-of-the-earth-aloe-vera-gel-moisturising-skin-care-340g-x-6-with-pump",
    "name": "Fruit Of The Earth Aloe Vera Gel Moisturising Skin Care 340g x 6 with Pump",
    "image_url": "https://cdn1.woolworths.media/content/wowproductimages/large/1074133471.jpg",
    "source_id": "Woolworths - 1074133471",
    "barcode": null,
    "shop": "Woolworths",
    "weight": "1EA",
    "prices": [
      {
        "state": "NSW",
        "price": "9900",
        "price_per_unit": "1650",
        "price_unit": "EA"
      },
      {
        "state": "VIC",
        "price": "9900",
        "price_per_unit": "1650",
        "price_unit": "EA"
      },
      {
        "state": "QLD",
        "price": "9900",
        "price_per_unit": "1650",
        "price_unit": "EA"
      },
      {
        "state": "WA",
        "price": "9900",
        "price_per_unit": "1650",
        "price_unit": "EA"
      },
      {
        "state": "SA",
        "price": "9900",
        "price_per_unit": "1650",
        "price_unit": "EA"
      },
      {
        "state": "TAS",
        "price": "9900",
        "price_per_unit": "1650",
        "price_unit": "EA"
      },
      {
        "state": "ACT",
        "price": "9900",
        "price_per_unit": "1650",
        "price_unit": "EA"
      },
      {
        "state": "NT",
        "price": "9900",
        "price_per_unit": "1650",
        "price_unit": "EA"
      }
    ]
  },
  {
    "source_url": "https://www.woolworths.com.au/shop/productdetails/94128/garnier-me-time-face-masks",
    "name": "Garnier Me Time Face Masks 4 Pack",
    "image_url": "https://cdn1.woolworths.media/content/wowproductimages/large/094128.jpg",
    "source_id": "Woolworths - 94128",
    "barcode": "9344329179872",
    "shop": "Woolworths",
    "weight": "1EA",
    "prices": []
  },
  {
    "source_url": "https://www.woolworths.com.au/shop/productdetails/779451/garnier-moisture-match-body-24hr-combination-to-oily-green-tea",
    "name": "Garnier Moisture Match Body 24hr Combination To Oily Green Tea 50ml",
    "image_url": "https://cdn1.woolworths.media/content/wowproductimages/large/779451.jpg",
    "source_id": "Woolworths - 779451",
    "barcode": "3600541269262",
    "shop": "Woolworths",
    "weight": "100ML",
    "prices": []
  },
  {
    "source_url": "https://www.woolworths.com.au/shop/productdetails/730387/garnier-skin-naturals-eye-cream-ultra-lift",
    "name": "Garnier Skin Naturals Eye Cream Ultra Lift 15ml",
    "image_url": "https://cdn1.woolworths.media/content/wowproductimages/large/730387.jpg",
    "source_id": "Woolworths - 730387",
    "barcode": "3600541186026",
    "shop": "Woolworths",
    "weight": "100ML",
    "prices": []
  },
  {
    "source_url": "https://www.woolworths.com.au/shop/productdetails/1075748153/gillette-venus-for-pubic-hair-skin-daily-soothing-serum-50ml",
    "name": "Gillette Venus for Pubic Hair & Skin Daily Soothing Serum 50ml",
    "image_url": "https://cdn1.woolworths.media/content/wowproductimages/large/1075748153.jpg",
    "source_id": "Woolworths - 1075748153",
    "barcode": null,
    "shop": "Woolworths",
    "weight": "100ML",
    "prices": [
      {
        "state": "NSW",
        "price": "1599",
        "price_per_unit": "3198",
        "price_unit": "ML"
      },
      {
        "state": "VIC",
        "price": "1599",
        "price_per_unit": "3198",
        "price_unit": "ML"
      },
      {
        "state": "QLD",
        "price": "1599",
        "price_per_unit": "3198",
        "price_unit": "ML"
      },
      {
        "state": "WA",
        "price": "1599",
        "price_per_unit": "3198",
        "price_unit": "ML"
      },
      {
        "state": "SA",
        "price": "1599",
        "price_per_unit": "3198",
        "price_unit": "ML"
      },
      {
        "state": "TAS",
        "price": "1599",
        "price_per_unit": "3198",
        "price_unit": "ML"
      },
      {
        "state": "ACT",
        "price": "1599",
        "price_per_unit": "3198",
        "price_unit": "ML"
      },
      {
        "state": "NT",
        "price": "1599",
        "price_per_unit": "3198",
        "price_unit": "ML"
      }
    ]
  },
  {
    "source_url": "https://www.woolworths.com.au/shop/productdetails/1075748156/gillette-venus-for-pubic-hair-skin-daily-soothing-serum-50ml-12pk",
    "name": "Gillette Venus for Pubic Hair & Skin Daily Soothing Serum 50mL 12pk",
    "image_url": "https://cdn1.woolworths.media/content/wowproductimages/large/1075748156.jpg",
    "source_id": "Woolworths - 1075748156",
    "barcode": null,
    "shop": "Woolworths",
    "weight": "1EA",
    "prices": [
      {
        "state": "NSW",
        "price": "5999",
        "price_per_unit": "500",
        "price_unit": "EA"
      },
      {
        "state": "VIC",
        "price": "5999",
        "price_per_unit": "500",
        "price_unit": "EA"
      },
      {
        "state": "QLD",
        "price": "5999",
        "price_per_unit": "500",
        "price_unit": "EA"
      },
      {
        "state": "WA",
        "price": "5999",
        "price_per_unit": "500",
        "price_unit": "EA"
      },
      {
        "state": "SA",
        "price": "5999",
        "price_per_unit": "500",
        "price_unit": "EA"
      },
      {
        "state": "TAS",
        "price": "5999",
        "price_per_unit": "500",
        "price_unit": "EA"
      },
      {
        "state": "ACT",
        "price": "5999",
        "price_per_unit": "500",
        "price_unit": "EA"
      },
      {
        "state": "NT",
        "price": "5999",
        "price_per_unit": "500",
        "price_unit": "EA"
      }
    ]
  },
  {
    "source_url": "https://www.woolworths.com.au/shop/productdetails/1075748154/gillette-venus-for-pubic-hair-skin-daily-soothing-serum-50ml-3pk",
    "name": "Gillette Venus for Pubic Hair & Skin Daily Soothing Serum 50ml 3pk",
    "image_url": "https://cdn1.woolworths.media/content/wowproductimages/large/1075748154.jpg",
    "source_id": "Woolworths - 1075748154",
    "barcode": null,
    "shop": "Woolworths",
    "weight": "1EA",
    "prices": [
      {
        "state": "NSW",
        "price": "2599",
        "price_per_unit": "866",
        "price_unit": "EA"
      },
      {
        "state": "VIC",
        "price": "2599",
        "price_per_unit": "866",
        "price_unit": "EA"
      },
      {
        "state": "QLD",
        "price": "2599",
        "price_per_unit": "866",
        "price_unit": "EA"
      },
      {
        "state": "WA",
        "price": "2599",
        "price_per_unit": "866",
        "price_unit": "EA"
      },
      {
        "state": "SA",
        "price": "2599",
        "price_per_unit": "866",
        "price_unit": "EA"
      },
      {
        "state": "TAS",
        "price": "2599",
        "price_per_unit": "866",
        "price_unit": "EA"
      },
      {
        "state": "ACT",
        "price": "2599",
        "price_per_unit": "866",
        "price_unit": "EA"
      },
      {
        "state": "NT",
        "price": "2599",
        "price_per_unit": "866",
        "price_unit": "EA"
      }
    ]
  },
  {
    "source_url": "https://www.woolworths.com.au/shop/productdetails/1075748155/gillette-venus-for-pubic-hair-skin-daily-soothing-serum-50ml-6pk",
    "name": "Gillette Venus for Pubic Hair & Skin Daily Soothing Serum 50ml 6pk",
    "image_url": "https://cdn1.woolworths.media/content/wowproductimages/large/1075748155.jpg",
    "source_id": "Woolworths - 1075748155",
    "barcode": null,
    "shop": "Woolworths",
    "weight": "1EA",
    "prices": [
      {
        "state": "NSW",
        "price": "3999",
        "price_per_unit": "667",
        "price_unit": "EA"
      },
      {
        "state": "VIC",
        "price": "3999",
        "price_per_unit": "667",
        "price_unit": "EA"
      },
      {
        "state": "QLD",
        "price": "3999",
        "price_per_unit": "667",
        "price_unit": "EA"
      },
      {
        "state": "WA",
        "price": "3999",
        "price_per_unit": "667",
        "price_unit": "EA"
      },
      {
        "state": "SA",
        "price": "3999",
        "price_per_unit": "667",
        "price_unit": "EA"
      },
      {
        "state": "TAS",
        "price": "3999",
        "price_per_unit": "667",
        "price_unit": "EA"
      },
      {
        "state": "ACT",
        "price": "3999",
        "price_per_unit": "667",
        "price_unit": "EA"
      },
      {
        "state": "NT",
        "price": "3999",
        "price_per_unit": "667",
        "price_unit": "EA"
      }
    ]
  },
  {
    "source_url": "https://www.woolworths.com.au/shop/productdetails/1075775172/gillette-venus-soothing-serum-for-pubic-hair-skin-50ml-x-3",
    "name": "Gillette Venus Soothing Serum for Pubic Hair & Skin 50mL x 3",
    "image_url": "https://cdn1.woolworths.media/content/wowproductimages/large/1075775172.jpg",
    "source_id": "Woolworths - 1075775172",
    "barcode": null,
    "shop": "Woolworths",
    "weight": "1EA",
    "prices": [
      {
        "state": "NSW",
        "price": "2900",
        "price_per_unit": "967",
        "price_unit": "EA"
      },
      {
        "state": "VIC",
        "price": "2900",
        "price_per_unit": "967",
        "price_unit": "EA"
      },
      {
        "state": "QLD",
        "price": "2900",
        "price_per_unit": "967",
        "price_unit": "EA"
      },
      {
        "state": "WA",
        "price": "2900",
        "price_per_unit": "967",
        "price_unit": "EA"
      },
      {
        "state": "SA",
        "price": "2900",
        "price_per_unit": "967",
        "price_unit": "EA"
      },
      {
        "state": "TAS",
        "price": "2900",
        "price_per_unit": "967",
        "price_unit": "EA"
      },
      {
        "state": "ACT",
        "price": "2900",
        "price_per_unit": "967",
        "price_unit": "EA"
      },
      {
        "state": "NT",
        "price": "2900",
        "price_per_unit": "967",
        "price_unit": "EA"
      }
    ]
  },
  {
    "source_url": "https://www.woolworths.com.au/shop/productdetails/1074388216/giorgio-armani-acqua-di-gio-after-shave-lotion-100ml-3-4oz",
    "name": "Giorgio Armani Acqua Di Gio After Shave Lotion 100ml/3.4oz",
    "image_url": "https://cdn1.woolworths.media/content/wowproductimages/large/1074388216.jpg",
    "source_id": "Woolworths - 1074388216",
    "barcode": null,
    "shop": "Woolworths",
    "weight": "100ML",
    "prices": [
      {
        "state": "NSW",
        "price": "13500",
        "price_per_unit": "13500",
        "price_unit": "ML"
      },
      {
        "state": "VIC",
        "price": "13500",
        "price_per_unit": "13500",
        "price_unit": "ML"
      },
      {
        "state": "QLD",
        "price": "13500",
        "price_per_unit": "13500",
        "price_unit": "ML"
      },
      {
        "state": "WA",
        "price": "13500",
        "price_per_unit": "13500",
        "price_unit": "ML"
      },
      {
        "state": "SA",
        "price": "13500",
        "price_per_unit": "13500",
        "price_unit": "ML"
      },
      {
        "state": "TAS",
        "price": "13500",
        "price_per_unit": "13500",
        "price_unit": "ML"
      },
      {
        "state": "ACT",
        "price": "13500",
        "price_per_unit": "13500",
        "price_unit": "ML"
      },
      {
        "state": "NT",
        "price": "13500",
        "price_per_unit": "13500",
        "price_unit": "ML"
      }
    ]
  },
  {
    "source_url": "https://www.woolworths.com.au/shop/productdetails/1075477347/giovene-scar-treatment-15g",
    "name": "Giovene Scar Treatment 15g",
    "image_url": "https://cdn1.woolworths.media/content/wowproductimages/large/1075477347.jpg",
    "source_id": "Woolworths - 1075477347",
    "barcode": null,
    "shop": "Woolworths",
    "weight": "100G",
    "prices": [
      {
        "state": "VIC",
        "price": "1845",
        "price_per_unit": "12300",
        "price_unit": "G"
      },
      {
        "state": "QLD",
        "price": "1845",
        "price_per_unit": "12300",
        "price_unit": "G"
      },
      {
        "state": "WA",
        "price": "1845",
        "price_per_unit": "12300",
        "price_unit": "G"
      },
      {
        "state": "SA",
        "price": "1845",
        "price_per_unit": "12300",
        "price_unit": "G"
      },
      {
        "state": "TAS",
        "price": "1845",
        "price_per_unit": "12300",
        "price_unit": "G"
      },
      {
        "state": "NT",
        "price": "1845",
        "price_per_unit": "12300",
        "price_unit": "G"
      }
    ]
  },
  {
    "source_url": "https://www.woolworths.com.au/shop/productdetails/1074137617/ausganica-organic-lavender-soothing-hand-body-wash-500ml",
    "name": "Ausganica Organic Lavender Soothing Hand/Body Wash 500ml",
    "image_url": "https://cdn1.woolworths.media/content/wowproductimages/large/1074137617.jpg",
    "source_id": "Woolworths - 1074137617",
    "barcode": null,
    "shop": "Woolworths",
    "weight": "100ML",
    "prices": [
      {
        "state": "QLD",
        "price": "6380",
        "price_per_unit": "1276",
        "price_unit": "ML"
      },
      {
        "state": "WA",
        "price": "6380",
        "price_per_unit": "1276",
        "price_unit": "ML"
      },
      {
        "state": "SA",
        "price": "6380",
        "price_per_unit": "1276",
        "price_unit": "ML"
      },
      {
        "state": "TAS",
        "price": "6380",
        "price_per_unit": "1276",
        "price_unit": "ML"
      },
      {
        "state": "ACT",
        "price": "6380",
        "price_per_unit": "1276",
        "price_unit": "ML"
      },
      {
        "state": "NT",
        "price": "6380",
        "price_per_unit": "1276",
        "price_unit": "ML"
      }
    ]
  },
  {
    "source_url": "https://www.woolworths.com.au/shop/productdetails/1074137626/ausganica-organic-rose-geranium-nourishing-hand-body-lotion-500ml",
    "name": "Ausganica Organic Rose Geranium Nourishing Hand/Body Lotion 500ml",
    "image_url": "https://cdn1.woolworths.media/content/wowproductimages/large/1074137626.jpg",
    "source_id": "Woolworths - 1074137626",
    "barcode": null,
    "shop": "Woolworths",
    "weight": "100ML",
    "prices": [
      {
        "state": "QLD",
        "price": "6820",
        "price_per_unit": "1364",
        "price_unit": "ML"
      },
      {
        "state": "WA",
        "price": "6820",
        "price_per_unit": "1364",
        "price_unit": "ML"
      },
      {
        "state": "SA",
        "price": "6820",
        "price_per_unit": "1364",
        "price_unit": "ML"
      },
      {
        "state": "TAS",
        "price": "6820",
        "price_per_unit": "1364",
        "price_unit": "ML"
      },
      {
        "state": "ACT",
        "price": "6820",
        "price_per_unit": "1364",
        "price_unit": "ML"
      },
      {
        "state": "NT",
        "price": "6820",
        "price_per_unit": "1364",
        "price_unit": "ML"
      }
    ]
  },
  {
    "source_url": "https://www.woolworths.com.au/shop/productdetails/1074137627/ausganica-organic-rose-geranium-nourishing-hand-body-wash-500ml",
    "name": "Ausganica Organic Rose Geranium Nourishing Hand/Body Wash 500ml",
    "image_url": "https://cdn1.woolworths.media/content/wowproductimages/large/1074137627.jpg",
    "source_id": "Woolworths - 1074137627",
    "barcode": null,
    "shop": "Woolworths",
    "weight": "100ML",
    "prices": [
      {
        "state": "QLD",
        "price": "6380",
        "price_per_unit": "1276",
        "price_unit": "ML"
      },
      {
        "state": "WA",
        "price": "6380",
        "price_per_unit": "1276",
        "price_unit": "ML"
      },
      {
        "state": "SA",
        "price": "6380",
        "price_per_unit": "1276",
        "price_unit": "ML"
      },
      {
        "state": "TAS",
        "price": "6380",
        "price_per_unit": "1276",
        "price_unit": "ML"
      },
      {
        "state": "ACT",
        "price": "6380",
        "price_per_unit": "1276",
        "price_unit": "ML"
      },
      {
        "state": "NT",
        "price": "6380",
        "price_per_unit": "1276",
        "price_unit": "ML"
      }
    ]
  },
  {
    "source_url": "https://www.woolworths.com.au/shop/productdetails/1074388351/glasshouse-body-lotion-diving-into-cyprus-sea-salt-saffron-400ml-13-53oz",
    "name": "Glasshouse Body Lotion - Diving Into Cyprus (Sea Salt & Saffron) 400ml/13.53oz",
    "image_url": "https://cdn1.woolworths.media/content/wowproductimages/large/1074388351.jpg",
    "source_id": "Woolworths - 1074388351",
    "barcode": null,
    "shop": "Woolworths",
    "weight": "100ML",
    "prices": [
      {
        "state": "QLD",
        "price": "7400",
        "price_per_unit": "1850",
        "price_unit": "ML"
      },
      {
        "state": "WA",
        "price": "7400",
        "price_per_unit": "1850",
        "price_unit": "ML"
      },
      {
        "state": "TAS",
        "price": "7400",
        "price_per_unit": "1850",
        "price_unit": "ML"
      },
      {
        "state": "NT",
        "price": "7400",
        "price_per_unit": "1850",
        "price_unit": "ML"
      }
    ]
  },
  {
    "source_url": "https://www.woolworths.com.au/shop/productdetails/662677/glow-lab-moisturiser",
    "name": "Glow Lab Moisturiser 100ml",
    "image_url": "https://cdn1.woolworths.media/content/wowproductimages/large/662677.jpg",
    "source_id": "Woolworths - 662677",
    "barcode": "9421027311909",
    "shop": "Woolworths",
    "weight": "100ML",
    "prices": [
      {
        "state": "QLD",
        "price": "960",
        "price_per_unit": "960",
        "price_unit": "ML"
      }
    ]
  },
  {
    "source_url": "https://www.woolworths.com.au/shop/productdetails/1076478614/bondi-sands-coconut-body-moisturiser-200ml",
    "name": "Bondi Sands Coconut Body Moisturiser 200ml",
    "image_url": "https://cdn1.woolworths.media/content/wowproductimages/large/1076478614.jpg",
    "source_id": "Woolworths - 1076478614",
    "barcode": null,
    "shop": "Woolworths",
    "weight": "100ML",
    "prices": [
      {
        "state": "WA",
        "price": "1555",
        "price_per_unit": "778",
        "price_unit": "ML"
      },
      {
        "state": "SA",
        "price": "1555",
        "price_per_unit": "778",
        "price_unit": "ML"
      },
      {
        "state": "TAS",
        "price": "1555",
        "price_per_unit": "778",
        "price_unit": "ML"
      },
      {
        "state": "ACT",
        "price": "1555",
        "price_per_unit": "778",
        "price_unit": "ML"
      },
      {
        "state": "NT",
        "price": "1555",
        "price_per_unit": "778",
        "price_unit": "ML"
      }
    ]
  },
  {
    "source_url": "https://www.woolworths.com.au/shop/productdetails/1076478646/bondi-sands-summer-fruits-body-moisturiser-200ml",
    "name": "Bondi Sands Summer Fruits Body Moisturiser 200ml",
    "image_url": "https://cdn1.woolworths.media/content/wowproductimages/large/default.png",
    "source_id": "Woolworths - 1076478646",
    "barcode": null,
    "shop": "Woolworths",
    "weight": "1EA",
    "prices": [
      {
        "state": "TAS",
        "price": "1555",
        "price_per_unit": "1555",
        "price_unit": "EA"
      },
      {
        "state": "ACT",
        "price": "1555",
        "price_per_unit": "1555",
        "price_unit": "EA"
      },
      {
        "state": "NT",
        "price": "1555",
        "price_per_unit": "1555",
        "price_unit": "EA"
      }
    ]
  }
]