[
  {
    "source_url": "https://www.woolworths.com.au/shop/productdetails/251928/fancy-feast-adult-beef-salmon-cheese-flavour-dry-cat-food",
    "name": "Fancy Feast Adult Beef, Salmon & Cheese Flavour Dry Cat Food 450g",
    "image_url": "https://cdn1.woolworths.media/content/wowproductimages/large/251928.jpg",
    "source_id": "Woolworths - 251928",
    "barcode": "9300605025523",
    "category_id": "1_61D6FEB",
    "shop": "Woolworths",
    "weight": "100G",
    "prices": [
      {
        "state": "NSW",
        "price": "700",
        "price_per_unit": "156",
        "price_unit": "G"
      },
      {
        "state": "VIC",
        "price": "700",
        "price_per_unit": "156",
        "price_unit": "G"
      },
      {
        "state": "WA",
        "price": "700",
        "price_per_unit": "156",
        "price_unit": "G"
      },
      {
        "state": "SA",
        "price": "700",
        "price_per_unit": "156",
        "price_unit": "G"
      },
      {
        "state": "TAS",
        "price": "700",
        "price_per_unit": "156",
        "price_unit": "G"
      },
      {
        "state": "ACT",
        "price": "700",
        "price_per_unit": "156",
        "price_unit": "G"
      },
      {
        "state": "NT",
        "price": "700",
        "price_per_unit": "156",
        "price_unit": "G"
      }
    ]
  },
  {
    "source_url": "https://www.woolworths.com.au/shop/productdetails/694878/fancy-feast-adult-tuna-prawn-mackerel-crab-flavour-dry-cat-food",
    "name": "Fancy Feast Adult Tuna, Prawn, Mackerel & Crab Flavour Dry Cat Food 1.4kg",
    "image_url": "https://cdn1.woolworths.media/content/wowproductimages/large/694878.jpg",
    "source_id": "Woolworths - 694878",
    "barcode": "9300605122680",
    "category_id": "1_61D6FEB",
    "shop": "Woolworths",
    "weight": "100G",
    "prices": [
      {
        "state": "NSW",
        "price": "1470",
        "price_per_unit": "105",
        "price_unit": "G"
      },
      {
        "state": "VIC",
        "price": "1470",
        "price_per_unit": "105",
        "price_unit": "G"
      },
      {
        "state": "WA",
        "price": "1470",
        "price_per_unit": "105",
        "price_unit": "G"
      },
      {
        "state": "SA",
        "price": "1470",
        "price_per_unit": "105",
        "price_unit": "G"
      },
      {
        "state": "TAS",
        "price": "1470",
        "price_per_unit": "105",
        "price_unit": "G"
      },
      {
        "state": "ACT",
        "price": "1470",
        "price_per_unit": "105",
        "price_unit": "G"
      },
      {
        "state": "NT",
        "price": "1470",
        "price_per_unit": "105",
        "price_unit": "G"
      }
    ]
  },
  {
    "source_url": "https://www.woolworths.com.au/shop/productdetails/251942/fancy-feast-adult-tuna-prawn-mackerel-crab-flavour-dry-cat-food",
    "name": "Fancy Feast Adult Tuna, Prawn, Mackerel & Crab Flavour Dry Cat Food 450g",
    "image_url": "https://cdn1.woolworths.media/content/wowproductimages/large/251942.jpg",
    "source_id": "Woolworths - 251942",
    "barcode": "9300605025530",
    "category_id": "1_61D6FEB",
    "shop": "Woolworths",
    "weight": "100G",
    "prices": [
      {
        "state": "NSW",
        "price": "700",
        "price_per_unit": "156",
        "price_unit": "G"
      },
      {
        "state": "VIC",
        "price": "700",
        "price_per_unit": "156",
        "price_unit": "G"
      },
      {
        "state": "QLD",
        "price": "700",
        "price_per_unit": "156",
        "price_unit": "G"
      },
      {
        "state": "WA",
        "price": "700",
        "price_per_unit": "156",
        "price_unit": "G"
      },
      {
        "state": "SA",
        "price": "700",
        "price_per_unit": "156",
        "price_unit": "G"
      },
      {
        "state": "TAS",
        "price": "700",
        "price_per_unit": "156",
        "price_unit": "G"
      },
      {
        "state": "ACT",
        "price": "700",
        "price_per_unit": "156",
        "price_unit": "G"
      },
      {
        "state": "NT",
        "price": "700",
        "price_per_unit": "156",
        "price_unit": "G"
      }
    ]
  },
  {
    "source_url": "https://www.woolworths.com.au/shop/productdetails/239510/fancy-feast-cat-food-salmon-ocean-fish",
    "name": "Fancy Feast Cat Food Salmon Ocean Fish 450g",
    "image_url": "https://cdn1.woolworths.media/content/wowproductimages/large/239510.jpg",
    "source_id": "Woolworths - 239510",
    "barcode": "9300605146709",
    "category_id": "1_61D6FEB",
    "shop": "Woolworths",
    "weight": "100G",
    "prices": [
      {
        "state": "NSW",
        "price": "700",
        "price_per_unit": "156",
        "price_unit": "G"
      },
      {
        "state": "VIC",
        "price": "700",
        "price_per_unit": "156",
        "price_unit": "G"
      },
      {
        "state": "WA",
        "price": "700",
        "price_per_unit": "156",
        "price_unit": "G"
      },
      {
        "state": "SA",
        "price": "700",
        "price_per_unit": "156",
        "price_unit": "G"
      },
      {
        "state": "TAS",
        "price": "700",
        "price_per_unit": "156",
        "price_unit": "G"
      },
      {
        "state": "ACT",
        "price": "700",
        "price_per_unit": "156",
        "price_unit": "G"
      },
      {
        "state": "NT",
        "price": "700",
        "price_per_unit": "156",
        "price_unit": "G"
      }
    ]
  },
  {
    "source_url": "https://www.woolworths.com.au/shop/productdetails/847696/friskies-adult-indoor-delights-dry-cat-food",
    "name": "Friskies Adult Indoor Delights Dry Cat Food 1kg",
    "image_url": "https://cdn1.woolworths.media/content/wowproductimages/large/847696.jpg",
    "source_id": "Woolworths - 847696",
    "barcode": "9300605109919",
    "category_id": "1_61D6FEB",
    "shop": "Woolworths",
    "weight": "100G",
    "prices": [
      {
        "state": "NSW",
        "price": "800",
        "price_per_unit": "80",
        "price_unit": "G"
      },
      {
        "state": "VIC",
        "price": "800",
        "price_per_unit": "80",
        "price_unit": "G"
      },
      {
        "state": "WA",
        "price": "800",
        "price_per_unit": "80",
        "price_unit": "G"
      },
      {
        "state": "SA",
        "price": "800",
        "price_per_unit": "80",
        "price_unit": "G"
      },
      {
        "state": "TAS",
        "price": "800",
        "price_per_unit": "80",
        "price_unit": "G"
      },
      {
        "state": "ACT",
        "price": "800",
        "price_per_unit": "80",
        "price_unit": "G"
      },
      {
        "state": "NT",
        "price": "800",
        "price_per_unit": "80",
        "price_unit": "G"
      }
    ]
  },
  {
    "source_url": "https://www.woolworths.com.au/shop/productdetails/118647/friskies-adult-indoor-delights-dry-cat-food",
    "name": "Friskies Adult Indoor Delights Dry Cat Food 2.5kg",
    "image_url": "https://cdn1.woolworths.media/content/wowproductimages/large/118647.jpg",
    "source_id": "Woolworths - 118647",
    "barcode": "9300605132443",
    "category_id": "1_61D6FEB",
    "shop": "Woolworths",
    "weight": "100G",
    "prices": [
      {
        "state": "NSW",
        "price": "1550",
        "price_per_unit": "62",
        "price_unit": "G"
      },
      {
        "state": "VIC",
        "price": "1550",
        "price_per_unit": "62",
        "price_unit": "G"
      },
      {
        "state": "QLD",
        "price": "1550",
        "price_per_unit": "62",
        "price_unit": "G"
      },
      {
        "state": "WA",
        "price": "1550",
        "price_per_unit": "62",
        "price_unit": "G"
      },
      {
        "state": "SA",
        "price": "1550",
        "price_per_unit": "62",
        "price_unit": "G"
      },
      {
        "state": "TAS",
        "price": "1550",
        "price_per_unit": "62",
        "price_unit": "G"
      },
      {
        "state": "ACT",
        "price": "1550",
        "price_per_unit": "62",
        "price_unit": "G"
      },
      {
        "state": "NT",
        "price": "1550",
        "price_per_unit": "62",
        "price_unit": "G"
      }
    ]
  },
  {
    "source_url": "https://www.woolworths.com.au/shop/productdetails/925735/fussy-cat-chicken-freeze-dried-lamb-kibble-dry-cat-food",
    "name": "Fussy Cat Chicken & Freeze Dried Lamb Kibble Dry Cat Food 750g",
    "image_url": "https://cdn1.woolworths.media/content/wowproductimages/large/925735.jpg",
    "source_id": "Woolworths - 925735",
    "barcode": "9319185007942",
    "category_id": "1_61D6FEB",
    "shop": "Woolworths",
    "weight": "100G",
    "prices": [
      {
        "state": "NSW",
        "price": "1400",
        "price_per_unit": "187",
        "price_unit": "G"
      },
      {
        "state": "VIC",
        "price": "1400",
        "price_per_unit": "187",
        "price_unit": "G"
      },
      {
        "state": "QLD",
        "price": "1400",
        "price_per_unit": "187",
        "price_unit": "G"
      },
      {
        "state": "WA",
        "price": "1400",
        "price_per_unit": "187",
        "price_unit": "G"
      },
      {
        "state": "SA",
        "price": "1400",
        "price_per_unit": "187",
        "price_unit": "G"
      },
      {
        "state": "TAS",
        "price": "1400",
        "price_per_unit": "187",
        "price_unit": "G"
      },
      {
        "state": "ACT",
        "price": "1400",
        "price_per_unit": "187",
        "price_unit": "G"
      },
      {
        "state": "NT",
        "price": "1400",
        "price_per_unit": "187",
        "price_unit": "G"
      }
    ]
  },
  {
    "source_url": "https://www.woolworths.com.au/shop/productdetails/692986/fussy-cat-grain-free-adult-dry-cat-food-beef-kangaroo-sweet-potato",
    "name": "Fussy Cat Grain Free Adult Dry Cat Food Beef Kangaroo & Sweet Potato 2.5kg",
    "image_url": "https://cdn1.woolworths.media/content/wowproductimages/large/692986.jpg",
    "source_id": "Woolworths - 692986",
    "barcode": "9319185743307",
    "category_id": "1_61D6FEB",
    "shop": "Woolworths",
    "weight": "100G",
    "prices": [
      {
        "state": "NSW",
        "price": "2650",
        "price_per_unit": "106",
        "price_unit": "G"
      },
      {
        "state": "VIC",
        "price": "2650",
        "price_per_unit": "106",
        "price_unit": "G"
      },
      {
        "state": "WA",
        "price": "2650",
        "price_per_unit": "106",
        "price_unit": "G"
      },
      {
        "state": "SA",
        "price": "2650",
        "price_per_unit": "106",
        "price_unit": "G"
      },
      {
        "state": "TAS",
        "price": "2650",
        "price_per_unit": "106",
        "price_unit": "G"
      },
      {
        "state": "ACT",
        "price": "2650",
        "price_per_unit": "106",
        "price_unit": "G"
      },
      {
        "state": "NT",
        "price": "2650",
        "price_per_unit": "106",
        "price_unit": "G"
      }
    ]
  },
  {
    "source_url": "https://www.woolworths.com.au/shop/productdetails/478381/fussy-cat-grain-free-adult-dry-cat-food-chicken-turkey-cranberries",
    "name": "Fussy Cat Grain Free Adult Dry Cat Food Chicken & Turkey & Cranberries 2.5kg",
    "image_url": "https://cdn1.woolworths.media/content/wowproductimages/large/478381.jpg",
    "source_id": "Woolworths - 478381",
    "barcode": "9319185254995",
    "category_id": "1_61D6FEB",
    "shop": "Woolworths",
    "weight": "100G",
    "prices": [
      {
        "state": "NSW",
        "price": "2650",
        "price_per_unit": "106",
        "price_unit": "G"
      },
      {
        "state": "VIC",
        "price": "2650",
        "price_per_unit": "106",
        "price_unit": "G"
      },
      {
        "state": "QLD",
        "price": "2650",
        "price_per_unit": "106",
        "price_unit": "G"
      },
      {
        "state": "WA",
        "price": "2650",
        "price_per_unit": "106",
        "price_unit": "G"
      },
      {
        "state": "SA",
        "price": "2650",
        "price_per_unit": "106",
        "price_unit": "G"
      },
      {
        "state": "TAS",
        "price": "2650",
        "price_per_unit": "106",
        "price_unit": "G"
      },
      {
        "state": "ACT",
        "price": "2650",
        "price_per_unit": "106",
        "price_unit": "G"
      },
      {
        "state": "NT",
        "price": "2650",
        "price_per_unit": "106",
        "price_unit": "G"
      }
    ]
  },
  {
    "source_url": "https://www.woolworths.com.au/shop/productdetails/478375/fussy-cat-grain-free-adult-dry-cat-food-salmon-whitefish-olive-oil",
    "name": "Fussy Cat Grain Free Adult Dry Cat Food Salmon Whitefish & Olive Oil 2.5kg",
    "image_url": "https://cdn1.woolworths.media/content/wowproductimages/large/478375.jpg",
    "source_id": "Woolworths - 478375",
    "barcode": "9319185255008",
    "category_id": "1_61D6FEB",
    "shop": "Woolworths",
    "weight": "100G",
    "prices": [
      {
        "state": "NSW",
        "price": "2650",
        "price_per_unit": "106",
        "price_unit": "G"
      },
      {
        "state": "VIC",
        "price": "2650",
        "price_per_unit": "106",
        "price_unit": "G"
      },
      {
        "state": "QLD",
        "price": "2650",
        "price_per_unit": "106",
        "price_unit": "G"
      },
      {
        "state": "WA",
        "price": "2650",
        "price_per_unit": "106",
        "price_unit": "G"
      },
      {
        "state": "SA",
        "price": "2650",
        "price_per_unit": "106",
        "price_unit": "G"
      },
      {
        "state": "TAS",
        "price": "2650",
        "price_per_unit": "106",
        "price_unit": "G"
      },
      {
        "state": "ACT",
        "price": "2650",
        "price_per_unit": "106",
        "price_unit": "G"
      },
      {
        "state": "NT",
        "price": "2650",
        "price_per_unit": "106",
        "price_unit": "G"
      }
    ]
  },
  {
    "source_url": "https://www.woolworths.com.au/shop/productdetails/141830/fussy-cat-grain-free-crunchers-adult-cat-treats-with-fish",
    "name": "Fussy Cat Grain Free Crunchers Adult Cat Treats With Fish 100g",
    "image_url": "https://cdn1.woolworths.media/content/wowproductimages/large/141830.jpg",
    "source_id": "Woolworths - 141830",
    "barcode": "9319185004088",
    "category_id": "1_61D6FEB",
    "shop": "Woolworths",
    "weight": "100G",
    "prices": [
      {
        "state": "NSW",
        "price": "300",
        "price_per_unit": "300",
        "price_unit": "G"
      },
      {
        "state": "VIC",
        "price": "300",
        "price_per_unit": "300",
        "price_unit": "G"
      },
      {
        "state": "QLD",
        "price": "300",
        "price_per_unit": "300",
        "price_unit": "G"
      },
      {
        "state": "WA",
        "price": "300",
        "price_per_unit": "300",
        "price_unit": "G"
      },
      {
        "state": "SA",
        "price": "300",
        "price_per_unit": "300",
        "price_unit": "G"
      },
      {
        "state": "TAS",
        "price": "300",
        "price_per_unit": "300",
        "price_unit": "G"
      },
      {
        "state": "ACT",
        "price": "300",
        "price_per_unit": "300",
        "price_unit": "G"
      },
      {
        "state": "NT",
        "price": "300",
        "price_per_unit": "300",
        "price_unit": "G"
      }
    ]
  },
  {
    "source_url": "https://www.woolworths.com.au/shop/productdetails/927497/fussy-cat-salmon-freeze-dried-lamb-kibble-dry-cat-food",
    "name": "Fussy Cat Salmon & Freeze Dried Lamb Kibble Dry Cat Food 750g",
    "image_url": "https://cdn1.woolworths.media/content/wowproductimages/large/927497.jpg",
    "source_id": "Woolworths - 927497",
    "barcode": "9319185007959",
    "category_id": "1_61D6FEB",
    "shop": "Woolworths",
    "weight": "100G",
    "prices": [
      {
        "state": "NSW",
        "price": "1400",
        "price_per_unit": "187",
        "price_unit": "G"
      },
      {
        "state": "VIC",
        "price": "1400",
        "price_per_unit": "187",
        "price_unit": "G"
      },
      {
        "state": "QLD",
        "price": "1400",
        "price_per_unit": "187",
        "price_unit": "G"
      },
      {
        "state": "WA",
        "price": "1400",
        "price_per_unit": "187",
        "price_unit": "G"
      },
      {
        "state": "SA",
        "price": "1400",
        "price_per_unit": "187",
        "price_unit": "G"
      },
      {
        "state": "TAS",
        "price": "1400",
        "price_per_unit": "187",
        "price_unit": "G"
      },
      {
        "state": "ACT",
        "price": "1400",
        "price_per_unit": "187",
        "price_unit": "G"
      },
      {
        "state": "NT",
        "price": "1400",
        "price_per_unit": "187",
        "price_unit": "G"
      }
    ]
  },
  {
    "source_url": "https://www.woolworths.com.au/shop/productdetails/694888/optimum-adult-1-furball-dry-cat-food-with-chicken",
    "name": "Optimum Adult +1 Furball Dry Cat Food with Chicken 2kg",
    "image_url": "https://cdn1.woolworths.media/content/wowproductimages/large/694888.jpg",
    "source_id": "Woolworths - 694888",
    "barcode": "9334214044781",
    "category_id": "1_61D6FEB",
    "shop": "Woolworths",
    "weight": "100G",
    "prices": [
      {
        "state": "NSW",
        "price": "2500",
        "price_per_unit": "125",
        "price_unit": "G"
      },
      {
        "state": "VIC",
        "price": "2500",
        "price_per_unit": "125",
        "price_unit": "G"
      },
      {
        "state": "QLD",
        "price": "2500",
        "price_per_unit": "125",
        "price_unit": "G"
      },
      {
        "state": "WA",
        "price": "2500",
        "price_per_unit": "125",
        "price_unit": "G"
      },
      {
        "state": "SA",
        "price": "2500",
        "price_per_unit": "125",
        "price_unit": "G"
      },
      {
        "state": "TAS",
        "price": "2500",
        "price_per_unit": "125",
        "price_unit": "G"
      },
      {
        "state": "ACT",
        "price": "2500",
        "price_per_unit": "125",
        "price_unit": "G"
      },
      {
        "state": "NT",
        "price": "2500",
        "price_per_unit": "125",
        "price_unit": "G"
      }
    ]
  },
  {
    "source_url": "https://www.woolworths.com.au/shop/productdetails/119322/optimum-adult-dry-cat-food-with-ocean-fish",
    "name": "Optimum Adult Dry Cat Food with Ocean Fish 2kg",
    "image_url": "https://cdn1.woolworths.media/content/wowproductimages/large/119322.jpg",
    "source_id": "Woolworths - 119322",
    "barcode": "9334214054339",
    "category_id": "1_61D6FEB",
    "shop": "Woolworths",
    "weight": "100G",
    "prices": [
      {
        "state": "NSW",
        "price": "2500",
        "price_per_unit": "125",
        "price_unit": "G"
      },
      {
        "state": "VIC",
        "price": "2500",
        "price_per_unit": "125",
        "price_unit": "G"
      },
      {
        "state": "QLD",
        "price": "2500",
        "price_per_unit": "125",
        "price_unit": "G"
      },
      {
        "state": "WA",
        "price": "2500",
        "price_per_unit": "125",
        "price_unit": "G"
      },
      {
        "state": "SA",
        "price": "2500",
        "price_per_unit": "125",
        "price_unit": "G"
      },
      {
        "state": "TAS",
        "price": "2500",
        "price_per_unit": "125",
        "price_unit": "G"
      },
      {
        "state": "ACT",
        "price": "2500",
        "price_per_unit": "125",
        "price_unit": "G"
      },
      {
        "state": "NT",
        "price": "2500",
        "price_per_unit": "125",
        "price_unit": "G"
      }
    ]
  },
  {
    "source_url": "https://www.woolworths.com.au/shop/productdetails/204715/purina-one-cat-food-indoor-advantage-immune-defence-1-years",
    "name": "Purina One Cat Food Indoor Advantage Immune Defence 1+ Years 2.8kg",
    "image_url": "https://cdn1.woolworths.media/content/wowproductimages/large/204715.jpg",
    "source_id": "Woolworths - 204715",
    "barcode": "9300605141407",
    "category_id": "1_61D6FEB",
    "shop": "Woolworths",
    "weight": "100G",
    "prices": [
      {
        "state": "NSW",
        "price": "3200",
        "price_per_unit": "114",
        "price_unit": "G"
      },
      {
        "state": "VIC",
        "price": "3200",
        "price_per_unit": "114",
        "price_unit": "G"
      },
      {
        "state": "QLD",
        "price": "3200",
        "price_per_unit": "114",
        "price_unit": "G"
      },
      {
        "state": "WA",
        "price": "3200",
        "price_per_unit": "114",
        "price_unit": "G"
      },
      {
        "state": "TAS",
        "price": "3200",
        "price_per_unit": "114",
        "price_unit": "G"
      },
      {
        "state": "ACT",
        "price": "3200",
        "price_per_unit": "114",
        "price_unit": "G"
      },
      {
        "state": "NT",
        "price": "3200",
        "price_per_unit": "114",
        "price_unit": "G"
      }
    ]
  },
  {
    "source_url": "https://www.woolworths.com.au/shop/productdetails/199604/purina-one-healthy-weight-with-chicken-1-years-dry-cat-food",
    "name": "Purina One Healthy Weight With Chicken 1+ Years Dry Cat Food 1.4kg",
    "image_url": "https://cdn1.woolworths.media/content/wowproductimages/large/199604.jpg",
    "source_id": "Woolworths - 199604",
    "barcode": "9300605141445",
    "category_id": "1_61D6FEB",
    "shop": "Woolworths",
    "weight": "100G",
    "prices": [
      {
        "state": "NSW",
        "price": "2000",
        "price_per_unit": "143",
        "price_unit": "G"
      },
      {
        "state": "VIC",
        "price": "2000",
        "price_per_unit": "143",
        "price_unit": "G"
      },
      {
        "state": "QLD",
        "price": "2000",
        "price_per_unit": "143",
        "price_unit": "G"
      },
      {
        "state": "WA",
        "price": "2000",
        "price_per_unit": "143",
        "price_unit": "G"
      },
      {
        "state": "SA",
        "price": "2000",
        "price_per_unit": "143",
        "price_unit": "G"
      },
      {
        "state": "TAS",
        "price": "2000",
        "price_per_unit": "143",
        "price_unit": "G"
      },
      {
        "state": "ACT",
        "price": "2000",
        "price_per_unit": "143",
        "price_unit": "G"
      },
      {
        "state": "NT",
        "price": "2000",
        "price_per_unit": "143",
        "price_unit": "G"
      }
    ]
  },
  {
    "source_url": "https://www.woolworths.com.au/shop/productdetails/198570/purina-one-urinary-care-with-chicken-1-years-dry-cat-food",
    "name": "Purina One Urinary Care With Chicken 1+ Years Dry Cat Food 1.4kg",
    "image_url": "https://cdn1.woolworths.media/content/wowproductimages/large/198570.jpg",
    "source_id": "Woolworths - 198570",
    "barcode": "9300605141698",
    "category_id": "1_61D6FEB",
    "shop": "Woolworths",
    "weight": "100G",
    "prices": [
      {
        "state": "NSW",
        "price": "2000",
        "price_per_unit": "143",
        "price_unit": "G"
      },
      {
        "state": "VIC",
        "price": "2000",
        "price_per_unit": "143",
        "price_unit": "G"
      },
      {
        "state": "QLD",
        "price": "2000",
        "price_per_unit": "143",
        "price_unit": "G"
      },
      {
        "state": "WA",
        "price": "2000",
        "price_per_unit": "143",
        "price_unit": "G"
      },
      {
        "state": "SA",
        "price": "2000",
        "price_per_unit": "143",
        "price_unit": "G"
      },
      {
        "state": "TAS",
        "price": "2000",
        "price_per_unit": "143",
        "price_unit": "G"
      },
      {
        "state": "ACT",
        "price": "2000",
        "price_per_unit": "143",
        "price_unit": "G"
      },
      {
        "state": "NT",
        "price": "2000",
        "price_per_unit": "143",
        "price_unit": "G"
      }
    ]
  },
  {
    "source_url": "https://www.woolworths.com.au/shop/productdetails/205033/purina-one-urinary-care-with-chicken-1-years-dry-cat-food",
    "name": "Purina One Urinary Care With Chicken 1+ Years Dry Cat Food 2.8kg",
    "image_url": "https://cdn1.woolworths.media/content/wowproductimages/large/205033.jpg",
    "source_id": "Woolworths - 205033",
    "barcode": "9300605141681",
    "category_id": "1_61D6FEB",
    "shop": "Woolworths",
    "weight": "100G",
    "prices": [
      {
        "state": "NSW",
        "price": "3200",
        "price_per_unit": "114",
        "price_unit": "G"
      },
      {
        "state": "VIC",
        "price": "3200",
        "price_per_unit": "114",
        "price_unit": "G"
      },
      {
        "state": "QLD",
        "price": "3200",
        "price_per_unit": "114",
        "price_unit": "G"
      },
      {
        "state": "WA",
        "price": "3200",
        "price_per_unit": "114",
        "price_unit": "G"
      },
      {
        "state": "SA",
        "price": "3200",
        "price_per_unit": "114",
        "price_unit": "G"
      },
      {
        "state": "TAS",
        "price": "3200",
        "price_per_unit": "114",
        "price_unit": "G"
      },
      {
        "state": "ACT",
        "price": "3200",
        "price_per_unit": "114",
        "price_unit": "G"
      },
      {
        "state": "NT",
        "price": "3200",
        "price_per_unit": "114",
        "price_unit": "G"
      }
    ]
  },
  {
    "source_url": "https://www.woolworths.com.au/shop/productdetails/481065/smitten-cat-food-beef-lamb-vegetables",
    "name": "Smitten Cat Food Beef Lamb & Vegetables 1kg",
    "image_url": "https://cdn1.woolworths.media/content/wowproductimages/large/481065.jpg",
    "source_id": "Woolworths - 481065",
    "barcode": "9300633553852",
    "category_id": "1_61D6FEB",
    "shop": "Woolworths",
    "weight": "100G",
    "prices": [
      {
        "state": "NSW",
        "price": "525",
        "price_per_unit": "53",
        "price_unit": "G"
      },
      {
        "state": "VIC",
        "price": "525",
        "price_per_unit": "53",
        "price_unit": "G"
      },
      {
        "state": "QLD",
        "price": "525",
        "price_per_unit": "53",
        "price_unit": "G"
      },
      {
        "state": "WA",
        "price": "525",
        "price_per_unit": "53",
        "price_unit": "G"
      },
      {
        "state": "SA",
        "price": "525",
        "price_per_unit": "53",
        "price_unit": "G"
      },
      {
        "state": "TAS",
        "price": "525",
        "price_per_unit": "53",
        "price_unit": "G"
      },
      {
        "state": "ACT",
        "price": "525",
        "price_per_unit": "53",
        "price_unit": "G"
      },
      {
        "state": "NT",
        "price": "525",
        "price_per_unit": "53",
        "price_unit": "G"
      }
    ]
  },
  {
    "source_url": "https://www.woolworths.com.au/shop/productdetails/481088/smitten-kitten-food-chicken-tuna",
    "name": "Smitten Kitten Food Chicken & Tuna 1kg",
    "image_url": "https://cdn1.woolworths.media/content/wowproductimages/large/481088.jpg",
    "source_id": "Woolworths - 481088",
    "barcode": "9300633553821",
    "category_id": "1_61D6FEB",
    "shop": "Woolworths",
    "weight": "100G",
    "prices": [
      {
        "state": "NSW",
        "price": "525",
        "price_per_unit": "53",
        "price_unit": "G"
      },
      {
        "state": "VIC",
        "price": "525",
        "price_per_unit": "53",
        "price_unit": "G"
      },
      {
        "state": "QLD",
        "price": "525",
        "price_per_unit": "53",
        "price_unit": "G"
      },
      {
        "state": "WA",
        "price": "525",
        "price_per_unit": "53",
        "price_unit": "G"
      },
      {
        "state": "SA",
        "price": "525",
        "price_per_unit": "53",
        "price_unit": "G"
      },
      {
        "state": "TAS",
        "price": "525",
        "price_per_unit": "53",
        "price_unit": "G"
      },
      {
        "state": "NT",
        "price": "525",
        "price_per_unit": "53",
        "price_unit": "G"
      }
    ]
  },
  {
    "source_url": "https://www.woolworths.com.au/shop/productdetails/141132/whiskas-adult-1-years-dry-cat-food-beef-lamb-flavours",
    "name": "Whiskas Adult 1+ Years Dry Cat Food Beef & Lamb Flavours 1.8kg",
    "image_url": "https://cdn1.woolworths.media/content/wowproductimages/large/141132.jpg",
    "source_id": "Woolworths - 141132",
    "barcode": "9334214054742",
    "category_id": "1_61D6FEB",
    "shop": "Woolworths",
    "weight": "100G",
    "prices": [
      {
        "state": "NSW",
        "price": "1100",
        "price_per_unit": "61",
        "price_unit": "G"
      },
      {
        "state": "VIC",
        "price": "1100",
        "price_per_unit": "61",
        "price_unit": "G"
      },
      {
        "state": "WA",
        "price": "1100",
        "price_per_unit": "61",
        "price_unit": "G"
      },
      {
        "state": "SA",
        "price": "1100",
        "price_per_unit": "61",
        "price_unit": "G"
      },
      {
        "state": "TAS",
        "price": "1100",
        "price_per_unit": "61",
        "price_unit": "G"
      },
      {
        "state": "ACT",
        "price": "1100",
        "price_per_unit": "61",
        "price_unit": "G"
      },
      {
        "state": "NT",
        "price": "1100",
        "price_per_unit": "61",
        "price_unit": "G"
      }
    ]
  },
  {
    "source_url": "https://www.woolworths.com.au/shop/productdetails/118657/whiskas-adult-1-years-dry-cat-food-chicken-rabbit-flavours",
    "name": "Whiskas Adult 1+ Years Dry Cat Food Chicken & Rabbit Flavours 800g",
    "image_url": "https://cdn1.woolworths.media/content/wowproductimages/large/118657.jpg",
    "source_id": "Woolworths - 118657",
    "barcode": "9334214054827",
    "category_id": "1_61D6FEB",
    "shop": "Woolworths",
    "weight": "100G",
    "prices": [
      {
        "state": "NSW",
        "price": "700",
        "price_per_unit": "88",
        "price_unit": "G"
      },
      {
        "state": "VIC",
        "price": "700",
        "price_per_unit": "88",
        "price_unit": "G"
      },
      {
        "state": "QLD",
        "price": "700",
        "price_per_unit": "88",
        "price_unit": "G"
      },
      {
        "state": "WA",
        "price": "700",
        "price_per_unit": "88",
        "price_unit": "G"
      },
      {
        "state": "SA",
        "price": "700",
        "price_per_unit": "88",
        "price_unit": "G"
      },
      {
        "state": "TAS",
        "price": "700",
        "price_per_unit": "88",
        "price_unit": "G"
      },
      {
        "state": "ACT",
        "price": "700",
        "price_per_unit": "88",
        "price_unit": "G"
      },
      {
        "state": "NT",
        "price": "700",
        "price_per_unit": "88",
        "price_unit": "G"
      }
    ]
  },
  {
    "source_url": "https://www.woolworths.com.au/shop/productdetails/119332/whiskas-adult-1-years-dry-cat-food-chicken-turkey-flavour",
    "name": "Whiskas Adult 1+ Years Dry Cat Food Chicken & Turkey Flavour 1.8kg",
    "image_url": "https://cdn1.woolworths.media/content/wowproductimages/large/119332.jpg",
    "source_id": "Woolworths - 119332",
    "barcode": "9334214054728",
    "category_id": "1_61D6FEB",
    "shop": "Woolworths",
    "weight": "100G",
    "prices": [
      {
        "state": "NSW",
        "price": "1100",
        "price_per_unit": "61",
        "price_unit": "G"
      },
      {
        "state": "VIC",
        "price": "1100",
        "price_per_unit": "61",
        "price_unit": "G"
      },
      {
        "state": "WA",
        "price": "1100",
        "price_per_unit": "61",
        "price_unit": "G"
      },
      {
        "state": "SA",
        "price": "1100",
        "price_per_unit": "61",
        "price_unit": "G"
      },
      {
        "state": "TAS",
        "price": "1100",
        "price_per_unit": "61",
        "price_unit": "G"
      },
      {
        "state": "ACT",
        "price": "1100",
        "price_per_unit": "61",
        "price_unit": "G"
      },
      {
        "state": "NT",
        "price": "1100",
        "price_per_unit": "61",
        "price_unit": "G"
      }
    ]
  },
  {
    "source_url": "https://www.woolworths.com.au/shop/productdetails/118726/whiskas-adult-1-years-dry-cat-food-sardine-prawn-flavour",
    "name": "Whiskas Adult 1+ Years Dry Cat Food Sardine & Prawn Flavour 1.8kg",
    "image_url": "https://cdn1.woolworths.media/content/wowproductimages/large/118726.jpg",
    "source_id": "Woolworths - 118726",
    "barcode": "9334214054704",
    "category_id": "1_61D6FEB",
    "shop": "Woolworths",
    "weight": "100G",
    "prices": [
      {
        "state": "NSW",
        "price": "1100",
        "price_per_unit": "61",
        "price_unit": "G"
      },
      {
        "state": "VIC",
        "price": "1100",
        "price_per_unit": "61",
        "price_unit": "G"
      },
      {
        "state": "WA",
        "price": "1100",
        "price_per_unit": "61",
        "price_unit": "G"
      },
      {
        "state": "SA",
        "price": "1100",
        "price_per_unit": "61",
        "price_unit": "G"
      },
      {
        "state": "TAS",
        "price": "1100",
        "price_per_unit": "61",
        "price_unit": "G"
      },
      {
        "state": "ACT",
        "price": "1100",
        "price_per_unit": "61",
        "price_unit": "G"
      },
      {
        "state": "NT",
        "price": "1100",
        "price_per_unit": "61",
        "price_unit": "G"
      }
    ]
  },
  {
    "source_url": "https://www.woolworths.com.au/shop/productdetails/140867/whiskas-kitten-2-12-months-dry-cat-food-chicken-tuna-flavours",
    "name": "Whiskas Kitten 2-12 Months Dry Cat Food Chicken & Tuna Flavours 800g",
    "image_url": "https://cdn1.woolworths.media/content/wowproductimages/large/140867.jpg",
    "source_id": "Woolworths - 140867",
    "barcode": "9334214054780",
    "category_id": "1_61D6FEB",
    "shop": "Woolworths",
    "weight": "100G",
    "prices": [
      {
        "state": "NSW",
        "price": "700",
        "price_per_unit": "88",
        "price_unit": "G"
      },
      {
        "state": "VIC",
        "price": "700",
        "price_per_unit": "88",
        "price_unit": "G"
      },
      {
        "state": "WA",
        "price": "700",
        "price_per_unit": "88",
        "price_unit": "G"
      },
      {
        "state": "SA",
        "price": "700",
        "price_per_unit": "88",
        "price_unit": "G"
      },
      {
        "state": "TAS",
        "price": "700",
        "price_per_unit": "88",
        "price_unit": "G"
      },
      {
        "state": "ACT",
        "price": "700",
        "price_per_unit": "88",
        "price_unit": "G"
      },
      {
        "state": "NT",
        "price": "700",
        "price_per_unit": "88",
        "price_unit": "G"
      }
    ]
  },
  {
    "source_url": "https://www.woolworths.com.au/shop/productdetails/141055/whiskas-senior-7-years-dry-cat-food-tuna-sardine-flavours",
    "name": "Whiskas Senior 7+ Years Dry Cat Food Tuna & Sardine Flavours 1.8kg",
    "image_url": "https://cdn1.woolworths.media/content/wowproductimages/large/141055.jpg",
    "source_id": "Woolworths - 141055",
    "barcode": "9334214057736",
    "category_id": "1_61D6FEB",
    "shop": "Woolworths",
    "weight": "100G",
    "prices": [
      {
        "state": "NSW",
        "price": "1100",
        "price_per_unit": "61",
        "price_unit": "G"
      },
      {
        "state": "VIC",
        "price": "1100",
        "price_per_unit": "61",
        "price_unit": "G"
      },
      {
        "state": "WA",
        "price": "1100",
        "price_per_unit": "61",
        "price_unit": "G"
      },
      {
        "state": "SA",
        "price": "1100",
        "price_per_unit": "61",
        "price_unit": "G"
      },
      {
        "state": "TAS",
        "price": "1100",
        "price_per_unit": "61",
        "price_unit": "G"
      },
      {
        "state": "ACT",
        "price": "1100",
        "price_per_unit": "61",
        "price_unit": "G"
      },
      {
        "state": "NT",
        "price": "1100",
        "price_per_unit": "61",
        "price_unit": "G"
      }
    ]
  },
  {
    "source_url": "https://www.woolworths.com.au/shop/productdetails/694915/fancy-feast-adult-beef-salmon-cheese-flavour-dry-cat-food",
    "name": "Fancy Feast Adult Beef, Salmon & Cheese Flavour Dry Cat Food 1.4kg",
    "image_url": "https://cdn1.woolworths.media/content/wowproductimages/large/694915.jpg",
    "source_id": "Woolworths - 694915",
    "barcode": "9300605122666",
    "category_id": "1_61D6FEB",
    "shop": "Woolworths",
    "weight": "100G",
    "prices": [
      {
        "state": "VIC",
        "price": "1470",
        "price_per_unit": "105",
        "price_unit": "G"
      },
      {
        "state": "QLD",
        "price": "1470",
        "price_per_unit": "105",
        "price_unit": "G"
      },
      {
        "state": "WA",
        "price": "1470",
        "price_per_unit": "105",
        "price_unit": "G"
      },
      {
        "state": "SA",
        "price": "1470",
        "price_per_unit": "105",
        "price_unit": "G"
      },
      {
        "state": "TAS",
        "price": "1470",
        "price_per_unit": "105",
        "price_unit": "G"
      },
      {
        "state": "ACT",
        "price": "1470",
        "price_per_unit": "105",
        "price_unit": "G"
      },
      {
        "state": "NT",
        "price": "1470",
        "price_per_unit": "105",
        "price_unit": "G"
      }
    ]
  },
  {
    "source_url": "https://www.woolworths.com.au/shop/productdetails/348962/fancy-feast-adult-chicken-turkey-vege-flavour-dry-cat-food",
    "name": "Fancy Feast Adult Chicken, Turkey & Vege Flavour Dry Cat Food 450g",
    "image_url": "https://cdn1.woolworths.media/content/wowproductimages/large/348962.jpg",
    "source_id": "Woolworths - 348962",
    "barcode": "9300605056497",
    "category_id": "1_61D6FEB",
    "shop": "Woolworths",
    "weight": "100G",
    "prices": [
      {
        "state": "VIC",
        "price": "700",
        "price_per_unit": "156",
        "price_unit": "G"
      },
      {
        "state": "QLD",
        "price": "700",
        "price_per_unit": "156",
        "price_unit": "G"
      },
      {
        "state": "WA",
        "price": "700",
        "price_per_unit": "156",
        "price_unit": "G"
      },
      {
        "state": "SA",
        "price": "700",
        "price_per_unit": "156",
        "price_unit": "G"
      },
      {
        "state": "TAS",
        "price": "700",
        "price_per_unit": "156",
        "price_unit": "G"
      },
      {
        "state": "ACT",
        "price": "700",
        "price_per_unit": "156",
        "price_unit": "G"
      },
      {
        "state": "NT",
        "price": "700",
        "price_per_unit": "156",
        "price_unit": "G"
      }
    ]
  },
  {
    "source_url": "https://www.woolworths.com.au/shop/productdetails/624760/friskies-adult-7-dry-cat-food-adult",
    "name": "Friskies Adult 7 Dry Cat Food Adult 1kg",
    "image_url": "https://cdn1.woolworths.media/content/wowproductimages/large/624760.jpg",
    "source_id": "Woolworths - 624760",
    "barcode": "9300605115569",
    "category_id": "1_61D6FEB",
    "shop": "Woolworths",
    "weight": "100G",
    "prices": [
      {
        "state": "VIC",
        "price": "800",
        "price_per_unit": "80",
        "price_unit": "G"
      },
      {
        "state": "QLD",
        "price": "800",
        "price_per_unit": "80",
        "price_unit": "G"
      },
      {
        "state": "WA",
        "price": "800",
        "price_per_unit": "80",
        "price_unit": "G"
      },
      {
        "state": "SA",
        "price": "800",
        "price_per_unit": "80",
        "price_unit": "G"
      },
      {
        "state": "TAS",
        "price": "800",
        "price_per_unit": "80",
        "price_unit": "G"
      },
      {
        "state": "ACT",
        "price": "800",
        "price_per_unit": "80",
        "price_unit": "G"
      },
      {
        "state": "NT",
        "price": "800",
        "price_per_unit": "80",
        "price_unit": "G"
      }
    ]
  },
  {
    "source_url": "https://www.woolworths.com.au/shop/productdetails/807518/friskies-adult-7-dry-cat-food-adult-cat-food",
    "name": "Friskies Adult 7 Dry Cat Food Adult Cat Food 2.5kg",
    "image_url": "https://cdn1.woolworths.media/content/wowproductimages/large/807518.jpg",
    "source_id": "Woolworths - 807518",
    "barcode": "9300605122970",
    "category_id": "1_61D6FEB",
    "shop": "Woolworths",
    "weight": "100G",
    "prices": [
      {
        "state": "VIC",
        "price": "1550",
        "price_per_unit": "62",
        "price_unit": "G"
      },
      {
        "state": "WA",
        "price": "1550",
        "price_per_unit": "62",
        "price_unit": "G"
      },
      {
        "state": "SA",
        "price": "1550",
        "price_per_unit": "62",
        "price_unit": "G"
      },
      {
        "state": "TAS",
        "price": "1550",
        "price_per_unit": "62",
        "price_unit": "G"
      },
      {
        "state": "ACT",
        "price": "1550",
        "price_per_unit": "62",
        "price_unit": "G"
      },
      {
        "state": "NT",
        "price": "1550",
        "price_per_unit": "62",
        "price_unit": "G"
      }
    ]
  },
  {
    "source_url": "https://www.woolworths.com.au/shop/productdetails/847697/friskies-adult-meaty-grills-dry-cat-food",
    "name": "Friskies Adult Meaty Grills Dry Cat Food 1kg",
    "image_url": "https://cdn1.woolworths.media/content/wowproductimages/large/847697.jpg",
    "source_id": "Woolworths - 847697",
    "barcode": "9300605109964",
    "category_id": "1_61D6FEB",
    "shop": "Woolworths",
    "weight": "100G",
    "prices": [
      {
        "state": "VIC",
        "price": "800",
        "price_per_unit": "80",
        "price_unit": "G"
      },
      {
        "state": "WA",
        "price": "800",
        "price_per_unit": "80",
        "price_unit": "G"
      },
      {
        "state": "SA",
        "price": "800",
        "price_per_unit": "80",
        "price_unit": "G"
      },
      {
        "state": "TAS",
        "price": "800",
        "price_per_unit": "80",
        "price_unit": "G"
      },
      {
        "state": "ACT",
        "price": "800",
        "price_per_unit": "80",
        "price_unit": "G"
      },
      {
        "state": "NT",
        "price": "800",
        "price_per_unit": "80",
        "price_unit": "G"
      }
    ]
  },
  {
    "source_url": "https://www.woolworths.com.au/shop/productdetails/867016/friskies-adult-meaty-grills-dry-cat-food",
    "name": "Friskies Adult Meaty Grills Dry Cat Food 2.5kg",
    "image_url": "https://cdn1.woolworths.media/content/wowproductimages/large/867016.jpg",
    "source_id": "Woolworths - 867016",
    "barcode": "9300605102309",
    "category_id": "1_61D6FEB",
    "shop": "Woolworths",
    "weight": "100G",
    "prices": [
      {
        "state": "VIC",
        "price": "1550",
        "price_per_unit": "62",
        "price_unit": "G"
      },
      {
        "state": "WA",
        "price": "1550",
        "price_per_unit": "62",
        "price_unit": "G"
      },
      {
        "state": "SA",
        "price": "1550",
        "price_per_unit": "62",
        "price_unit": "G"
      },
      {
        "state": "TAS",
        "price": "1550",
        "price_per_unit": "62",
        "price_unit": "G"
      },
      {
        "state": "ACT",
        "price": "1550",
        "price_per_unit": "62",
        "price_unit": "G"
      },
      {
        "state": "NT",
        "price": "1550",
        "price_per_unit": "62",
        "price_unit": "G"
      }
    ]
  },
  {
    "source_url": "https://www.woolworths.com.au/shop/productdetails/847710/friskies-adult-seafood-sensations-dry-cat-food",
    "name": "Friskies Adult Seafood Sensations Dry Cat Food 1kg",
    "image_url": "https://cdn1.woolworths.media/content/wowproductimages/large/847710.jpg",
    "source_id": "Woolworths - 847710",
    "barcode": "9300605109988",
    "category_id": "1_61D6FEB",
    "shop": "Woolworths",
    "weight": "100G",
    "prices": [
      {
        "state": "VIC",
        "price": "800",
        "price_per_unit": "80",
        "price_unit": "G"
      },
      {
        "state": "QLD",
        "price": "800",
        "price_per_unit": "80",
        "price_unit": "G"
      },
      {
        "state": "WA",
        "price": "800",
        "price_per_unit": "80",
        "price_unit": "G"
      },
      {
        "state": "SA",
        "price": "800",
        "price_per_unit": "80",
        "price_unit": "G"
      },
      {
        "state": "TAS",
        "price": "800",
        "price_per_unit": "80",
        "price_unit": "G"
      },
      {
        "state": "ACT",
        "price": "800",
        "price_per_unit": "80",
        "price_unit": "G"
      },
      {
        "state": "NT",
        "price": "800",
        "price_per_unit": "80",
        "price_unit": "G"
      }
    ]
  },
  {
    "source_url": "https://www.woolworths.com.au/shop/productdetails/847745/friskies-adult-seafood-sensations-dry-cat-food",
    "name": "Friskies Adult Seafood Sensations Dry Cat Food 2.5kg",
    "image_url": "https://cdn1.woolworths.media/content/wowproductimages/large/847745.jpg",
    "source_id": "Woolworths - 847745",
    "barcode": "9300605102293",
    "category_id": "1_61D6FEB",
    "shop": "Woolworths",
    "weight": "100G",
    "prices": [
      {
        "state": "VIC",
        "price": "1550",
        "price_per_unit": "62",
        "price_unit": "G"
      },
      {
        "state": "WA",
        "price": "1550",
        "price_per_unit": "62",
        "price_unit": "G"
      },
      {
        "state": "SA",
        "price": "1550",
        "price_per_unit": "62",
        "price_unit": "G"
      },
      {
        "state": "TAS",
        "price": "1550",
        "price_per_unit": "62",
        "price_unit": "G"
      },
      {
        "state": "ACT",
        "price": "1550",
        "price_per_unit": "62",
        "price_unit": "G"
      },
      {
        "state": "NT",
        "price": "1550",
        "price_per_unit": "62",
        "price_unit": "G"
      }
    ]
  },
  {
    "source_url": "https://www.woolworths.com.au/shop/productdetails/847787/friskies-kitten-kitten-discoveries-dry-cat-food",
    "name": "Friskies Kitten Kitten Discoveries Dry Cat Food 1kg",
    "image_url": "https://cdn1.woolworths.media/content/wowproductimages/large/847787.jpg",
    "source_id": "Woolworths - 847787",
    "barcode": "9300605109926",
    "category_id": "1_61D6FEB",
    "shop": "Woolworths",
    "weight": "100G",
    "prices": [
      {
        "state": "VIC",
        "price": "800",
        "price_per_unit": "80",
        "price_unit": "G"
      },
      {
        "state": "WA",
        "price": "800",
        "price_per_unit": "80",
        "price_unit": "G"
      },
      {
        "state": "SA",
        "price": "800",
        "price_per_unit": "80",
        "price_unit": "G"
      },
      {
        "state": "TAS",
        "price": "800",
        "price_per_unit": "80",
        "price_unit": "G"
      },
      {
        "state": "ACT",
        "price": "800",
        "price_per_unit": "80",
        "price_unit": "G"
      },
      {
        "state": "NT",
        "price": "800",
        "price_per_unit": "80",
        "price_unit": "G"
      }
    ]
  },
  {
    "source_url": "https://www.woolworths.com.au/shop/productdetails/726144/fussy-cat-grain-free-adult-dry-cat-food-beef-kangaroo-sweet-potato",
    "name": "Fussy Cat Grain Free Adult Dry Cat Food Beef & Kangaroo & Sweet Potato 500g",
    "image_url": "https://cdn1.woolworths.media/content/wowproductimages/large/726144.jpg",
    "source_id": "Woolworths - 726144",
    "barcode": "9319185057541",
    "category_id": "1_61D6FEB",
    "shop": "Woolworths",
    "weight": "100G",
    "prices": [
      {
        "state": "VIC",
        "price": "650",
        "price_per_unit": "130",
        "price_unit": "G"
      },
      {
        "state": "WA",
        "price": "650",
        "price_per_unit": "130",
        "price_unit": "G"
      },
      {
        "state": "SA",
        "price": "650",
        "price_per_unit": "130",
        "price_unit": "G"
      },
      {
        "state": "TAS",
        "price": "650",
        "price_per_unit": "130",
        "price_unit": "G"
      },
      {
        "state": "ACT",
        "price": "650",
        "price_per_unit": "130",
        "price_unit": "G"
      },
      {
        "state": "NT",
        "price": "650",
        "price_per_unit": "130",
        "price_unit": "G"
      }
    ]
  },
  {
    "source_url": "https://www.woolworths.com.au/shop/productdetails/137920/fussy-cat-grain-free-adult-dry-cat-food-chicken-oceanfish-indoor-cat",
    "name": "Fussy Cat Grain Free Adult Dry Cat Food Chicken & Oceanfish Indoor Cat 500g",
    "image_url": "https://cdn1.woolworths.media/content/wowproductimages/large/137920.jpg",
    "source_id": "Woolworths - 137920",
    "barcode": "9319185004064",
    "category_id": "1_61D6FEB",
    "shop": "Woolworths",
    "weight": "100G",
    "prices": [
      {
        "state": "VIC",
        "price": "650",
        "price_per_unit": "130",
        "price_unit": "G"
      },
      {
        "state": "WA",
        "price": "650",
        "price_per_unit": "130",
        "price_unit": "G"
      },
      {
        "state": "SA",
        "price": "650",
        "price_per_unit": "130",
        "price_unit": "G"
      },
      {
        "state": "TAS",
        "price": "650",
        "price_per_unit": "130",
        "price_unit": "G"
      },
      {
        "state": "ACT",
        "price": "650",
        "price_per_unit": "130",
        "price_unit": "G"
      },
      {
        "state": "NT",
        "price": "650",
        "price_per_unit": "130",
        "price_unit": "G"
      }
    ]
  },
  {
    "source_url": "https://www.woolworths.com.au/shop/productdetails/382206/fussy-cat-grain-free-adult-dry-cat-food-chicken-turkey-with-cranberry",
    "name": "Fussy Cat Grain Free Adult Dry Cat Food Chicken &Turkey With Cranberry 500g",
    "image_url": "https://cdn1.woolworths.media/content/wowproductimages/large/382206.jpg",
    "source_id": "Woolworths - 382206",
    "barcode": "9319185057749",
    "category_id": "1_61D6FEB",
    "shop": "Woolworths",
    "weight": "100G",
    "prices": [
      {
        "state": "VIC",
        "price": "650",
        "price_per_unit": "130",
        "price_unit": "G"
      },
      {
        "state": "WA",
        "price": "650",
        "price_per_unit": "130",
        "price_unit": "G"
      },
      {
        "state": "SA",
        "price": "650",
        "price_per_unit": "130",
        "price_unit": "G"
      },
      {
        "state": "TAS",
        "price": "650",
        "price_per_unit": "130",
        "price_unit": "G"
      },
      {
        "state": "ACT",
        "price": "650",
        "price_per_unit": "130",
        "price_unit": "G"
      },
      {
        "state": "NT",
        "price": "650",
        "price_per_unit": "130",
        "price_unit": "G"
      }
    ]
  },
  {
    "source_url": "https://www.woolworths.com.au/shop/productdetails/382205/fussy-cat-grain-free-adult-dry-cat-food-salmon-whitefish-olive-oil",
    "name": "Fussy Cat Grain Free Adult Dry Cat Food Salmon Whitefish & Olive Oil 500g",
    "image_url": "https://cdn1.woolworths.media/content/wowproductimages/large/382205.jpg",
    "source_id": "Woolworths - 382205",
    "barcode": "9319185057961",
    "category_id": "1_61D6FEB",
    "shop": "Woolworths",
    "weight": "100G",
    "prices": [
      {
        "state": "VIC",
        "price": "650",
        "price_per_unit": "130",
        "price_unit": "G"
      },
      {
        "state": "QLD",
        "price": "650",
        "price_per_unit": "130",
        "price_unit": "G"
      },
      {
        "state": "WA",
        "price": "650",
        "price_per_unit": "130",
        "price_unit": "G"
      },
      {
        "state": "SA",
        "price": "650",
        "price_per_unit": "130",
        "price_unit": "G"
      },
      {
        "state": "TAS",
        "price": "650",
        "price_per_unit": "130",
        "price_unit": "G"
      },
      {
        "state": "ACT",
        "price": "650",
        "price_per_unit": "130",
        "price_unit": "G"
      },
      {
        "state": "NT",
        "price": "650",
        "price_per_unit": "130",
        "price_unit": "G"
      }
    ]
  },
  {
    "source_url": "https://www.woolworths.com.au/shop/productdetails/66085/fussy-cat-grain-free-kitten-dry-cat-food-chicken-with-vegetables",
    "name": "Fussy Cat Grain Free Kitten Dry Cat Food Chicken With Vegetables 450g",
    "image_url": "https://cdn1.woolworths.media/content/wowproductimages/large/066085.jpg",
    "source_id": "Woolworths - 66085",
    "barcode": "9319185002923",
    "category_id": "1_61D6FEB",
    "shop": "Woolworths",
    "weight": "100G",
    "prices": [
      {
        "state": "VIC",
        "price": "650",
        "price_per_unit": "144",
        "price_unit": "G"
      },
      {
        "state": "WA",
        "price": "650",
        "price_per_unit": "144",
        "price_unit": "G"
      },
      {
        "state": "SA",
        "price": "650",
        "price_per_unit": "144",
        "price_unit": "G"
      },
      {
        "state": "TAS",
        "price": "650",
        "price_per_unit": "144",
        "price_unit": "G"
      },
      {
        "state": "ACT",
        "price": "650",
        "price_per_unit": "144",
        "price_unit": "G"
      },
      {
        "state": "NT",
        "price": "650",
        "price_per_unit": "144",
        "price_unit": "G"
      }
    ]
  },
  {
    "source_url": "https://www.woolworths.com.au/shop/productdetails/694885/optimum-adult-1-furball-dry-cat-food-with-chicken",
    "name": "Optimum Adult +1 Furball Dry Cat Food with Chicken 800g",
    "image_url": "https://cdn1.woolworths.media/content/wowproductimages/large/694885.jpg",
    "source_id": "Woolworths - 694885",
    "barcode": "9334214044804",
    "category_id": "1_61D6FEB",
    "shop": "Woolworths",
    "weight": "100G",
    "prices": [
      {
        "state": "VIC",
        "price": "1000",
        "price_per_unit": "125",
        "price_unit": "G"
      },
      {
        "state": "WA",
        "price": "1000",
        "price_per_unit": "125",
        "price_unit": "G"
      },
      {
        "state": "SA",
        "price": "1000",
        "price_per_unit": "125",
        "price_unit": "G"
      },
      {
        "state": "TAS",
        "price": "1000",
        "price_per_unit": "125",
        "price_unit": "G"
      },
      {
        "state": "ACT",
        "price": "1000",
        "price_per_unit": "125",
        "price_unit": "G"
      },
      {
        "state": "NT",
        "price": "1000",
        "price_per_unit": "125",
        "price_unit": "G"
      }
    ]
  },
  {
    "source_url": "https://www.woolworths.com.au/shop/productdetails/239743/optimum-cat-food-oral-care-dry",
    "name": "Optimum Cat Food Oral Care Dry 2kg",
    "image_url": "https://cdn1.woolworths.media/content/wowproductimages/large/239743.jpg",
    "source_id": "Woolworths - 239743",
    "barcode": "9334214060767",
    "category_id": "1_61D6FEB",
    "shop": "Woolworths",
    "weight": "100G",
    "prices": [
      {
        "state": "VIC",
        "price": "2500",
        "price_per_unit": "125",
        "price_unit": "G"
      },
      {
        "state": "QLD",
        "price": "2500",
        "price_per_unit": "125",
        "price_unit": "G"
      },
      {
        "state": "WA",
        "price": "2500",
        "price_per_unit": "125",
        "price_unit": "G"
      },
      {
        "state": "SA",
        "price": "2500",
        "price_per_unit": "125",
        "price_unit": "G"
      },
      {
        "state": "TAS",
        "price": "2500",
        "price_per_unit": "125",
        "price_unit": "G"
      },
      {
        "state": "ACT",
        "price": "2500",
        "price_per_unit": "125",
        "price_unit": "G"
      },
      {
        "state": "NT",
        "price": "2500",
        "price_per_unit": "125",
        "price_unit": "G"
      }
    ]
  },
  {
    "source_url": "https://www.woolworths.com.au/shop/productdetails/694873/optimum-kitten-2-12-months-dry-cat-food-with-chicken",
    "name": "Optimum Kitten 2-12 months Dry Cat Food with Chicken 800g",
    "image_url": "https://cdn1.woolworths.media/content/wowproductimages/large/694873.jpg",
    "source_id": "Woolworths - 694873",
    "barcode": "9334214044842",
    "category_id": "1_61D6FEB",
    "shop": "Woolworths",
    "weight": "100G",
    "prices": [
      {
        "state": "VIC",
        "price": "1000",
        "price_per_unit": "125",
        "price_unit": "G"
      },
      {
        "state": "WA",
        "price": "1000",
        "price_per_unit": "125",
        "price_unit": "G"
      },
      {
        "state": "SA",
        "price": "1000",
        "price_per_unit": "125",
        "price_unit": "G"
      },
      {
        "state": "TAS",
        "price": "1000",
        "price_per_unit": "125",
        "price_unit": "G"
      },
      {
        "state": "ACT",
        "price": "1000",
        "price_per_unit": "125",
        "price_unit": "G"
      },
      {
        "state": "NT",
        "price": "1000",
        "price_per_unit": "125",
        "price_unit": "G"
      }
    ]
  },
  {
    "source_url": "https://www.woolworths.com.au/shop/productdetails/199047/purina-one-coat-hairball-with-chicken-1-years",
    "name": "Purina One Coat & Hairball With Chicken 1+ Years 1.4kg",
    "image_url": "https://cdn1.woolworths.media/content/wowproductimages/large/199047.jpg",
    "source_id": "Woolworths - 199047",
    "barcode": "9300605140899",
    "category_id": "1_61D6FEB",
    "shop": "Woolworths",
    "weight": "100G",
    "prices": [
      {
        "state": "VIC",
        "price": "2000",
        "price_per_unit": "143",
        "price_unit": "G"
      },
      {
        "state": "QLD",
        "price": "2000",
        "price_per_unit": "143",
        "price_unit": "G"
      },
      {
        "state": "WA",
        "price": "2000",
        "price_per_unit": "143",
        "price_unit": "G"
      },
      {
        "state": "SA",
        "price": "2000",
        "price_per_unit": "143",
        "price_unit": "G"
      },
      {
        "state": "TAS",
        "price": "2000",
        "price_per_unit": "143",
        "price_unit": "G"
      },
      {
        "state": "ACT",
        "price": "2000",
        "price_per_unit": "143",
        "price_unit": "G"
      },
      {
        "state": "NT",
        "price": "2000",
        "price_per_unit": "143",
        "price_unit": "G"
      }
    ]
  },
  {
    "source_url": "https://www.woolworths.com.au/shop/productdetails/198811/purina-one-healthy-adult-with-salmon-tuna-1-years-dry-cat-food",
    "name": "Purina One Healthy Adult With Salmon & Tuna 1+ Years Dry Cat Food 1.5kg",
    "image_url": "https://cdn1.woolworths.media/content/wowproductimages/large/198811.jpg",
    "source_id": "Woolworths - 198811",
    "barcode": "9300605141353",
    "category_id": "1_61D6FEB",
    "shop": "Woolworths",
    "weight": "100G",
    "prices": [
      {
        "state": "VIC",
        "price": "2000",
        "price_per_unit": "133",
        "price_unit": "G"
      },
      {
        "state": "QLD",
        "price": "2000",
        "price_per_unit": "133",
        "price_unit": "G"
      },
      {
        "state": "WA",
        "price": "2000",
        "price_per_unit": "133",
        "price_unit": "G"
      },
      {
        "state": "SA",
        "price": "2000",
        "price_per_unit": "133",
        "price_unit": "G"
      },
      {
        "state": "TAS",
        "price": "2000",
        "price_per_unit": "133",
        "price_unit": "G"
      },
      {
        "state": "ACT",
        "price": "2000",
        "price_per_unit": "133",
        "price_unit": "G"
      },
      {
        "state": "NT",
        "price": "2000",
        "price_per_unit": "133",
        "price_unit": "G"
      }
    ]
  },
  {
    "source_url": "https://www.woolworths.com.au/shop/productdetails/205072/purina-one-healthy-adult-with-salmon-tuna-1-years-dry-cat-food",
    "name": "Purina One Healthy Adult With Salmon & Tuna 1+ Years Dry Cat Food 3kg",
    "image_url": "https://cdn1.woolworths.media/content/wowproductimages/large/205072.jpg",
    "source_id": "Woolworths - 205072",
    "barcode": "9300605141377",
    "category_id": "1_61D6FEB",
    "shop": "Woolworths",
    "weight": "100G",
    "prices": [
      {
        "state": "VIC",
        "price": "3200",
        "price_per_unit": "107",
        "price_unit": "G"
      },
      {
        "state": "WA",
        "price": "3200",
        "price_per_unit": "107",
        "price_unit": "G"
      },
      {
        "state": "SA",
        "price": "3200",
        "price_per_unit": "107",
        "price_unit": "G"
      },
      {
        "state": "TAS",
        "price": "3200",
        "price_per_unit": "107",
        "price_unit": "G"
      },
      {
        "state": "ACT",
        "price": "3200",
        "price_per_unit": "107",
        "price_unit": "G"
      },
      {
        "state": "NT",
        "price": "3200",
        "price_per_unit": "107",
        "price_unit": "G"
      }
    ]
  },
  {
    "source_url": "https://www.woolworths.com.au/shop/productdetails/199030/purina-one-healthy-kitten-with-chicken-1-12-mnth-dry-cat-food",
    "name": "Purina One Healthy Kitten With Chicken 1-12 Mnth Dry Cat Food 1.4kg",
    "image_url": "https://cdn1.woolworths.media/content/wowproductimages/large/199030.jpg",
    "source_id": "Woolworths - 199030",
    "barcode": "9300605142084",
    "category_id": "1_61D6FEB",
    "shop": "Woolworths",
    "weight": "100G",
    "prices": [
      {
        "state": "VIC",
        "price": "2000",
        "price_per_unit": "143",
        "price_unit": "G"
      },
      {
        "state": "WA",
        "price": "2000",
        "price_per_unit": "143",
        "price_unit": "G"
      },
      {
        "state": "SA",
        "price": "2000",
        "price_per_unit": "143",
        "price_unit": "G"
      },
      {
        "state": "TAS",
        "price": "2000",
        "price_per_unit": "143",
        "price_unit": "G"
      },
      {
        "state": "ACT",
        "price": "2000",
        "price_per_unit": "143",
        "price_unit": "G"
      },
      {
        "state": "NT",
        "price": "2000",
        "price_per_unit": "143",
        "price_unit": "G"
      }
    ]
  },
  {
    "source_url": "https://www.woolworths.com.au/shop/productdetails/203801/purina-one-indoor-advantage-with-chicken-1-years-dry-cat-food",
    "name": "Purina One Indoor Advantage With Chicken 1+ Years Dry Cat Food 1.4kg",
    "image_url": "https://cdn1.woolworths.media/content/wowproductimages/large/203801.jpg",
    "source_id": "Woolworths - 203801",
    "barcode": "9300605141391",
    "category_id": "1_61D6FEB",
    "shop": "Woolworths",
    "weight": "100G",
    "prices": [
      {
        "state": "VIC",
        "price": "2000",
        "price_per_unit": "143",
        "price_unit": "G"
      },
      {
        "state": "QLD",
        "price": "2000",
        "price_per_unit": "143",
        "price_unit": "G"
      },
      {
        "state": "WA",
        "price": "2000",
        "price_per_unit": "143",
        "price_unit": "G"
      },
      {
        "state": "TAS",
        "price": "2000",
        "price_per_unit": "143",
        "price_unit": "G"
      },
      {
        "state": "ACT",
        "price": "2000",
        "price_per_unit": "143",
        "price_unit": "G"
      },
      {
        "state": "NT",
        "price": "2000",
        "price_per_unit": "143",
        "price_unit": "G"
      }
    ]
  },
  {
    "source_url": "https://www.woolworths.com.au/shop/productdetails/198741/purina-one-mature-adult-with-chicken-7-years-dry-cat-food",
    "name": "Purina One Mature Adult With Chicken 7+ Years Dry Cat Food 1.4kg",
    "image_url": "https://cdn1.woolworths.media/content/wowproductimages/large/198741.jpg",
    "source_id": "Woolworths - 198741",
    "barcode": "9300605141728",
    "category_id": "1_61D6FEB",
    "shop": "Woolworths",
    "weight": "100G",
    "prices": [
      {
        "state": "VIC",
        "price": "2000",
        "price_per_unit": "143",
        "price_unit": "G"
      },
      {
        "state": "WA",
        "price": "2000",
        "price_per_unit": "143",
        "price_unit": "G"
      },
      {
        "state": "TAS",
        "price": "2000",
        "price_per_unit": "143",
        "price_unit": "G"
      },
      {
        "state": "ACT",
        "price": "2000",
        "price_per_unit": "143",
        "price_unit": "G"
      },
      {
        "state": "NT",
        "price": "2000",
        "price_per_unit": "143",
        "price_unit": "G"
      }
    ]
  },
  {
    "source_url": "https://www.woolworths.com.au/shop/productdetails/183129/smitten-dry-cat-food-chicken-flavour-mature-7-years",
    "name": "Smitten Dry Cat Food Chicken Flavour Mature 7+ Years 1kg",
    "image_url": "https://cdn1.woolworths.media/content/wowproductimages/large/183129.jpg",
    "source_id": "Woolworths - 183129",
    "barcode": "9339687276097",
    "category_id": "1_61D6FEB",
    "shop": "Woolworths",
    "weight": "100G",
    "prices": [
      {
        "state": "VIC",
        "price": "525",
        "price_per_unit": "53",
        "price_unit": "G"
      },
      {
        "state": "WA",
        "price": "525",
        "price_per_unit": "53",
        "price_unit": "G"
      },
      {
        "state": "SA",
        "price": "525",
        "price_per_unit": "53",
        "price_unit": "G"
      },
      {
        "state": "TAS",
        "price": "525",
        "price_per_unit": "53",
        "price_unit": "G"
      },
      {
        "state": "ACT",
        "price": "525",
        "price_per_unit": "53",
        "price_unit": "G"
      }
    ]
  },
  {
    "source_url": "https://www.woolworths.com.au/shop/productdetails/183128/smitten-indoor-dry-cat-food-chicken-fish-flavour-adult",
    "name": "Smitten Indoor Dry Cat Food Chicken & Fish Flavour Adult 1kg",
    "image_url": "https://cdn1.woolworths.media/content/wowproductimages/large/183128.jpg",
    "source_id": "Woolworths - 183128",
    "barcode": "9339687276080",
    "category_id": "1_61D6FEB",
    "shop": "Woolworths",
    "weight": "100G",
    "prices": [
      {
        "state": "VIC",
        "price": "525",
        "price_per_unit": "53",
        "price_unit": "G"
      },
      {
        "state": "WA",
        "price": "525",
        "price_per_unit": "53",
        "price_unit": "G"
      },
      {
        "state": "SA",
        "price": "525",
        "price_per_unit": "53",
        "price_unit": "G"
      },
      {
        "state": "TAS",
        "price": "525",
        "price_per_unit": "53",
        "price_unit": "G"
      },
      {
        "state": "ACT",
        "price": "525",
        "price_per_unit": "53",
        "price_unit": "G"
      }
    ]
  },
  {
    "source_url": "https://www.woolworths.com.au/shop/productdetails/391749/whiskas-furball-sardine-prawn-cat-food",
    "name": "Whiskas Furball Sardine & Prawn Cat Food 800g",
    "image_url": "https://cdn1.woolworths.media/content/wowproductimages/large/391749.jpg",
    "source_id": "Woolworths - 391749",
    "barcode": "9334214054902",
    "category_id": "1_61D6FEB",
    "shop": "Woolworths",
    "weight": "100G",
    "prices": [
      {
        "state": "VIC",
        "price": "700",
        "price_per_unit": "88",
        "price_unit": "G"
      },
      {
        "state": "WA",
        "price": "700",
        "price_per_unit": "88",
        "price_unit": "G"
      },
      {
        "state": "SA",
        "price": "700",
        "price_per_unit": "88",
        "price_unit": "G"
      },
      {
        "state": "TAS",
        "price": "700",
        "price_per_unit": "88",
        "price_unit": "G"
      },
      {
        "state": "ACT",
        "price": "700",
        "price_per_unit": "88",
        "price_unit": "G"
      },
      {
        "state": "NT",
        "price": "700",
        "price_per_unit": "88",
        "price_unit": "G"
      }
    ]
  }
]