[
  {
    "source_url": "https://www.woolworths.com.au/shop/productdetails/922723/fitzco-aussie-country-style-rissoles-8-pack",
    "name": "Fitzco Aussie Country Style Rissoles 8 Pack 500g",
    "image_url": "https://cdn1.woolworths.media/content/wowproductimages/large/922723.jpg",
    "source_id": "Woolworths - 922723",
    "barcode": "9316447000819",
    "shop": "Woolworths",
    "weight": "1KG",
    "prices": [
      {
        "state": "VIC",
        "price": "620",
        "price_per_unit": "1240",
        "price_unit": "KG"
      },
      {
        "state": "SA",
        "price": "620",
        "price_per_unit": "1240",
        "price_unit": "KG"
      },
      {
        "state": "ACT",
        "price": "620",
        "price_per_unit": "1240",
        "price_unit": "KG"
      },
      {
        "state": "NT",
        "price": "620",
        "price_per_unit": "1240",
        "price_unit": "KG"
      }
    ]
  },
  {
    "source_url": "https://www.woolworths.com.au/shop/productdetails/901718/macro-free-range-rspca-approved-4-chicken-zucchini-burgers",
    "name": "Macro Free Range RSPCA Approved 4 Chicken & Zucchini Burgers 500g",
    "image_url": "https://cdn1.woolworths.media/content/wowproductimages/large/901718.jpg",
    "source_id": "Woolworths - 901718",
    "barcode": "9339687384785",
    "shop": "Woolworths",
    "weight": "1KG",
    "prices": [
      {
        "state": "NSW",
        "price": "1000",
        "price_per_unit": "2000",
        "price_unit": "KG"
      },
      {
        "state": "VIC",
        "price": "1000",
        "price_per_unit": "2000",
        "price_unit": "KG"
      },
      {
        "state": "QLD",
        "price": "1000",
        "price_per_unit": "2000",
        "price_unit": "KG"
      },
      {
        "state": "WA",
        "price": "1000",
        "price_per_unit": "2000",
        "price_unit": "KG"
      },
      {
        "state": "SA",
        "price": "1000",
        "price_per_unit": "2000",
        "price_unit": "KG"
      },
      {
        "state": "TAS",
        "price": "1000",
        "price_per_unit": "2000",
        "price_unit": "KG"
      },
      null,
      {
        "state": "NT",
        "price": "1000",
        "price_per_unit": "2000",
        "price_unit": "KG"
      }
    ]
  },
  {
    "source_url": "https://www.woolworths.com.au/shop/productdetails/901716/macro-grass-fed-4-beef-burgers-patties",
    "name": "Macro Grass Fed 4 Beef Burgers 500g",
    "image_url": "https://cdn1.woolworths.media/content/wowproductimages/large/901716.jpg",
    "source_id": "Woolworths - 901716",
    "barcode": "9339687384761",
    "shop": "Woolworths",
    "weight": "1KG",
    "prices": [
      {
        "state": "NSW",
        "price": "1000",
        "price_per_unit": "2000",
        "price_unit": "KG"
      },
      {
        "state": "VIC",
        "price": "1000",
        "price_per_unit": "2000",
        "price_unit": "KG"
      },
      {
        "state": "QLD",
        "price": "1000",
        "price_per_unit": "2000",
        "price_unit": "KG"
      },
      {
        "state": "WA",
        "price": "1000",
        "price_per_unit": "2000",
        "price_unit": "KG"
      },
      {
        "state": "SA",
        "price": "1000",
        "price_per_unit": "2000",
        "price_unit": "KG"
      },
      {
        "state": "TAS",
        "price": "1000",
        "price_per_unit": "2000",
        "price_unit": "KG"
      },
      {
        "state": "ACT",
        "price": "1000",
        "price_per_unit": "2000",
        "price_unit": "KG"
      },
      {
        "state": "NT",
        "price": "1000",
        "price_per_unit": "2000",
        "price_unit": "KG"
      }
    ]
  },
  {
    "source_url": "https://www.woolworths.com.au/shop/productdetails/901717/macro-grass-fed-4-extra-lean-beef-burgers",
    "name": "Macro Grass Fed 4 Extra Lean Beef Burgers 500g",
    "image_url": "https://cdn1.woolworths.media/content/wowproductimages/large/901717.jpg",
    "source_id": "Woolworths - 901717",
    "barcode": "9339687384778",
    "shop": "Woolworths",
    "weight": "1KG",
    "prices": [
      {
        "state": "NSW",
        "price": "1000",
        "price_per_unit": "2000",
        "price_unit": "KG"
      },
      {
        "state": "VIC",
        "price": "900",
        "price_per_unit": "1800",
        "price_unit": "KG"
      },
      {
        "state": "WA",
        "price": "1000",
        "price_per_unit": "2000",
        "price_unit": "KG"
      },
      {
        "state": "SA",
        "price": "1000",
        "price_per_unit": "2000",
        "price_unit": "KG"
      },
      {
        "state": "TAS",
        "price": "1000",
        "price_per_unit": "2000",
        "price_unit": "KG"
      },
      {
        "state": "ACT",
        "price": "900",
        "price_per_unit": "1800",
        "price_unit": "KG"
      },
      {
        "state": "NT",
        "price": "1000",
        "price_per_unit": "2000",
        "price_unit": "KG"
      }
    ]
  },
  {
    "source_url": "https://www.woolworths.com.au/shop/productdetails/175566/macro-grass-fed-australian-beef-sausage",
    "name": "Macro Grass Fed Australian Beef Sausage 500g",
    "image_url": "https://cdn1.woolworths.media/content/wowproductimages/large/175566.jpg",
    "source_id": "Woolworths - 175566",
    "barcode": "9339687271115",
    "shop": "Woolworths",
    "weight": "1KG",
    "prices": [
      {
        "state": "VIC",
        "price": "800",
        "price_per_unit": "1600",
        "price_unit": "KG"
      },
      {
        "state": "QLD",
        "price": "800",
        "price_per_unit": "1600",
        "price_unit": "KG"
      },
      {
        "state": "WA",
        "price": "800",
        "price_per_unit": "1600",
        "price_unit": "KG"
      },
      {
        "state": "SA",
        "price": "800",
        "price_per_unit": "1600",
        "price_unit": "KG"
      },
      null,
      {
        "state": "ACT",
        "price": "800",
        "price_per_unit": "1600",
        "price_unit": "KG"
      },
      {
        "state": "NT",
        "price": "800",
        "price_per_unit": "1600",
        "price_unit": "KG"
      }
    ]
  },
  {
    "source_url": "https://www.woolworths.com.au/shop/productdetails/899858/market-value-10-bbq-burgers-patties-bulk-pack",
    "name": "Market Value 10 BBQ Burgers 1kg",
    "image_url": "https://cdn1.woolworths.media/content/wowproductimages/large/899858.jpg",
    "source_id": "Woolworths - 899858",
    "barcode": "9339687384655",
    "shop": "Woolworths",
    "weight": "1KG",
    "prices": [
      {
        "state": "NSW",
        "price": "1050",
        "price_per_unit": "1050",
        "price_unit": "KG"
      },
      {
        "state": "VIC",
        "price": "1050",
        "price_per_unit": "1050",
        "price_unit": "KG"
      },
      {
        "state": "QLD",
        "price": "1050",
        "price_per_unit": "1050",
        "price_unit": "KG"
      },
      {
        "state": "WA",
        "price": "1050",
        "price_per_unit": "1050",
        "price_unit": "KG"
      },
      {
        "state": "SA",
        "price": "1050",
        "price_per_unit": "1050",
        "price_unit": "KG"
      },
      {
        "state": "TAS",
        "price": "1050",
        "price_per_unit": "1050",
        "price_unit": "KG"
      },
      {
        "state": "NT",
        "price": "1050",
        "price_per_unit": "1050",
        "price_unit": "KG"
      }
    ]
  },
  {
    "source_url": "https://www.woolworths.com.au/shop/productdetails/901719/market-value-26-thin-bbq-sausages",
    "name": "Market Value 26 Thin BBQ Sausages 1.8kg",
    "image_url": "https://cdn1.woolworths.media/content/wowproductimages/large/901719.jpg",
    "source_id": "Woolworths - 901719",
    "barcode": "9339687384792",
    "shop": "Woolworths",
    "weight": "1KG",
    "prices": [
      {
        "state": "NSW",
        "price": "1100",
        "price_per_unit": "611",
        "price_unit": "KG"
      },
      {
        "state": "VIC",
        "price": "1100",
        "price_per_unit": "611",
        "price_unit": "KG"
      },
      {
        "state": "QLD",
        "price": "1100",
        "price_per_unit": "611",
        "price_unit": "KG"
      },
      {
        "state": "WA",
        "price": "1100",
        "price_per_unit": "611",
        "price_unit": "KG"
      },
      {
        "state": "SA",
        "price": "1100",
        "price_per_unit": "611",
        "price_unit": "KG"
      },
      {
        "state": "TAS",
        "price": "1100",
        "price_per_unit": "611",
        "price_unit": "KG"
      },
      {
        "state": "ACT",
        "price": "1100",
        "price_per_unit": "611",
        "price_unit": "KG"
      },
      null
    ]
  },
  {
    "source_url": "https://www.woolworths.com.au/shop/productdetails/339907/market-value-35-meatballs",
    "name": "Market Value 35 Meatballs 700g",
    "image_url": "https://cdn1.woolworths.media/content/wowproductimages/large/339907.jpg",
    "source_id": "Woolworths - 339907",
    "barcode": "9339687349241",
    "shop": "Woolworths",
    "weight": "1KG",
    "prices": [
      {
        "state": "NSW",
        "price": "1000",
        "price_per_unit": "1429",
        "price_unit": "KG"
      },
      {
        "state": "VIC",
        "price": "1000",
        "price_per_unit": "1429",
        "price_unit": "KG"
      },
      {
        "state": "WA",
        "price": "1000",
        "price_per_unit": "1429",
        "price_unit": "KG"
      },
      {
        "state": "SA",
        "price": "1000",
        "price_per_unit": "1429",
        "price_unit": "KG"
      },
      null,
      null
    ]
  },
  {
    "source_url": "https://www.woolworths.com.au/shop/productdetails/563002/market-value-bbq-pack-8-sausages-4-burgers",
    "name": "Market Value Bbq Pack 8 Sausages & 4 Burgers 1kg",
    "image_url": "https://cdn1.woolworths.media/content/wowproductimages/large/563002.jpg",
    "source_id": "Woolworths - 563002",
    "barcode": "9339687315109",
    "shop": "Woolworths",
    "weight": "1KG",
    "prices": [
      {
        "state": "VIC",
        "price": "1050",
        "price_per_unit": "1050",
        "price_unit": "KG"
      },
      {
        "state": "QLD",
        "price": "1050",
        "price_per_unit": "1050",
        "price_unit": "KG"
      },
      {
        "state": "WA",
        "price": "1050",
        "price_per_unit": "1050",
        "price_unit": "KG"
      },
      {
        "state": "SA",
        "price": "1050",
        "price_per_unit": "1050",
        "price_unit": "KG"
      },
      {
        "state": "TAS",
        "price": "1050",
        "price_per_unit": "1050",
        "price_unit": "KG"
      },
      {
        "state": "ACT",
        "price": "1050",
        "price_per_unit": "1050",
        "price_unit": "KG"
      },
      null
    ]
  },
  {
    "source_url": "https://www.woolworths.com.au/shop/productdetails/178143/peppercorn-beef-sausages-extra-lean",
    "name": "Peppercorn Beef Sausages Extra Lean 450g",
    "image_url": "https://cdn1.woolworths.media/content/wowproductimages/large/178143.jpg",
    "source_id": "Woolworths - 178143",
    "barcode": "9322092000029",
    "shop": "Woolworths",
    "weight": "1KG",
    "prices": [
      {
        "state": "VIC",
        "price": "800",
        "price_per_unit": "1778",
        "price_unit": "KG"
      },
      {
        "state": "SA",
        "price": "800",
        "price_per_unit": "1778",
        "price_unit": "KG"
      },
      null,
      {
        "state": "ACT",
        "price": "1000",
        "price_per_unit": "2222",
        "price_unit": "KG"
      },
      null
    ]
  },
  {
    "source_url": "https://www.woolworths.com.au/shop/productdetails/790208/peppercorn-butch-beef-jumbo-burger-garlic-pepper",
    "name": "Peppercorn Butch Beef Jumbo Burger Garlic Pepper 600g",
    "image_url": "https://cdn1.woolworths.media/content/wowproductimages/large/790208.jpg",
    "source_id": "Woolworths - 790208",
    "barcode": "9322092000494",
    "shop": "Woolworths",
    "weight": "1KG",
    "prices": [
      {
        "state": "NSW",
        "price": "1200",
        "price_per_unit": "2000",
        "price_unit": "KG"
      },
      {
        "state": "VIC",
        "price": "1200",
        "price_per_unit": "2000",
        "price_unit": "KG"
      },
      {
        "state": "WA",
        "price": "1200",
        "price_per_unit": "2000",
        "price_unit": "KG"
      },
      {
        "state": "SA",
        "price": "1200",
        "price_per_unit": "2000",
        "price_unit": "KG"
      },
      {
        "state": "TAS",
        "price": "1000",
        "price_per_unit": "1667",
        "price_unit": "KG"
      },
      {
        "state": "ACT",
        "price": "1000",
        "price_per_unit": "1667",
        "price_unit": "KG"
      },
      null
    ]
  },
  {
    "source_url": "https://www.woolworths.com.au/shop/productdetails/178137/peppercorn-extra-lean-beef-burger-6-pack",
    "name": "Peppercorn Extra Lean Beef Burger 6 Pack 500g",
    "image_url": "https://cdn1.woolworths.media/content/wowproductimages/large/178137.jpg",
    "source_id": "Woolworths - 178137",
    "barcode": "9322092000012",
    "shop": "Woolworths",
    "weight": "1KG",
    "prices": [
      {
        "state": "VIC",
        "price": "800",
        "price_per_unit": "1600",
        "price_unit": "KG"
      },
      {
        "state": "QLD",
        "price": "800",
        "price_per_unit": "1600",
        "price_unit": "KG"
      },
      {
        "state": "WA",
        "price": "800",
        "price_per_unit": "1600",
        "price_unit": "KG"
      },
      {
        "state": "SA",
        "price": "800",
        "price_per_unit": "1600",
        "price_unit": "KG"
      },
      {
        "state": "TAS",
        "price": "1000",
        "price_per_unit": "2000",
        "price_unit": "KG"
      },
      {
        "state": "ACT",
        "price": "1000",
        "price_per_unit": "2000",
        "price_unit": "KG"
      },
      {
        "state": "NT",
        "price": "1000",
        "price_per_unit": "2000",
        "price_unit": "KG"
      }
    ]
  },
  {
    "source_url": "https://www.woolworths.com.au/shop/productdetails/84993/woolworths-veg-beef-meatballs-with-carrot-celery-tomato-onion",
    "name": "Woolworths &Veg Beef Meatballs With Carrot Celery Tomato & Onion 400g",
    "image_url": "https://cdn1.woolworths.media/content/wowproductimages/large/084993.jpg",
    "source_id": "Woolworths - 84993",
    "barcode": "9339687162871",
    "shop": "Woolworths",
    "weight": "1KG",
    "prices": [
      {
        "state": "NSW",
        "price": "800",
        "price_per_unit": "2000",
        "price_unit": "KG"
      },
      {
        "state": "VIC",
        "price": "800",
        "price_per_unit": "2000",
        "price_unit": "KG"
      },
      {
        "state": "WA",
        "price": "800",
        "price_per_unit": "2000",
        "price_unit": "KG"
      },
      {
        "state": "SA",
        "price": "800",
        "price_per_unit": "2000",
        "price_unit": "KG"
      },
      null,
      {
        "state": "ACT",
        "price": "800",
        "price_per_unit": "2000",
        "price_unit": "KG"
      },
      {
        "state": "NT",
        "price": "800",
        "price_per_unit": "2000",
        "price_unit": "KG"
      }
    ]
  },
  {
    "source_url": "https://www.woolworths.com.au/shop/productdetails/901509/woolworths-10-sweet-chilli-chicken-sausages",
    "name": "Woolworths 10  Sweet Chilli Chicken Sausages 550g",
    "image_url": "https://cdn1.woolworths.media/content/wowproductimages/large/901509.jpg",
    "source_id": "Woolworths - 901509",
    "barcode": "9339687384556",
    "shop": "Woolworths",
    "weight": "1KG",
    "prices": [
      {
        "state": "NSW",
        "price": "590",
        "price_per_unit": "1073",
        "price_unit": "KG"
      },
      {
        "state": "VIC",
        "price": "590",
        "price_per_unit": "1073",
        "price_unit": "KG"
      },
      {
        "state": "QLD",
        "price": "590",
        "price_per_unit": "1073",
        "price_unit": "KG"
      },
      {
        "state": "WA",
        "price": "590",
        "price_per_unit": "1073",
        "price_unit": "KG"
      },
      {
        "state": "TAS",
        "price": "590",
        "price_per_unit": "1073",
        "price_unit": "KG"
      },
      {
        "state": "ACT",
        "price": "590",
        "price_per_unit": "1073",
        "price_unit": "KG"
      },
      {
        "state": "NT",
        "price": "590",
        "price_per_unit": "1073",
        "price_unit": "KG"
      }
    ]
  },
  {
    "source_url": "https://www.woolworths.com.au/shop/productdetails/901649/woolworths-10-beef-sausages",
    "name": "Woolworths 10 Beef Sausages 550g",
    "image_url": "https://cdn1.woolworths.media/content/wowproductimages/large/901649.jpg",
    "source_id": "Woolworths - 901649",
    "barcode": "9339687384457",
    "shop": "Woolworths",
    "weight": "1KG",
    "prices": [
      {
        "state": "NSW",
        "price": "590",
        "price_per_unit": "1073",
        "price_unit": "KG"
      },
      {
        "state": "VIC",
        "price": "590",
        "price_per_unit": "1073",
        "price_unit": "KG"
      },
      {
        "state": "QLD",
        "price": "590",
        "price_per_unit": "1073",
        "price_unit": "KG"
      },
      {
        "state": "WA",
        "price": "590",
        "price_per_unit": "1073",
        "price_unit": "KG"
      },
      {
        "state": "SA",
        "price": "590",
        "price_per_unit": "1073",
        "price_unit": "KG"
      },
      {
        "state": "TAS",
        "price": "590",
        "price_per_unit": "1073",
        "price_unit": "KG"
      },
      {
        "state": "ACT",
        "price": "590",
        "price_per_unit": "1073",
        "price_unit": "KG"
      },
      {
        "state": "NT",
        "price": "590",
        "price_per_unit": "1073",
        "price_unit": "KG"
      }
    ]
  },
  {
    "source_url": "https://www.woolworths.com.au/shop/productdetails/901682/woolworths-10-chicken-sausages",
    "name": "Woolworths 10 Chicken Sausages 550g",
    "image_url": "https://cdn1.woolworths.media/content/wowproductimages/large/901682.jpg",
    "source_id": "Woolworths - 901682",
    "barcode": "9339687384471",
    "shop": "Woolworths",
    "weight": "1KG",
    "prices": [
      {
        "state": "NSW",
        "price": "590",
        "price_per_unit": "1073",
        "price_unit": "KG"
      },
      {
        "state": "VIC",
        "price": "590",
        "price_per_unit": "1073",
        "price_unit": "KG"
      },
      {
        "state": "QLD",
        "price": "590",
        "price_per_unit": "1073",
        "price_unit": "KG"
      },
      {
        "state": "WA",
        "price": "590",
        "price_per_unit": "1073",
        "price_unit": "KG"
      },
      {
        "state": "SA",
        "price": "590",
        "price_per_unit": "1073",
        "price_unit": "KG"
      },
      {
        "state": "TAS",
        "price": "590",
        "price_per_unit": "1073",
        "price_unit": "KG"
      },
      {
        "state": "ACT",
        "price": "590",
        "price_per_unit": "1073",
        "price_unit": "KG"
      },
      {
        "state": "NT",
        "price": "590",
        "price_per_unit": "1073",
        "price_unit": "KG"
      }
    ]
  },
  {
    "source_url": "https://www.woolworths.com.au/shop/productdetails/901505/woolworths-10-herb-garlic-beef-sausages",
    "name": "Woolworths 10 Herb & Garlic Beef Sausages 550g",
    "image_url": "https://cdn1.woolworths.media/content/wowproductimages/large/901505.jpg",
    "source_id": "Woolworths - 901505",
    "barcode": "9339687384525",
    "shop": "Woolworths",
    "weight": "1KG",
    "prices": [
      {
        "state": "NSW",
        "price": "590",
        "price_per_unit": "1073",
        "price_unit": "KG"
      },
      {
        "state": "VIC",
        "price": "590",
        "price_per_unit": "1073",
        "price_unit": "KG"
      },
      {
        "state": "QLD",
        "price": "590",
        "price_per_unit": "1073",
        "price_unit": "KG"
      },
      {
        "state": "WA",
        "price": "590",
        "price_per_unit": "1073",
        "price_unit": "KG"
      },
      {
        "state": "SA",
        "price": "590",
        "price_per_unit": "1073",
        "price_unit": "KG"
      },
      {
        "state": "TAS",
        "price": "590",
        "price_per_unit": "1073",
        "price_unit": "KG"
      },
      {
        "state": "ACT",
        "price": "590",
        "price_per_unit": "1073",
        "price_unit": "KG"
      },
      {
        "state": "NT",
        "price": "590",
        "price_per_unit": "1073",
        "price_unit": "KG"
      }
    ]
  },
  {
    "source_url": "https://www.woolworths.com.au/shop/productdetails/901506/woolworths-10-honey-beef-sausages",
    "name": "Woolworths 10 Honey Beef Sausages 550g",
    "image_url": "https://cdn1.woolworths.media/content/wowproductimages/large/901506.jpg",
    "source_id": "Woolworths - 901506",
    "barcode": "9339687384532",
    "shop": "Woolworths",
    "weight": "1KG",
    "prices": [
      {
        "state": "NSW",
        "price": "590",
        "price_per_unit": "1073",
        "price_unit": "KG"
      },
      {
        "state": "VIC",
        "price": "590",
        "price_per_unit": "1073",
        "price_unit": "KG"
      },
      {
        "state": "QLD",
        "price": "590",
        "price_per_unit": "1073",
        "price_unit": "KG"
      },
      {
        "state": "WA",
        "price": "590",
        "price_per_unit": "1073",
        "price_unit": "KG"
      },
      {
        "state": "SA",
        "price": "590",
        "price_per_unit": "1073",
        "price_unit": "KG"
      },
      {
        "state": "TAS",
        "price": "590",
        "price_per_unit": "1073",
        "price_unit": "KG"
      },
      null,
      {
        "state": "NT",
        "price": "590",
        "price_per_unit": "1073",
        "price_unit": "KG"
      }
    ]
  },
  {
    "source_url": "https://www.woolworths.com.au/shop/productdetails/75782/woolworths-10-pigs-in-blankets",
    "name": "Woolworths 10 Pigs In Blankets 400g",
    "image_url": "https://cdn1.woolworths.media/content/wowproductimages/large/075782.jpg",
    "source_id": "Woolworths - 75782",
    "barcode": "9339687141418",
    "shop": "Woolworths",
    "weight": "1KG",
    "prices": [
      {
        "state": "NSW",
        "price": "1250",
        "price_per_unit": "3125",
        "price_unit": "KG"
      },
      {
        "state": "VIC",
        "price": "1250",
        "price_per_unit": "3125",
        "price_unit": "KG"
      },
      {
        "state": "QLD",
        "price": "1250",
        "price_per_unit": "3125",
        "price_unit": "KG"
      },
      {
        "state": "WA",
        "price": "1250",
        "price_per_unit": "3125",
        "price_unit": "KG"
      },
      null,
      null,
      null
    ]
  },
  {
    "source_url": "https://www.woolworths.com.au/shop/productdetails/901650/woolworths-10-pork-sausages",
    "name": "Woolworths 10 Pork Sausages 550g",
    "image_url": "https://cdn1.woolworths.media/content/wowproductimages/large/901650.jpg",
    "source_id": "Woolworths - 901650",
    "barcode": "9339687384464",
    "shop": "Woolworths",
    "weight": "1KG",
    "prices": [
      {
        "state": "NSW",
        "price": "590",
        "price_per_unit": "1073",
        "price_unit": "KG"
      },
      {
        "state": "VIC",
        "price": "590",
        "price_per_unit": "1073",
        "price_unit": "KG"
      },
      {
        "state": "QLD",
        "price": "590",
        "price_per_unit": "1073",
        "price_unit": "KG"
      },
      {
        "state": "WA",
        "price": "590",
        "price_per_unit": "1073",
        "price_unit": "KG"
      },
      {
        "state": "SA",
        "price": "590",
        "price_per_unit": "1073",
        "price_unit": "KG"
      },
      {
        "state": "TAS",
        "price": "590",
        "price_per_unit": "1073",
        "price_unit": "KG"
      },
      null,
      {
        "state": "NT",
        "price": "590",
        "price_per_unit": "1073",
        "price_unit": "KG"
      }
    ]
  },
  {
    "source_url": "https://www.woolworths.com.au/shop/productdetails/901508/woolworths-10-smokey-bbq-pork-sausages",
    "name": "Woolworths 10 Smokey BBQ Pork Sausages 550g",
    "image_url": "https://cdn1.woolworths.media/content/wowproductimages/large/901508.jpg",
    "source_id": "Woolworths - 901508",
    "barcode": "9339687384549",
    "shop": "Woolworths",
    "weight": "1KG",
    "prices": [
      {
        "state": "NSW",
        "price": "590",
        "price_per_unit": "1073",
        "price_unit": "KG"
      },
      {
        "state": "VIC",
        "price": "590",
        "price_per_unit": "1073",
        "price_unit": "KG"
      },
      {
        "state": "QLD",
        "price": "590",
        "price_per_unit": "1073",
        "price_unit": "KG"
      },
      {
        "state": "WA",
        "price": "590",
        "price_per_unit": "1073",
        "price_unit": "KG"
      },
      {
        "state": "SA",
        "price": "590",
        "price_per_unit": "1073",
        "price_unit": "KG"
      },
      {
        "state": "TAS",
        "price": "590",
        "price_per_unit": "1073",
        "price_unit": "KG"
      },
      {
        "state": "ACT",
        "price": "590",
        "price_per_unit": "1073",
        "price_unit": "KG"
      },
      {
        "state": "NT",
        "price": "590",
        "price_per_unit": "1073",
        "price_unit": "KG"
      }
    ]
  },
  {
    "source_url": "https://www.woolworths.com.au/shop/productdetails/901683/woolworths-16-beef-chipolatas",
    "name": "Woolworths 16 Beef Chipolatas 550g",
    "image_url": "https://cdn1.woolworths.media/content/wowproductimages/large/901683.jpg",
    "source_id": "Woolworths - 901683",
    "barcode": "9339687384488",
    "shop": "Woolworths",
    "weight": "1KG",
    "prices": [
      {
        "state": "NSW",
        "price": "590",
        "price_per_unit": "1073",
        "price_unit": "KG"
      },
      {
        "state": "VIC",
        "price": "590",
        "price_per_unit": "1073",
        "price_unit": "KG"
      },
      {
        "state": "QLD",
        "price": "590",
        "price_per_unit": "1073",
        "price_unit": "KG"
      },
      {
        "state": "WA",
        "price": "590",
        "price_per_unit": "1073",
        "price_unit": "KG"
      },
      {
        "state": "SA",
        "price": "590",
        "price_per_unit": "1073",
        "price_unit": "KG"
      },
      {
        "state": "TAS",
        "price": "590",
        "price_per_unit": "1073",
        "price_unit": "KG"
      },
      {
        "state": "ACT",
        "price": "590",
        "price_per_unit": "1073",
        "price_unit": "KG"
      },
      {
        "state": "NT",
        "price": "590",
        "price_per_unit": "1073",
        "price_unit": "KG"
      }
    ]
  },
  {
    "source_url": "https://www.woolworths.com.au/shop/productdetails/901685/woolworths-16-chicken-chipolatas",
    "name": "Woolworths 16 Chicken Chipolatas 550g",
    "image_url": "https://cdn1.woolworths.media/content/wowproductimages/large/901685.jpg",
    "source_id": "Woolworths - 901685",
    "barcode": "9339687384501",
    "shop": "Woolworths",
    "weight": "1KG",
    "prices": [
      {
        "state": "NSW",
        "price": "590",
        "price_per_unit": "1073",
        "price_unit": "KG"
      },
      {
        "state": "VIC",
        "price": "590",
        "price_per_unit": "1073",
        "price_unit": "KG"
      },
      {
        "state": "QLD",
        "price": "590",
        "price_per_unit": "1073",
        "price_unit": "KG"
      },
      {
        "state": "WA",
        "price": "590",
        "price_per_unit": "1073",
        "price_unit": "KG"
      },
      {
        "state": "SA",
        "price": "590",
        "price_per_unit": "1073",
        "price_unit": "KG"
      },
      {
        "state": "TAS",
        "price": "590",
        "price_per_unit": "1073",
        "price_unit": "KG"
      },
      {
        "state": "ACT",
        "price": "590",
        "price_per_unit": "1073",
        "price_unit": "KG"
      },
      {
        "state": "NT",
        "price": "590",
        "price_per_unit": "1073",
        "price_unit": "KG"
      }
    ]
  },
  {
    "source_url": "https://www.woolworths.com.au/shop/productdetails/901684/woolworths-16-pork-chipolatas",
    "name": "Woolworths 16 Pork Chipolatas 550g",
    "image_url": "https://cdn1.woolworths.media/content/wowproductimages/large/901684.jpg",
    "source_id": "Woolworths - 901684",
    "barcode": "9339687384495",
    "shop": "Woolworths",
    "weight": "1KG",
    "prices": [
      {
        "state": "NSW",
        "price": "590",
        "price_per_unit": "1073",
        "price_unit": "KG"
      },
      {
        "state": "VIC",
        "price": "590",
        "price_per_unit": "1073",
        "price_unit": "KG"
      },
      {
        "state": "QLD",
        "price": "590",
        "price_per_unit": "1073",
        "price_unit": "KG"
      },
      {
        "state": "WA",
        "price": "590",
        "price_per_unit": "1073",
        "price_unit": "KG"
      },
      {
        "state": "SA",
        "price": "590",
        "price_per_unit": "1073",
        "price_unit": "KG"
      },
      {
        "state": "TAS",
        "price": "590",
        "price_per_unit": "1073",
        "price_unit": "KG"
      },
      {
        "state": "ACT",
        "price": "590",
        "price_per_unit": "1073",
        "price_unit": "KG"
      },
      {
        "state": "NT",
        "price": "590",
        "price_per_unit": "1073",
        "price_unit": "KG"
      }
    ]
  },
  {
    "source_url": "https://www.woolworths.com.au/shop/productdetails/901715/woolworths-2-100-day-grain-fed-thick-juicy-beef-burgers",
    "name": "Woolworths 2 100 Day Grain Fed Thick & Juicy Beef Burgers 300g",
    "image_url": "https://cdn1.woolworths.media/content/wowproductimages/large/901715.jpg",
    "source_id": "Woolworths - 901715",
    "barcode": "9339687384754",
    "shop": "Woolworths",
    "weight": "1KG",
    "prices": [
      {
        "state": "NSW",
        "price": "1000",
        "price_per_unit": "3333",
        "price_unit": "KG"
      },
      {
        "state": "VIC",
        "price": "1000",
        "price_per_unit": "3333",
        "price_unit": "KG"
      },
      {
        "state": "QLD",
        "price": "1000",
        "price_per_unit": "3333",
        "price_unit": "KG"
      },
      {
        "state": "WA",
        "price": "1000",
        "price_per_unit": "3333",
        "price_unit": "KG"
      },
      {
        "state": "SA",
        "price": "1000",
        "price_per_unit": "3333",
        "price_unit": "KG"
      },
      {
        "state": "TAS",
        "price": "1000",
        "price_per_unit": "3333",
        "price_unit": "KG"
      },
      {
        "state": "ACT",
        "price": "1000",
        "price_per_unit": "3333",
        "price_unit": "KG"
      },
      {
        "state": "NT",
        "price": "1000",
        "price_per_unit": "3333",
        "price_unit": "KG"
      }
    ]
  },
  {
    "source_url": "https://www.woolworths.com.au/shop/productdetails/901714/woolworths-2-wagyu-thick-juicy-beef-burgers",
    "name": "Woolworths 2 Wagyu Thick & Juicy Beef Burgers 300g",
    "image_url": "https://cdn1.woolworths.media/content/wowproductimages/large/901714.jpg",
    "source_id": "Woolworths - 901714",
    "barcode": "9339687384747",
    "shop": "Woolworths",
    "weight": "1KG",
    "prices": [
      {
        "state": "NSW",
        "price": "1000",
        "price_per_unit": "3333",
        "price_unit": "KG"
      },
      {
        "state": "VIC",
        "price": "1000",
        "price_per_unit": "3333",
        "price_unit": "KG"
      },
      {
        "state": "QLD",
        "price": "1000",
        "price_per_unit": "3333",
        "price_unit": "KG"
      },
      {
        "state": "WA",
        "price": "1000",
        "price_per_unit": "3333",
        "price_unit": "KG"
      },
      {
        "state": "SA",
        "price": "1000",
        "price_per_unit": "3333",
        "price_unit": "KG"
      },
      {
        "state": "TAS",
        "price": "1000",
        "price_per_unit": "3333",
        "price_unit": "KG"
      },
      null,
      {
        "state": "NT",
        "price": "1000",
        "price_per_unit": "3333",
        "price_unit": "KG"
      }
    ]
  },
  {
    "source_url": "https://www.woolworths.com.au/shop/productdetails/901703/woolworths-4-angus-quarter-pound-beef-burgers",
    "name": "Woolworths 4 Angus Quarter Pound Beef Burgers 454g",
    "image_url": "https://cdn1.woolworths.media/content/wowproductimages/large/901703.jpg",
    "source_id": "Woolworths - 901703",
    "barcode": "9339687384709",
    "shop": "Woolworths",
    "weight": "1KG",
    "prices": [
      {
        "state": "NSW",
        "price": "900",
        "price_per_unit": "1982",
        "price_unit": "KG"
      },
      {
        "state": "VIC",
        "price": "700",
        "price_per_unit": "1542",
        "price_unit": "KG"
      },
      {
        "state": "QLD",
        "price": "900",
        "price_per_unit": "1982",
        "price_unit": "KG"
      },
      {
        "state": "WA",
        "price": "900",
        "price_per_unit": "1982",
        "price_unit": "KG"
      },
      {
        "state": "SA",
        "price": "900",
        "price_per_unit": "1982",
        "price_unit": "KG"
      },
      {
        "state": "TAS",
        "price": "900",
        "price_per_unit": "1982",
        "price_unit": "KG"
      },
      {
        "state": "ACT",
        "price": "900",
        "price_per_unit": "1982",
        "price_unit": "KG"
      },
      {
        "state": "NT",
        "price": "900",
        "price_per_unit": "1982",
        "price_unit": "KG"
      }
    ]
  },
  {
    "source_url": "https://www.woolworths.com.au/shop/productdetails/901713/woolworths-4-bbq-pork-burgers-patties",
    "name": "Woolworths 4 BBQ Pork Burgers 500g",
    "image_url": "https://cdn1.woolworths.media/content/wowproductimages/large/901713.jpg",
    "source_id": "Woolworths - 901713",
    "barcode": "9339687384730",
    "shop": "Woolworths",
    "weight": "1KG",
    "prices": [
      {
        "state": "NSW",
        "price": "900",
        "price_per_unit": "1800",
        "price_unit": "KG"
      },
      {
        "state": "VIC",
        "price": "900",
        "price_per_unit": "1800",
        "price_unit": "KG"
      },
      {
        "state": "QLD",
        "price": "900",
        "price_per_unit": "1800",
        "price_unit": "KG"
      },
      {
        "state": "WA",
        "price": "900",
        "price_per_unit": "1800",
        "price_unit": "KG"
      },
      {
        "state": "SA",
        "price": "900",
        "price_per_unit": "1800",
        "price_unit": "KG"
      },
      {
        "state": "TAS",
        "price": "900",
        "price_per_unit": "1800",
        "price_unit": "KG"
      },
      {
        "state": "ACT",
        "price": "900",
        "price_per_unit": "1800",
        "price_unit": "KG"
      },
      null
    ]
  },
  {
    "source_url": "https://www.woolworths.com.au/shop/productdetails/901639/woolworths-4-chuck-brisket-quarter-pound-beef-burgers",
    "name": "Woolworths 4 Chuck & Brisket Quarter Pound Beef Burgers 454g",
    "image_url": "https://cdn1.woolworths.media/content/wowproductimages/large/901639.jpg",
    "source_id": "Woolworths - 901639",
    "barcode": "9339687384723",
    "shop": "Woolworths",
    "weight": "1KG",
    "prices": [
      {
        "state": "NSW",
        "price": "900",
        "price_per_unit": "1982",
        "price_unit": "KG"
      },
      {
        "state": "VIC",
        "price": "800",
        "price_per_unit": "1762",
        "price_unit": "KG"
      },
      {
        "state": "QLD",
        "price": "900",
        "price_per_unit": "1982",
        "price_unit": "KG"
      },
      {
        "state": "WA",
        "price": "900",
        "price_per_unit": "1982",
        "price_unit": "KG"
      },
      {
        "state": "SA",
        "price": "900",
        "price_per_unit": "1982",
        "price_unit": "KG"
      },
      {
        "state": "TAS",
        "price": "900",
        "price_per_unit": "1982",
        "price_unit": "KG"
      },
      {
        "state": "ACT",
        "price": "800",
        "price_per_unit": "1762",
        "price_unit": "KG"
      },
      {
        "state": "NT",
        "price": "900",
        "price_per_unit": "1982",
        "price_unit": "KG"
      }
    ]
  },
  {
    "source_url": "https://www.woolworths.com.au/shop/productdetails/899857/woolworths-4-classic-beef-burgers-patties",
    "name": "Woolworths 4 Classic Beef Burgers 500g",
    "image_url": "https://cdn1.woolworths.media/content/wowproductimages/large/899857.jpg",
    "source_id": "Woolworths - 899857",
    "barcode": "9339687384648",
    "shop": "Woolworths",
    "weight": "1KG",
    "prices": [
      {
        "state": "NSW",
        "price": "800",
        "price_per_unit": "1600",
        "price_unit": "KG"
      },
      {
        "state": "VIC",
        "price": "600",
        "price_per_unit": "1200",
        "price_unit": "KG"
      },
      {
        "state": "QLD",
        "price": "800",
        "price_per_unit": "1600",
        "price_unit": "KG"
      },
      {
        "state": "WA",
        "price": "800",
        "price_per_unit": "1600",
        "price_unit": "KG"
      },
      {
        "state": "SA",
        "price": "800",
        "price_per_unit": "1600",
        "price_unit": "KG"
      },
      {
        "state": "TAS",
        "price": "800",
        "price_per_unit": "1600",
        "price_unit": "KG"
      },
      {
        "state": "ACT",
        "price": "600",
        "price_per_unit": "1200",
        "price_unit": "KG"
      },
      {
        "state": "NT",
        "price": "800",
        "price_per_unit": "1600",
        "price_unit": "KG"
      }
    ]
  },
  {
    "source_url": "https://www.woolworths.com.au/shop/productdetails/901636/woolworths-4-steakhouse-quarter-pound-beef-burgers",
    "name": "Woolworths 4 Steakhouse Quarter Pound Beef Burgers 454g",
    "image_url": "https://cdn1.woolworths.media/content/wowproductimages/large/901636.jpg",
    "source_id": "Woolworths - 901636",
    "barcode": "9339687384716",
    "shop": "Woolworths",
    "weight": "1KG",
    "prices": [
      {
        "state": "NSW",
        "price": "900",
        "price_per_unit": "1982",
        "price_unit": "KG"
      },
      {
        "state": "VIC",
        "price": "800",
        "price_per_unit": "1762",
        "price_unit": "KG"
      },
      {
        "state": "QLD",
        "price": "900",
        "price_per_unit": "1982",
        "price_unit": "KG"
      },
      {
        "state": "WA",
        "price": "900",
        "price_per_unit": "1982",
        "price_unit": "KG"
      },
      {
        "state": "SA",
        "price": "900",
        "price_per_unit": "1982",
        "price_unit": "KG"
      },
      {
        "state": "TAS",
        "price": "900",
        "price_per_unit": "1982",
        "price_unit": "KG"
      },
      {
        "state": "ACT",
        "price": "800",
        "price_per_unit": "1762",
        "price_unit": "KG"
      },
      {
        "state": "NT",
        "price": "900",
        "price_per_unit": "1982",
        "price_unit": "KG"
      }
    ]
  },
  {
    "source_url": "https://www.woolworths.com.au/shop/productdetails/901510/woolworths-6-beef-sausages",
    "name": "Woolworths 6 Beef Sausages 505g",
    "image_url": "https://cdn1.woolworths.media/content/wowproductimages/large/901510.jpg",
    "source_id": "Woolworths - 901510",
    "barcode": "9339687384563",
    "shop": "Woolworths",
    "weight": "1KG",
    "prices": [
      {
        "state": "NSW",
        "price": "700",
        "price_per_unit": "1386",
        "price_unit": "KG"
      },
      {
        "state": "VIC",
        "price": "700",
        "price_per_unit": "1386",
        "price_unit": "KG"
      },
      {
        "state": "QLD",
        "price": "700",
        "price_per_unit": "1386",
        "price_unit": "KG"
      },
      {
        "state": "WA",
        "price": "700",
        "price_per_unit": "1386",
        "price_unit": "KG"
      },
      {
        "state": "SA",
        "price": "700",
        "price_per_unit": "1386",
        "price_unit": "KG"
      },
      {
        "state": "TAS",
        "price": "700",
        "price_per_unit": "1386",
        "price_unit": "KG"
      },
      {
        "state": "ACT",
        "price": "700",
        "price_per_unit": "1386",
        "price_unit": "KG"
      },
      {
        "state": "NT",
        "price": "700",
        "price_per_unit": "1386",
        "price_unit": "KG"
      }
    ]
  },
  {
    "source_url": "https://www.woolworths.com.au/shop/productdetails/901692/woolworths-6-herb-garlic-chicken-sausages",
    "name": "Woolworths 6 Herb & Garlic Chicken Sausages 505g",
    "image_url": "https://cdn1.woolworths.media/content/wowproductimages/large/901692.jpg",
    "source_id": "Woolworths - 901692",
    "barcode": "9339687384587",
    "shop": "Woolworths",
    "weight": "1KG",
    "prices": [
      {
        "state": "NSW",
        "price": "700",
        "price_per_unit": "1386",
        "price_unit": "KG"
      },
      {
        "state": "VIC",
        "price": "700",
        "price_per_unit": "1386",
        "price_unit": "KG"
      },
      {
        "state": "QLD",
        "price": "700",
        "price_per_unit": "1386",
        "price_unit": "KG"
      },
      {
        "state": "WA",
        "price": "700",
        "price_per_unit": "1386",
        "price_unit": "KG"
      },
      {
        "state": "SA",
        "price": "700",
        "price_per_unit": "1386",
        "price_unit": "KG"
      },
      {
        "state": "TAS",
        "price": "700",
        "price_per_unit": "1386",
        "price_unit": "KG"
      },
      {
        "state": "ACT",
        "price": "700",
        "price_per_unit": "1386",
        "price_unit": "KG"
      },
      {
        "state": "NT",
        "price": "700",
        "price_per_unit": "1386",
        "price_unit": "KG"
      }
    ]
  },
  {
    "source_url": "https://www.woolworths.com.au/shop/productdetails/901693/woolworths-6-onion-sage-pork-sausages-sage",
    "name": "Woolworths 6 Onion & Sage Pork Sausages 505g",
    "image_url": "https://cdn1.woolworths.media/content/wowproductimages/large/901693.jpg",
    "source_id": "Woolworths - 901693",
    "barcode": "9339687384594",
    "shop": "Woolworths",
    "weight": "1KG",
    "prices": [
      {
        "state": "NSW",
        "price": "700",
        "price_per_unit": "1386",
        "price_unit": "KG"
      },
      {
        "state": "VIC",
        "price": "700",
        "price_per_unit": "1386",
        "price_unit": "KG"
      },
      {
        "state": "QLD",
        "price": "700",
        "price_per_unit": "1386",
        "price_unit": "KG"
      },
      {
        "state": "WA",
        "price": "700",
        "price_per_unit": "1386",
        "price_unit": "KG"
      },
      {
        "state": "SA",
        "price": "700",
        "price_per_unit": "1386",
        "price_unit": "KG"
      },
      {
        "state": "TAS",
        "price": "700",
        "price_per_unit": "1386",
        "price_unit": "KG"
      },
      null,
      {
        "state": "NT",
        "price": "700",
        "price_per_unit": "1386",
        "price_unit": "KG"
      }
    ]
  },
  {
    "source_url": "https://www.woolworths.com.au/shop/productdetails/901511/woolworths-6-rosemary-garlic-lamb-sausages",
    "name": "Woolworths 6 Rosemary & Garlic Lamb Sausages 505g",
    "image_url": "https://cdn1.woolworths.media/content/wowproductimages/large/901511.jpg",
    "source_id": "Woolworths - 901511",
    "barcode": "9339687384570",
    "shop": "Woolworths",
    "weight": "1KG",
    "prices": [
      {
        "state": "NSW",
        "price": "700",
        "price_per_unit": "1386",
        "price_unit": "KG"
      },
      {
        "state": "VIC",
        "price": "700",
        "price_per_unit": "1386",
        "price_unit": "KG"
      },
      {
        "state": "WA",
        "price": "700",
        "price_per_unit": "1386",
        "price_unit": "KG"
      },
      {
        "state": "SA",
        "price": "700",
        "price_per_unit": "1386",
        "price_unit": "KG"
      },
      {
        "state": "TAS",
        "price": "700",
        "price_per_unit": "1386",
        "price_unit": "KG"
      },
      null,
      {
        "state": "NT",
        "price": "700",
        "price_per_unit": "1386",
        "price_unit": "KG"
      }
    ]
  },
  {
    "source_url": "https://www.woolworths.com.au/shop/productdetails/899861/woolworths-6-smash-beef-burgers",
    "name": "Woolworths 6 Smash Beef Burgers 450g",
    "image_url": "https://cdn1.woolworths.media/content/wowproductimages/large/899861.jpg",
    "source_id": "Woolworths - 899861",
    "barcode": "9339687384686",
    "shop": "Woolworths",
    "weight": "1KG",
    "prices": [
      {
        "state": "NSW",
        "price": "800",
        "price_per_unit": "1778",
        "price_unit": "KG"
      },
      {
        "state": "VIC",
        "price": "600",
        "price_per_unit": "1333",
        "price_unit": "KG"
      },
      {
        "state": "QLD",
        "price": "800",
        "price_per_unit": "1778",
        "price_unit": "KG"
      },
      {
        "state": "WA",
        "price": "800",
        "price_per_unit": "1778",
        "price_unit": "KG"
      },
      {
        "state": "TAS",
        "price": "800",
        "price_per_unit": "1778",
        "price_unit": "KG"
      },
      {
        "state": "ACT",
        "price": "800",
        "price_per_unit": "1778",
        "price_unit": "KG"
      },
      {
        "state": "NT",
        "price": "800",
        "price_per_unit": "1778",
        "price_unit": "KG"
      }
    ]
  },
  {
    "source_url": "https://www.woolworths.com.au/shop/productdetails/899859/woolworths-6-stacker-beef-burgers-patties",
    "name": "Woolworths 6 Stacker Beef Burgers 500g",
    "image_url": "https://cdn1.woolworths.media/content/wowproductimages/large/899859.jpg",
    "source_id": "Woolworths - 899859",
    "barcode": "9339687384662",
    "shop": "Woolworths",
    "weight": "1KG",
    "prices": [
      {
        "state": "NSW",
        "price": "800",
        "price_per_unit": "1600",
        "price_unit": "KG"
      },
      {
        "state": "VIC",
        "price": "700",
        "price_per_unit": "1400",
        "price_unit": "KG"
      },
      {
        "state": "QLD",
        "price": "800",
        "price_per_unit": "1600",
        "price_unit": "KG"
      },
      {
        "state": "WA",
        "price": "800",
        "price_per_unit": "1600",
        "price_unit": "KG"
      },
      {
        "state": "SA",
        "price": "800",
        "price_per_unit": "1600",
        "price_unit": "KG"
      },
      {
        "state": "TAS",
        "price": "800",
        "price_per_unit": "1600",
        "price_unit": "KG"
      },
      {
        "state": "ACT",
        "price": "700",
        "price_per_unit": "1400",
        "price_unit": "KG"
      },
      null
    ]
  },
  {
    "source_url": "https://www.woolworths.com.au/shop/productdetails/899860/woolworths-8-slider-beef-burgers",
    "name": "Woolworths 8 Slider Beef Burgers 400g",
    "image_url": "https://cdn1.woolworths.media/content/wowproductimages/large/899860.jpg",
    "source_id": "Woolworths - 899860",
    "barcode": "9339687384679",
    "shop": "Woolworths",
    "weight": "1KG",
    "prices": [
      {
        "state": "NSW",
        "price": "800",
        "price_per_unit": "2000",
        "price_unit": "KG"
      },
      {
        "state": "VIC",
        "price": "800",
        "price_per_unit": "2000",
        "price_unit": "KG"
      },
      {
        "state": "QLD",
        "price": "800",
        "price_per_unit": "2000",
        "price_unit": "KG"
      },
      {
        "state": "WA",
        "price": "800",
        "price_per_unit": "2000",
        "price_unit": "KG"
      },
      {
        "state": "SA",
        "price": "800",
        "price_per_unit": "2000",
        "price_unit": "KG"
      },
      {
        "state": "TAS",
        "price": "800",
        "price_per_unit": "2000",
        "price_unit": "KG"
      },
      {
        "state": "ACT",
        "price": "800",
        "price_per_unit": "2000",
        "price_unit": "KG"
      },
      {
        "state": "NT",
        "price": "800",
        "price_per_unit": "2000",
        "price_unit": "KG"
      }
    ]
  },
  {
    "source_url": "https://www.woolworths.com.au/shop/productdetails/260669/woolworths-angus-beef-caramelised-onion-sausages",
    "name": "Woolworths Angus Beef & Caramelised Onion Sausages 450g",
    "image_url": "https://cdn1.woolworths.media/content/wowproductimages/large/260669.jpg",
    "source_id": "Woolworths - 260669",
    "barcode": "9339687320868",
    "shop": "Woolworths",
    "weight": "1KG",
    "prices": [
      {
        "state": "NSW",
        "price": "900",
        "price_per_unit": "2000",
        "price_unit": "KG"
      },
      {
        "state": "VIC",
        "price": "900",
        "price_per_unit": "2000",
        "price_unit": "KG"
      },
      {
        "state": "QLD",
        "price": "900",
        "price_per_unit": "2000",
        "price_unit": "KG"
      },
      {
        "state": "WA",
        "price": "900",
        "price_per_unit": "2000",
        "price_unit": "KG"
      },
      {
        "state": "SA",
        "price": "900",
        "price_per_unit": "2000",
        "price_unit": "KG"
      },
      {
        "state": "TAS",
        "price": "900",
        "price_per_unit": "2000",
        "price_unit": "KG"
      },
      {
        "state": "ACT",
        "price": "800",
        "price_per_unit": "1778",
        "price_unit": "KG"
      },
      {
        "state": "NT",
        "price": "800",
        "price_per_unit": "1778",
        "price_unit": "KG"
      }
    ]
  },
  {
    "source_url": "https://www.woolworths.com.au/shop/productdetails/109099/woolworths-aussie-beef-gluten-free-sausage-mince",
    "name": "Woolworths Aussie Beef Gluten Free Sausage Mince 500g",
    "image_url": "https://cdn1.woolworths.media/content/wowproductimages/large/109099.jpg",
    "source_id": "Woolworths - 109099",
    "barcode": "9339687387502",
    "shop": "Woolworths",
    "weight": "1KG",
    "prices": [
      {
        "state": "NSW",
        "price": "550",
        "price_per_unit": "1100",
        "price_unit": "KG"
      },
      {
        "state": "VIC",
        "price": "550",
        "price_per_unit": "1100",
        "price_unit": "KG"
      },
      {
        "state": "QLD",
        "price": "550",
        "price_per_unit": "1100",
        "price_unit": "KG"
      },
      {
        "state": "WA",
        "price": "550",
        "price_per_unit": "1100",
        "price_unit": "KG"
      },
      {
        "state": "SA",
        "price": "550",
        "price_per_unit": "1100",
        "price_unit": "KG"
      },
      {
        "state": "TAS",
        "price": "550",
        "price_per_unit": "1100",
        "price_unit": "KG"
      },
      {
        "state": "ACT",
        "price": "550",
        "price_per_unit": "1100",
        "price_unit": "KG"
      },
      {
        "state": "NT",
        "price": "550",
        "price_per_unit": "1100",
        "price_unit": "KG"
      }
    ]
  },
  {
    "source_url": "https://www.woolworths.com.au/shop/productdetails/733123/woolworths-bbq-lamb-kebabs-with-mint-honey",
    "name": "Woolworths Bbq Lamb Kebabs With Mint & Honey 450g",
    "image_url": "https://cdn1.woolworths.media/content/wowproductimages/large/733123.jpg",
    "source_id": "Woolworths - 733123",
    "barcode": "9339687346240",
    "shop": "Woolworths",
    "weight": "1KG",
    "prices": [
      {
        "state": "NSW",
        "price": "850",
        "price_per_unit": "1889",
        "price_unit": "KG"
      },
      {
        "state": "VIC",
        "price": "850",
        "price_per_unit": "1889",
        "price_unit": "KG"
      },
      {
        "state": "QLD",
        "price": "850",
        "price_per_unit": "1889",
        "price_unit": "KG"
      },
      {
        "state": "WA",
        "price": "850",
        "price_per_unit": "1889",
        "price_unit": "KG"
      },
      {
        "state": "SA",
        "price": "850",
        "price_per_unit": "1889",
        "price_unit": "KG"
      },
      {
        "state": "TAS",
        "price": "850",
        "price_per_unit": "1889",
        "price_unit": "KG"
      },
      {
        "state": "ACT",
        "price": "850",
        "price_per_unit": "1889",
        "price_unit": "KG"
      },
      {
        "state": "NT",
        "price": "850",
        "price_per_unit": "1889",
        "price_unit": "KG"
      }
    ]
  },
  {
    "source_url": "https://www.woolworths.com.au/shop/productdetails/764264/woolworths-beef-lamb-meatballs",
    "name": "Woolworths Beef & Lamb Meatballs 400g",
    "image_url": "https://cdn1.woolworths.media/content/wowproductimages/large/764264.jpg",
    "source_id": "Woolworths - 764264",
    "barcode": "9339687265053",
    "shop": "Woolworths",
    "weight": "1KG",
    "prices": [
      {
        "state": "NSW",
        "price": "800",
        "price_per_unit": "2000",
        "price_unit": "KG"
      },
      {
        "state": "VIC",
        "price": "800",
        "price_per_unit": "2000",
        "price_unit": "KG"
      },
      {
        "state": "WA",
        "price": "800",
        "price_per_unit": "2000",
        "price_unit": "KG"
      },
      {
        "state": "SA",
        "price": "800",
        "price_per_unit": "2000",
        "price_unit": "KG"
      },
      {
        "state": "TAS",
        "price": "800",
        "price_per_unit": "2000",
        "price_unit": "KG"
      },
      {
        "state": "ACT",
        "price": "800",
        "price_per_unit": "2000",
        "price_unit": "KG"
      },
      {
        "state": "NT",
        "price": "800",
        "price_per_unit": "2000",
        "price_unit": "KG"
      }
    ]
  },
  {
    "source_url": "https://www.woolworths.com.au/shop/productdetails/345734/woolworths-chef-s-selection-variety-sausages",
    "name": "Woolworths Chef's Selection Variety Sausages 8 Pack",
    "image_url": "https://cdn1.woolworths.media/content/wowproductimages/large/345734.jpg",
    "source_id": "Woolworths - 345734",
    "barcode": "9339687349630",
    "shop": "Woolworths",
    "weight": "1KG",
    "prices": [
      {
        "state": "NSW",
        "price": "1100",
        "price_per_unit": "1746",
        "price_unit": "KG"
      },
      {
        "state": "VIC",
        "price": "1100",
        "price_per_unit": "1746",
        "price_unit": "KG"
      },
      {
        "state": "WA",
        "price": "1100",
        "price_per_unit": "1746",
        "price_unit": "KG"
      },
      {
        "state": "SA",
        "price": "1100",
        "price_per_unit": "1746",
        "price_unit": "KG"
      },
      null,
      {
        "state": "ACT",
        "price": "1100",
        "price_per_unit": "1746",
        "price_unit": "KG"
      },
      {
        "state": "NT",
        "price": "1100",
        "price_per_unit": "1746",
        "price_unit": "KG"
      }
    ]
  },
  {
    "source_url": "https://www.woolworths.com.au/shop/productdetails/357418/woolworths-classic-angus-beef-sausages",
    "name": "Woolworths Classic Angus Beef Sausages 6 Pack",
    "image_url": "https://cdn1.woolworths.media/content/wowproductimages/large/357418.jpg",
    "source_id": "Woolworths - 357418",
    "barcode": "9339687349852",
    "shop": "Woolworths",
    "weight": "1KG",
    "prices": [
      {
        "state": "NSW",
        "price": "900",
        "price_per_unit": "2000",
        "price_unit": "KG"
      },
      {
        "state": "VIC",
        "price": "900",
        "price_per_unit": "2000",
        "price_unit": "KG"
      },
      {
        "state": "SA",
        "price": "900",
        "price_per_unit": "2000",
        "price_unit": "KG"
      },
      null,
      {
        "state": "ACT",
        "price": "800",
        "price_per_unit": "1778",
        "price_unit": "KG"
      },
      {
        "state": "NT",
        "price": "800",
        "price_per_unit": "1778",
        "price_unit": "KG"
      }
    ]
  },
  {
    "source_url": "https://www.woolworths.com.au/shop/productdetails/83728/woolworths-classic-cumberland-pork-sausages",
    "name": "Woolworths Classic Cumberland Pork Sausages 500g",
    "image_url": "https://cdn1.woolworths.media/content/wowproductimages/large/083728.jpg",
    "source_id": "Woolworths - 83728",
    "barcode": "9339687161492",
    "shop": "Woolworths",
    "weight": "1KG",
    "prices": [
      {
        "state": "NSW",
        "price": "900",
        "price_per_unit": "1800",
        "price_unit": "KG"
      },
      {
        "state": "VIC",
        "price": "900",
        "price_per_unit": "1800",
        "price_unit": "KG"
      },
      {
        "state": "WA",
        "price": "900",
        "price_per_unit": "1800",
        "price_unit": "KG"
      },
      {
        "state": "SA",
        "price": "900",
        "price_per_unit": "1800",
        "price_unit": "KG"
      },
      {
        "state": "TAS",
        "price": "900",
        "price_per_unit": "1800",
        "price_unit": "KG"
      },
      {
        "state": "ACT",
        "price": "800",
        "price_per_unit": "1600",
        "price_unit": "KG"
      },
      {
        "state": "NT",
        "price": "800",
        "price_per_unit": "1600",
        "price_unit": "KG"
      }
    ]
  },
  {
    "source_url": "https://www.woolworths.com.au/shop/productdetails/260670/woolworths-cracked-black-pepper-wagyu-beef-sausages",
    "name": "Woolworths Cracked Black Pepper Wagyu Beef Sausages 450g",
    "image_url": "https://cdn1.woolworths.media/content/wowproductimages/large/260670.jpg",
    "source_id": "Woolworths - 260670",
    "barcode": "9339687320875",
    "shop": "Woolworths",
    "weight": "1KG",
    "prices": [
      {
        "state": "VIC",
        "price": "900",
        "price_per_unit": "2000",
        "price_unit": "KG"
      },
      {
        "state": "QLD",
        "price": "900",
        "price_per_unit": "2000",
        "price_unit": "KG"
      },
      {
        "state": "SA",
        "price": "900",
        "price_per_unit": "2000",
        "price_unit": "KG"
      },
      {
        "state": "TAS",
        "price": "900",
        "price_per_unit": "2000",
        "price_unit": "KG"
      },
      {
        "state": "ACT",
        "price": "800",
        "price_per_unit": "1778",
        "price_unit": "KG"
      },
      {
        "state": "NT",
        "price": "800",
        "price_per_unit": "1778",
        "price_unit": "KG"
      }
    ]
  },
  {
    "source_url": "https://www.woolworths.com.au/shop/productdetails/83727/woolworths-fetta-spinach-chicken-sausages",
    "name": "Woolworths Fetta & Spinach Chicken Sausages 500g",
    "image_url": "https://cdn1.woolworths.media/content/wowproductimages/large/083727.jpg",
    "source_id": "Woolworths - 83727",
    "barcode": "9339687161485",
    "shop": "Woolworths",
    "weight": "1KG",
    "prices": [
      {
        "state": "NSW",
        "price": "900",
        "price_per_unit": "1800",
        "price_unit": "KG"
      },
      {
        "state": "VIC",
        "price": "900",
        "price_per_unit": "1800",
        "price_unit": "KG"
      },
      {
        "state": "QLD",
        "price": "900",
        "price_per_unit": "1800",
        "price_unit": "KG"
      },
      {
        "state": "WA",
        "price": "900",
        "price_per_unit": "1800",
        "price_unit": "KG"
      },
      {
        "state": "SA",
        "price": "900",
        "price_per_unit": "1800",
        "price_unit": "KG"
      },
      null,
      {
        "state": "ACT",
        "price": "800",
        "price_per_unit": "1600",
        "price_unit": "KG"
      },
      {
        "state": "NT",
        "price": "800",
        "price_per_unit": "1600",
        "price_unit": "KG"
      }
    ]
  },
  {
    "source_url": "https://www.woolworths.com.au/shop/productdetails/901751/woolworths-gourmet-chicken-sausages-classic-with-chives",
    "name": "Woolworths Gourmet Chicken Sausages Classic With Chives 450g",
    "image_url": "https://cdn1.woolworths.media/content/wowproductimages/large/901751.jpg",
    "source_id": "Woolworths - 901751",
    "barcode": "9339687384846",
    "shop": "Woolworths",
    "weight": "1KG",
    "prices": [
      {
        "state": "NSW",
        "price": "900",
        "price_per_unit": "2000",
        "price_unit": "KG"
      },
      {
        "state": "VIC",
        "price": "900",
        "price_per_unit": "2000",
        "price_unit": "KG"
      },
      {
        "state": "WA",
        "price": "900",
        "price_per_unit": "2000",
        "price_unit": "KG"
      },
      {
        "state": "SA",
        "price": "900",
        "price_per_unit": "2000",
        "price_unit": "KG"
      },
      {
        "state": "TAS",
        "price": "900",
        "price_per_unit": "2000",
        "price_unit": "KG"
      },
      {
        "state": "ACT",
        "price": "800",
        "price_per_unit": "1778",
        "price_unit": "KG"
      },
      {
        "state": "NT",
        "price": "800",
        "price_per_unit": "1778",
        "price_unit": "KG"
      }
    ]
  },
  {
    "source_url": "https://www.woolworths.com.au/shop/productdetails/899808/woolworths-gourmet-lamb-sausages-with-oregano-garlic",
    "name": "Woolworths Gourmet Lamb Sausages With Oregano & Garlic 450g",
    "image_url": "https://cdn1.woolworths.media/content/wowproductimages/large/899808.jpg",
    "source_id": "Woolworths - 899808",
    "barcode": "9339687384815",
    "shop": "Woolworths",
    "weight": "1KG",
    "prices": [
      {
        "state": "NSW",
        "price": "900",
        "price_per_unit": "2000",
        "price_unit": "KG"
      },
      {
        "state": "VIC",
        "price": "900",
        "price_per_unit": "2000",
        "price_unit": "KG"
      },
      {
        "state": "QLD",
        "price": "900",
        "price_per_unit": "2000",
        "price_unit": "KG"
      },
      {
        "state": "WA",
        "price": "900",
        "price_per_unit": "2000",
        "price_unit": "KG"
      },
      {
        "state": "SA",
        "price": "900",
        "price_per_unit": "2000",
        "price_unit": "KG"
      },
      {
        "state": "TAS",
        "price": "900",
        "price_per_unit": "2000",
        "price_unit": "KG"
      },
      {
        "state": "ACT",
        "price": "800",
        "price_per_unit": "1778",
        "price_unit": "KG"
      },
      {
        "state": "NT",
        "price": "800",
        "price_per_unit": "1778",
        "price_unit": "KG"
      }
    ]
  },
  {
    "source_url": "https://www.woolworths.com.au/shop/productdetails/898511/woolworths-gourmet-pork-sausages-italian-style-with-fennel-garlic",
    "name": "Woolworths Gourmet Pork Sausages Italian Style With Fennel & Garlic 450g",
    "image_url": "https://cdn1.woolworths.media/content/wowproductimages/large/898511.jpg",
    "source_id": "Woolworths - 898511",
    "barcode": "9339687384839",
    "shop": "Woolworths",
    "weight": "1KG",
    "prices": [
      {
        "state": "NSW",
        "price": "900",
        "price_per_unit": "2000",
        "price_unit": "KG"
      },
      {
        "state": "VIC",
        "price": "900",
        "price_per_unit": "2000",
        "price_unit": "KG"
      },
      {
        "state": "WA",
        "price": "900",
        "price_per_unit": "2000",
        "price_unit": "KG"
      },
      {
        "state": "SA",
        "price": "900",
        "price_per_unit": "2000",
        "price_unit": "KG"
      },
      {
        "state": "TAS",
        "price": "900",
        "price_per_unit": "2000",
        "price_unit": "KG"
      },
      null,
      {
        "state": "NT",
        "price": "800",
        "price_per_unit": "1778",
        "price_unit": "KG"
      }
    ]
  },
  {
    "source_url": "https://www.woolworths.com.au/shop/productdetails/901738/woolworths-gourmet-pork-sausages-with-jalapenos-cheddar",
    "name": "Woolworths Gourmet Pork Sausages With Jalapenos & Cheddar 500g",
    "image_url": "https://cdn1.woolworths.media/content/wowproductimages/large/901738.jpg",
    "source_id": "Woolworths - 901738",
    "barcode": "9339687384860",
    "shop": "Woolworths",
    "weight": "1KG",
    "prices": [
      {
        "state": "NSW",
        "price": "900",
        "price_per_unit": "1800",
        "price_unit": "KG"
      },
      {
        "state": "VIC",
        "price": "900",
        "price_per_unit": "1800",
        "price_unit": "KG"
      },
      {
        "state": "QLD",
        "price": "900",
        "price_per_unit": "1800",
        "price_unit": "KG"
      },
      {
        "state": "WA",
        "price": "900",
        "price_per_unit": "1800",
        "price_unit": "KG"
      },
      null,
      {
        "state": "ACT",
        "price": "800",
        "price_per_unit": "1600",
        "price_unit": "KG"
      },
      {
        "state": "NT",
        "price": "800",
        "price_per_unit": "1600",
        "price_unit": "KG"
      }
    ]
  },
  {
    "source_url": "https://www.woolworths.com.au/shop/productdetails/589137/woolworths-homestyle-beef-rissoles",
    "name": "Woolworths Homestyle Beef Rissoles 8 Pack",
    "image_url": "https://cdn1.woolworths.media/content/wowproductimages/large/589137.jpg",
    "source_id": "Woolworths - 589137",
    "barcode": "9339687387540",
    "shop": "Woolworths",
    "weight": "1KG",
    "prices": [
      {
        "state": "NSW",
        "price": "850",
        "price_per_unit": "1417",
        "price_unit": "KG"
      },
      {
        "state": "VIC",
        "price": "850",
        "price_per_unit": "1417",
        "price_unit": "KG"
      },
      {
        "state": "WA",
        "price": "850",
        "price_per_unit": "1417",
        "price_unit": "KG"
      },
      {
        "state": "SA",
        "price": "850",
        "price_per_unit": "1417",
        "price_unit": "KG"
      },
      null
    ]
  },
  {
    "source_url": "https://www.woolworths.com.au/shop/productdetails/905257/woolworths-peri-peri-chicken-breast-fillets",
    "name": "Woolworths Peri Peri Chicken Breast Fillets 500g",
    "image_url": "https://cdn1.woolworths.media/content/wowproductimages/large/905257.jpg",
    "source_id": "Woolworths - 905257",
    "barcode": "9339687386499",
    "shop": "Woolworths",
    "weight": "1KG",
    "prices": [
      {
        "state": "NSW",
        "price": "900",
        "price_per_unit": "1800",
        "price_unit": "KG"
      },
      {
        "state": "VIC",
        "price": "900",
        "price_per_unit": "1800",
        "price_unit": "KG"
      },
      {
        "state": "QLD",
        "price": "900",
        "price_per_unit": "1800",
        "price_unit": "KG"
      },
      {
        "state": "WA",
        "price": "900",
        "price_per_unit": "1800",
        "price_unit": "KG"
      },
      {
        "state": "SA",
        "price": "900",
        "price_per_unit": "1800",
        "price_unit": "KG"
      },
      {
        "state": "TAS",
        "price": "900",
        "price_per_unit": "1800",
        "price_unit": "KG"
      },
      {
        "state": "ACT",
        "price": "900",
        "price_per_unit": "1800",
        "price_unit": "KG"
      },
      {
        "state": "NT",
        "price": "900",
        "price_per_unit": "1800",
        "price_unit": "KG"
      }
    ]
  },
  {
    "source_url": "https://www.woolworths.com.au/shop/productdetails/822439/woolworths-pork-veal-meatballs",
    "name": "Woolworths Pork & Veal Meatballs 400g",
    "image_url": "https://cdn1.woolworths.media/content/wowproductimages/large/822439.jpg",
    "source_id": "Woolworths - 822439",
    "barcode": "9339687081349",
    "shop": "Woolworths",
    "weight": "1KG",
    "prices": [
      {
        "state": "NSW",
        "price": "800",
        "price_per_unit": "2000",
        "price_unit": "KG"
      },
      {
        "state": "VIC",
        "price": "800",
        "price_per_unit": "2000",
        "price_unit": "KG"
      },
      {
        "state": "WA",
        "price": "800",
        "price_per_unit": "2000",
        "price_unit": "KG"
      },
      {
        "state": "SA",
        "price": "800",
        "price_per_unit": "2000",
        "price_unit": "KG"
      },
      {
        "state": "TAS",
        "price": "800",
        "price_per_unit": "2000",
        "price_unit": "KG"
      },
      null,
      null
    ]
  },
  {
    "source_url": "https://www.woolworths.com.au/shop/productdetails/811369/fettayleh-foods-smallgoods-lebanese-sausages",
    "name": "Fettayleh Foods Smallgoods Lebanese Sausages 500g",
    "image_url": "https://cdn1.woolworths.media/content/wowproductimages/large/811369.jpg",
    "source_id": "Woolworths - 811369",
    "barcode": "9346587073602",
    "shop": "Woolworths",
    "weight": "1KG",
    "prices": [
      {
        "state": "VIC",
        "price": "1450",
        "price_per_unit": "2900",
        "price_unit": "KG"
      },
      null
    ]
  },
  {
    "source_url": "https://www.woolworths.com.au/shop/productdetails/901638/macro-free-range-6-chicken-sausages",
    "name": "Macro Free Range 6 Chicken Sausages 500g",
    "image_url": "https://cdn1.woolworths.media/content/wowproductimages/large/901638.jpg",
    "source_id": "Woolworths - 901638",
    "barcode": "9339687384631",
    "shop": "Woolworths",
    "weight": "1KG",
    "prices": [
      {
        "state": "VIC",
        "price": "800",
        "price_per_unit": "1600",
        "price_unit": "KG"
      },
      {
        "state": "WA",
        "price": "800",
        "price_per_unit": "1600",
        "price_unit": "KG"
      },
      {
        "state": "SA",
        "price": "800",
        "price_per_unit": "1600",
        "price_unit": "KG"
      },
      {
        "state": "TAS",
        "price": "800",
        "price_per_unit": "1600",
        "price_unit": "KG"
      },
      {
        "state": "ACT",
        "price": "800",
        "price_per_unit": "1600",
        "price_unit": "KG"
      },
      {
        "state": "NT",
        "price": "800",
        "price_per_unit": "1600",
        "price_unit": "KG"
      }
    ]
  },
  {
    "source_url": "https://www.woolworths.com.au/shop/productdetails/901637/macro-free-range-6-pork-sausages",
    "name": "Macro Free Range 6 Pork Sausages 500g",
    "image_url": "https://cdn1.woolworths.media/content/wowproductimages/large/901637.jpg",
    "source_id": "Woolworths - 901637",
    "barcode": "9339687384624",
    "shop": "Woolworths",
    "weight": "1KG",
    "prices": [
      {
        "state": "VIC",
        "price": "800",
        "price_per_unit": "1600",
        "price_unit": "KG"
      },
      {
        "state": "WA",
        "price": "800",
        "price_per_unit": "1600",
        "price_unit": "KG"
      },
      {
        "state": "SA",
        "price": "800",
        "price_per_unit": "1600",
        "price_unit": "KG"
      },
      {
        "state": "TAS",
        "price": "800",
        "price_per_unit": "1600",
        "price_unit": "KG"
      },
      {
        "state": "ACT",
        "price": "800",
        "price_per_unit": "1600",
        "price_unit": "KG"
      },
      {
        "state": "NT",
        "price": "800",
        "price_per_unit": "1600",
        "price_unit": "KG"
      }
    ]
  },
  {
    "source_url": "https://www.woolworths.com.au/shop/productdetails/901697/macro-grass-fed-6-extra-lean-beef-sausages",
    "name": "Macro Grass Fed 6 Extra Lean Beef Sausages 500g",
    "image_url": "https://cdn1.woolworths.media/content/wowproductimages/large/901697.jpg",
    "source_id": "Woolworths - 901697",
    "barcode": "9339687384617",
    "shop": "Woolworths",
    "weight": "1KG",
    "prices": [
      {
        "state": "VIC",
        "price": "800",
        "price_per_unit": "1600",
        "price_unit": "KG"
      },
      {
        "state": "WA",
        "price": "800",
        "price_per_unit": "1600",
        "price_unit": "KG"
      },
      {
        "state": "SA",
        "price": "800",
        "price_per_unit": "1600",
        "price_unit": "KG"
      },
      {
        "state": "TAS",
        "price": "800",
        "price_per_unit": "1600",
        "price_unit": "KG"
      },
      {
        "state": "ACT",
        "price": "800",
        "price_per_unit": "1600",
        "price_unit": "KG"
      },
      {
        "state": "NT",
        "price": "800",
        "price_per_unit": "1600",
        "price_unit": "KG"
      }
    ]
  },
  {
    "source_url": "https://www.woolworths.com.au/shop/productdetails/390893/macro-wholefoods-market-grass-fed-beef-meatballs",
    "name": "Macro Wholefoods Market Grass Fed Beef Meatballs 12 pack",
    "image_url": "https://cdn1.woolworths.media/content/wowproductimages/large/390893.jpg",
    "source_id": "Woolworths - 390893",
    "barcode": "9339687355365",
    "shop": "Woolworths",
    "weight": "1KG",
    "prices": [
      {
        "state": "VIC",
        "price": "700",
        "price_per_unit": "1750",
        "price_unit": "KG"
      },
      {
        "state": "WA",
        "price": "700",
        "price_per_unit": "1750",
        "price_unit": "KG"
      },
      {
        "state": "SA",
        "price": "700",
        "price_per_unit": "1750",
        "price_unit": "KG"
      },
      null,
      {
        "state": "ACT",
        "price": "700",
        "price_per_unit": "1750",
        "price_unit": "KG"
      },
      {
        "state": "NT",
        "price": "700",
        "price_per_unit": "1750",
        "price_unit": "KG"
      }
    ]
  },
  {
    "source_url": "https://www.woolworths.com.au/shop/productdetails/162401/woolworths-bbq-beef-kebabs-mild-style",
    "name": "Woolworths Bbq Beef Kebabs Mild 450g",
    "image_url": "https://cdn1.woolworths.media/content/wowproductimages/large/162401.jpg",
    "source_id": "Woolworths - 162401",
    "barcode": "9339687346264",
    "shop": "Woolworths",
    "weight": "1KG",
    "prices": [
      {
        "state": "VIC",
        "price": "850",
        "price_per_unit": "1889",
        "price_unit": "KG"
      },
      {
        "state": "WA",
        "price": "850",
        "price_per_unit": "1889",
        "price_unit": "KG"
      },
      {
        "state": "SA",
        "price": "850",
        "price_per_unit": "1889",
        "price_unit": "KG"
      },
      null,
      {
        "state": "ACT",
        "price": "850",
        "price_per_unit": "1889",
        "price_unit": "KG"
      },
      {
        "state": "NT",
        "price": "850",
        "price_per_unit": "1889",
        "price_unit": "KG"
      }
    ]
  },
  {
    "source_url": "https://www.woolworths.com.au/shop/productdetails/210535/woolworths-cook-chicken-roasting-portions-with-mild-smoked-paprika",
    "name": "Woolworths Cook Chicken Roasting Portions With Mild Smoked Paprika 600g - 1.2kg",
    "image_url": "https://cdn1.woolworths.media/content/wowproductimages/large/210535.jpg",
    "source_id": "Woolworths - 210535",
    "barcode": "9339687284979",
    "shop": "Woolworths",
    "weight": "1KG",
    "prices": [
      null,
      {
        "state": "ACT",
        "price": "1080",
        "price_per_unit": "900",
        "price_unit": "KG"
      },
      {
        "state": "NT",
        "price": "1080",
        "price_per_unit": "900",
        "price_unit": "KG"
      }
    ]
  },
  {
    "source_url": "https://www.woolworths.com.au/shop/productdetails/901488/woolworths-gourmet-pork-chipolatas-with-jarrah-honey",
    "name": "Woolworths Gourmet Pork Chipolatas With Jarrah Honey 500g",
    "image_url": "https://cdn1.woolworths.media/content/wowproductimages/large/901488.jpg",
    "source_id": "Woolworths - 901488",
    "barcode": "9339687384853",
    "shop": "Woolworths",
    "weight": "1KG",
    "prices": [
      {
        "state": "VIC",
        "price": "900",
        "price_per_unit": "1800",
        "price_unit": "KG"
      },
      {
        "state": "QLD",
        "price": "900",
        "price_per_unit": "1800",
        "price_unit": "KG"
      },
      {
        "state": "WA",
        "price": "900",
        "price_per_unit": "1800",
        "price_unit": "KG"
      },
      {
        "state": "SA",
        "price": "900",
        "price_per_unit": "1800",
        "price_unit": "KG"
      },
      {
        "state": "TAS",
        "price": "900",
        "price_per_unit": "1800",
        "price_unit": "KG"
      },
      {
        "state": "ACT",
        "price": "800",
        "price_per_unit": "1600",
        "price_unit": "KG"
      },
      {
        "state": "NT",
        "price": "800",
        "price_per_unit": "1600",
        "price_unit": "KG"
      }
    ]
  },
  {
    "source_url": "https://www.woolworths.com.au/shop/productdetails/901648/market-value-12-thin-bbq-sausages",
    "name": "Market Value 12 Thin BBQ Sausages 740g",
    "image_url": "https://cdn1.woolworths.media/content/wowproductimages/large/901648.jpg",
    "source_id": "Woolworths - 901648",
    "barcode": "9339687384440",
    "shop": "Woolworths",
    "weight": "1KG",
    "prices": [
      {
        "state": "VIC",
        "price": "595",
        "price_per_unit": "804",
        "price_unit": "KG"
      },
      {
        "state": "WA",
        "price": "595",
        "price_per_unit": "804",
        "price_unit": "KG"
      },
      {
        "state": "SA",
        "price": "595",
        "price_per_unit": "804",
        "price_unit": "KG"
      },
      {
        "state": "TAS",
        "price": "595",
        "price_per_unit": "804",
        "price_unit": "KG"
      },
      {
        "state": "ACT",
        "price": "595",
        "price_per_unit": "804",
        "price_unit": "KG"
      },
      {
        "state": "NT",
        "price": "595",
        "price_per_unit": "804",
        "price_unit": "KG"
      }
    ]
  },
  {
    "source_url": "https://www.woolworths.com.au/shop/productdetails/238813/barossa-fine-foods-bbq-beef-sausages",
    "name": "Barossa Fine Foods BBQ Beef Sausages 480g",
    "image_url": "https://cdn1.woolworths.media/content/wowproductimages/large/238813.jpg",
    "source_id": "Woolworths - 238813",
    "barcode": "9333278000832",
    "shop": "Woolworths",
    "weight": "1KG",
    "prices": [
      {
        "state": "SA",
        "price": "950",
        "price_per_unit": "1979",
        "price_unit": "KG"
      },
      {
        "state": "NT",
        "price": "950",
        "price_per_unit": "1979",
        "price_unit": "KG"
      }
    ]
  },
  {
    "source_url": "https://www.woolworths.com.au/shop/productdetails/898046/barossa-fine-foods-bratwurst-sausages",
    "name": "Barossa Fine Foods Bratwurst Sausages 480g",
    "image_url": "https://cdn1.woolworths.media/content/wowproductimages/large/898046.jpg",
    "source_id": "Woolworths - 898046",
    "barcode": "9333278000689",
    "shop": "Woolworths",
    "weight": "1KG",
    "prices": [
      {
        "state": "SA",
        "price": "950",
        "price_per_unit": "1979",
        "price_unit": "KG"
      },
      {
        "state": "NT",
        "price": "950",
        "price_per_unit": "1979",
        "price_unit": "KG"
      }
    ]
  },
  {
    "source_url": "https://www.woolworths.com.au/shop/productdetails/897955/barossa-fine-foods-chicken-sage-sausages",
    "name": "Barossa Fine Foods Chicken & Sage Sausages 480g",
    "image_url": "https://cdn1.woolworths.media/content/wowproductimages/large/897955.jpg",
    "source_id": "Woolworths - 897955",
    "barcode": "9333278000702",
    "shop": "Woolworths",
    "weight": "1KG",
    "prices": [
      {
        "state": "SA",
        "price": "950",
        "price_per_unit": "1979",
        "price_unit": "KG"
      },
      {
        "state": "NT",
        "price": "950",
        "price_per_unit": "1979",
        "price_unit": "KG"
      }
    ]
  },
  {
    "source_url": "https://www.woolworths.com.au/shop/productdetails/286370/barossa-fine-foods-italian-mild-sausages",
    "name": "Barossa Fine Foods Italian Mild Sausages 480g",
    "image_url": "https://cdn1.woolworths.media/content/wowproductimages/large/286370.jpg",
    "source_id": "Woolworths - 286370",
    "barcode": "9333278006742",
    "shop": "Woolworths",
    "weight": "1KG",
    "prices": [
      {
        "state": "SA",
        "price": "950",
        "price_per_unit": "1979",
        "price_unit": "KG"
      }
    ]
  },
  {
    "source_url": "https://www.woolworths.com.au/shop/productdetails/593303/olga-s-fine-foods-beef-chevapchichi",
    "name": "Olga's Fine Foods Beef Chevapchichi 400G",
    "image_url": "https://cdn1.woolworths.media/content/wowproductimages/large/593303.jpg",
    "source_id": "Woolworths - 593303",
    "barcode": "9319139000074",
    "shop": "Woolworths",
    "weight": "1KG",
    "prices": [
      {
        "state": "SA",
        "price": "870",
        "price_per_unit": "2175",
        "price_unit": "KG"
      },
      {
        "state": "NT",
        "price": "870",
        "price_per_unit": "2175",
        "price_unit": "KG"
      }
    ]
  },
  {
    "source_url": "https://www.woolworths.com.au/shop/productdetails/802206/olga-s-fine-foods-rspca-chicken-patty",
    "name": "Olga's Fine Foods RSPCA Chicken Patty 500G",
    "image_url": "https://cdn1.woolworths.media/content/wowproductimages/large/802206.jpg",
    "source_id": "Woolworths - 802206",
    "barcode": "9319139005055",
    "shop": "Woolworths",
    "weight": "1KG",
    "prices": [
      {
        "state": "SA",
        "price": "630",
        "price_per_unit": "1260",
        "price_unit": "KG"
      },
      {
        "state": "NT",
        "price": "630",
        "price_per_unit": "1260",
        "price_unit": "KG"
      }
    ]
  }
]