[
  {
    "source_url": "https://www.coles.com.au/product/castello-blue-cheese-150g-212188",
    "name": "Castello Blue Cheese | 150g",
    "image_url": "https://www.coles.com.au/_next/image?url=https%3A%2F%2Fproductimages.coles.com.au%2Fproductimages%2F2%2F212188.jpg&w=640&q=90",
    "barcode": "5740200001012",
    "shop": "coles",
    "category_id": "24023",
    "weight": "150g",
    "prices": [
      {
        "state": "VIC",
        "price": "4334",
        "price_per_unit": "650",
        "price_unit": "g"
      },
      {
        "state": "NSW",
        "price": "4334",
        "price_per_unit": "650",
        "price_unit": "g"
      },
      {
        "state": "QLD",
        "price": "4334",
        "price_per_unit": "650",
        "price_unit": "g"
      },
      {
        "state": "WA",
        "price": "4334",
        "price_per_unit": "650",
        "price_unit": "g"
      },
      {
        "state": "SA",
        "price": "4334",
        "price_per_unit": "650",
        "price_unit": "g"
      },
      {
        "state": "TAS",
        "price": "4334",
        "price_per_unit": "650",
        "price_unit": "g"
      },
      {
        "state": "ACT",
        "price": "4334",
        "price_per_unit": "650",
        "price_unit": "g"
      },
      {
        "state": "NT",
        "price": "4334",
        "price_per_unit": "650",
        "price_unit": "g"
      }
    ]
  },
  {
    "source_url": "https://www.woolworths.com.au/shop/productdetails/48824/castello-blue-cheese-creamy",
    "name": "Castello Blue Cheese Creamy 150g",
    "image_url": "https://cdn1.woolworths.media/content/wowproductimages/large/048824.jpg",
    "barcode": "5740200001012",
    "shop": "Woolworths",
    "category_id": "24023",
    "weight": "1KG",
    "prices": [
      {
        "state": "NSW",
        "price": "750",
        "price_per_unit": "5000",
        "price_unit": "KG"
      },
      {
        "state": "VIC",
        "price": "750",
        "price_per_unit": "5000",
        "price_unit": "KG"
      },
      {
        "state": "QLD",
        "price": "750",
        "price_per_unit": "5000",
        "price_unit": "KG"
      },
      {
        "state": "WA",
        "price": "750",
        "price_per_unit": "5000",
        "price_unit": "KG"
      },
      {
        "state": "SA",
        "price": "750",
        "price_per_unit": "5000",
        "price_unit": "KG"
      },
      {
        "state": "TAS",
        "price": "750",
        "price_per_unit": "5000",
        "price_unit": "KG"
      },
      {
        "state": "ACT",
        "price": "750",
        "price_per_unit": "5000",
        "price_unit": "KG"
      },
      {
        "state": "NT",
        "price": "750",
        "price_per_unit": "5000",
        "price_unit": "KG"
      }
    ]
  },
  {
    "source_url": "https://www.coles.com.au/product/castello-creamy-havarti-200g-3029086",
    "name": "Castello Creamy Havarti | 200g",
    "image_url": "https://www.coles.com.au/_next/image?url=https%3A%2F%2Fproductimages.coles.com.au%2Fproductimages%2F3%2F3029086.jpg&w=640&q=90",
    "barcode": "5711953066283",
    "shop": "coles",
    "category_id": "24023",
    "weight": "200g",
    "prices": [
      {
        "state": "VIC",
        "price": "4000",
        "price_per_unit": "800",
        "price_unit": "g"
      },
      {
        "state": "NSW",
        "price": "4000",
        "price_per_unit": "800",
        "price_unit": "g"
      },
      {
        "state": "QLD",
        "price": "4000",
        "price_per_unit": "800",
        "price_unit": "g"
      },
      {
        "state": "SA",
        "price": "4000",
        "price_per_unit": "800",
        "price_unit": "g"
      },
      {
        "state": "TAS",
        "price": "4000",
        "price_per_unit": "800",
        "price_unit": "g"
      },
      {
        "state": "ACT",
        "price": "4000",
        "price_per_unit": "800",
        "price_unit": "g"
      },
      {
        "state": "NT",
        "price": "4320",
        "price_per_unit": "864",
        "price_unit": "g"
      }
    ]
  },
  {
    "source_url": "https://www.woolworths.com.au/shop/productdetails/684255/castello-creamy-havarti",
    "name": "Castello Creamy Havarti 200g",
    "image_url": "https://cdn1.woolworths.media/content/wowproductimages/large/684255.jpg",
    "barcode": "5711953066283",
    "shop": "Woolworths",
    "category_id": "24023",
    "weight": "1KG",
    "prices": [
      {
        "state": "NSW",
        "price": "800",
        "price_per_unit": "4000",
        "price_unit": "KG"
      },
      {
        "state": "VIC",
        "price": "650",
        "price_per_unit": "3250",
        "price_unit": "KG"
      },
      {
        "state": "QLD",
        "price": "800",
        "price_per_unit": "4000",
        "price_unit": "KG"
      },
      {
        "state": "WA",
        "price": "800",
        "price_per_unit": "4000",
        "price_unit": "KG"
      },
      {
        "state": "SA",
        "price": "800",
        "price_per_unit": "4000",
        "price_unit": "KG"
      },
      {
        "state": "TAS",
        "price": "800",
        "price_per_unit": "4000",
        "price_unit": "KG"
      },
      {
        "state": "ACT",
        "price": "800",
        "price_per_unit": "4000",
        "price_unit": "KG"
      },
      {
        "state": "NT",
        "price": "800",
        "price_per_unit": "4000",
        "price_unit": "KG"
      }
    ]
  },
  {
    "source_url": "https://www.coles.com.au/product/castello-double-cream-truffle-cheese-150g-3301820",
    "name": "Castello Double Cream Truffle Cheese | 150g",
    "image_url": "https://www.coles.com.au/_next/image?url=https%3A%2F%2Fproductimages.coles.com.au%2Fproductimages%2F3%2F3301820.jpg&w=640&q=90",
    "barcode": "5711953036477",
    "shop": "coles",
    "category_id": "24023",
    "weight": "150g",
    "prices": [
      {
        "state": "VIC",
        "price": "6000",
        "price_per_unit": "900",
        "price_unit": "g"
      },
      {
        "state": "NSW",
        "price": "6000",
        "price_per_unit": "900",
        "price_unit": "g"
      },
      {
        "state": "QLD",
        "price": "6000",
        "price_per_unit": "900",
        "price_unit": "g"
      },
      {
        "state": "SA",
        "price": "6000",
        "price_per_unit": "900",
        "price_unit": "g"
      },
      {
        "state": "TAS",
        "price": "6000",
        "price_per_unit": "900",
        "price_unit": "g"
      },
      {
        "state": "ACT",
        "price": "6000",
        "price_per_unit": "900",
        "price_unit": "g"
      },
      {
        "state": "NT",
        "price": "6480",
        "price_per_unit": "972",
        "price_unit": "g"
      }
    ]
  },
  {
    "source_url": "https://www.woolworths.com.au/shop/productdetails/964767/castello-double-cream-truffle",
    "name": "Castello Double Cream Truffle Brie 150g",
    "image_url": "https://cdn1.woolworths.media/content/wowproductimages/large/964767.jpg",
    "barcode": "5711953036477",
    "shop": "Woolworths",
    "category_id": "24023",
    "weight": "1KG",
    "prices": [
      {
        "state": "NSW",
        "price": "900",
        "price_per_unit": "6000",
        "price_unit": "KG"
      },
      {
        "state": "VIC",
        "price": "900",
        "price_per_unit": "6000",
        "price_unit": "KG"
      },
      {
        "state": "QLD",
        "price": "900",
        "price_per_unit": "6000",
        "price_unit": "KG"
      },
      {
        "state": "WA",
        "price": "900",
        "price_per_unit": "6000",
        "price_unit": "KG"
      },
      {
        "state": "SA",
        "price": "900",
        "price_per_unit": "6000",
        "price_unit": "KG"
      },
      {
        "state": "TAS",
        "price": "900",
        "price_per_unit": "6000",
        "price_unit": "KG"
      },
      {
        "state": "ACT",
        "price": "900",
        "price_per_unit": "6000",
        "price_unit": "KG"
      },
      {
        "state": "NT",
        "price": "900",
        "price_per_unit": "6000",
        "price_unit": "KG"
      }
    ]
  },
  {
    "source_url": "https://www.coles.com.au/product/castello-herbs-and-garlic-in-oil-marinated-fetta-265g-3842932",
    "name": "Castello Herbs & Garlic In Oil Marinated Fetta | 265g",
    "image_url": "https://www.coles.com.au/_next/image?url=https%3A%2F%2Fproductimages.coles.com.au%2Fproductimages%2F3%2F3842932.jpg&w=640&q=90",
    "barcode": "5711953115943",
    "shop": "coles",
    "category_id": "24023",
    "weight": "265g",
    "prices": [
      {
        "state": "VIC",
        "price": "2377",
        "price_per_unit": "630",
        "price_unit": "g"
      },
      {
        "state": "NSW",
        "price": "2377",
        "price_per_unit": "630",
        "price_unit": "g"
      },
      {
        "state": "QLD",
        "price": "2377",
        "price_per_unit": "630",
        "price_unit": "g"
      },
      {
        "state": "WA",
        "price": "2377",
        "price_per_unit": "630",
        "price_unit": "g"
      },
      {
        "state": "SA",
        "price": "2377",
        "price_per_unit": "630",
        "price_unit": "g"
      },
      {
        "state": "TAS",
        "price": "2377",
        "price_per_unit": "630",
        "price_unit": "g"
      },
      {
        "state": "ACT",
        "price": "2377",
        "price_per_unit": "630",
        "price_unit": "g"
      },
      {
        "state": "NT",
        "price": "2377",
        "price_per_unit": "630",
        "price_unit": "g"
      }
    ]
  },
  {
    "source_url": "https://www.woolworths.com.au/shop/productdetails/95977/castello-marinated-fetta-cubes",
    "name": "Castello Marinated Fetta Cubes 265g",
    "image_url": "https://cdn1.woolworths.media/content/wowproductimages/large/095977.jpg",
    "barcode": "5711953115943",
    "shop": "Woolworths",
    "category_id": "24023",
    "weight": "1KG",
    "prices": [
      {
        "state": "NSW",
        "price": "700",
        "price_per_unit": "2642",
        "price_unit": "KG"
      },
      {
        "state": "VIC",
        "price": "700",
        "price_per_unit": "2642",
        "price_unit": "KG"
      },
      {
        "state": "QLD",
        "price": "700",
        "price_per_unit": "2642",
        "price_unit": "KG"
      },
      {
        "state": "WA",
        "price": "700",
        "price_per_unit": "2642",
        "price_unit": "KG"
      },
      {
        "state": "SA",
        "price": "700",
        "price_per_unit": "2642",
        "price_unit": "KG"
      },
      {
        "state": "TAS",
        "price": "700",
        "price_per_unit": "2642",
        "price_unit": "KG"
      },
      {
        "state": "ACT",
        "price": "700",
        "price_per_unit": "2642",
        "price_unit": "KG"
      },
      {
        "state": "NT",
        "price": "700",
        "price_per_unit": "2642",
        "price_unit": "KG"
      }
    ]
  },
  {
    "source_url": "https://www.coles.com.au/product/fromager-d'affiniois-petite-d'affinois-150g-3709150",
    "name": "Fromager D'Affiniois Petite D'Affinois | 150g",
    "image_url": "https://www.coles.com.au/_next/image?url=https%3A%2F%2Fproductimages.coles.com.au%2Fproductimages%2F3%2F3709150.jpg&w=640&q=90",
    "barcode": "3307905229084",
    "shop": "coles",
    "category_id": "24023",
    "weight": "150g",
    "prices": [
      {
        "state": "VIC",
        "price": "8334",
        "price_per_unit": "1250",
        "price_unit": "g"
      },
      {
        "state": "QLD",
        "price": null,
        "price_per_unit": null,
        "price_unit": "g"
      },
      {
        "state": "WA",
        "price": null,
        "price_per_unit": null,
        "price_unit": "g"
      },
      {
        "state": "NT",
        "price": null,
        "price_per_unit": null,
        "price_unit": "g"
      }
    ]
  },
  {
    "source_url": "https://www.woolworths.com.au/shop/productdetails/733806/fromager-d-affinois-petit-d-affinois",
    "name": "Fromager D'Affinois Petit d Affinois 150g",
    "image_url": "https://cdn1.woolworths.media/content/wowproductimages/large/733806.jpg",
    "barcode": "3307905229084",
    "shop": "Woolworths",
    "category_id": "24023",
    "weight": "1KG",
    "prices": [
      {
        "state": "NSW",
        "price": "1260",
        "price_per_unit": "8400",
        "price_unit": "KG"
      },
      {
        "state": "VIC",
        "price": "1260",
        "price_per_unit": "8400",
        "price_unit": "KG"
      },
      {
        "state": "QLD",
        "price": "1260",
        "price_per_unit": "8400",
        "price_unit": "KG"
      },
      {
        "state": "WA",
        "price": "1260",
        "price_per_unit": "8400",
        "price_unit": "KG"
      },
      {
        "state": "SA",
        "price": "1260",
        "price_per_unit": "8400",
        "price_unit": "KG"
      },
      {
        "state": "TAS",
        "price": "1260",
        "price_per_unit": "8400",
        "price_unit": "KG"
      },
      {
        "state": "ACT",
        "price": "1260",
        "price_per_unit": "8400",
        "price_unit": "KG"
      },
      {
        "state": "NT",
        "price": "1260",
        "price_per_unit": "8400",
        "price_unit": "KG"
      }
    ]
  },
  {
    "source_url": "https://www.coles.com.au/product/jacquin-buchette-goat-cheese-with-garlic-and-herbs-100g-5414000",
    "name": "Jacquin Buchette Goat Cheese With Garlic & Herbs | 100g",
    "image_url": "https://www.coles.com.au/_next/image?url=https%3A%2F%2Fproductimages.coles.com.au%2Fproductimages%2F5%2F5414000.jpg&w=640&q=90",
    "barcode": "3369640040423",
    "shop": "coles",
    "category_id": "24023",
    "weight": "100g",
    "prices": [
      {
        "state": "VIC",
        "price": "7500",
        "price_per_unit": "750",
        "price_unit": "g"
      }
    ]
  },
  {
    "source_url": "https://www.woolworths.com.au/shop/productdetails/218770/jacquin-goat-cheese-with-garlic-herbs",
    "name": "Jacquin Goat Cheese With Garlic & Herbs 100g",
    "image_url": "https://cdn1.woolworths.media/content/wowproductimages/large/218770.jpg",
    "barcode": "3369640040423",
    "shop": "Woolworths",
    "category_id": "24023",
    "weight": "1KG",
    "prices": [
      {
        "state": "NSW",
        "price": "750",
        "price_per_unit": "7500",
        "price_unit": "KG"
      },
      {
        "state": "VIC",
        "price": "750",
        "price_per_unit": "7500",
        "price_unit": "KG"
      },
      {
        "state": "QLD",
        "price": "750",
        "price_per_unit": "7500",
        "price_unit": "KG"
      },
      {
        "state": "WA",
        "price": "750",
        "price_per_unit": "7500",
        "price_unit": "KG"
      },
      {
        "state": "SA",
        "price": "750",
        "price_per_unit": "7500",
        "price_unit": "KG"
      },
      {
        "state": "TAS",
        "price": "750",
        "price_per_unit": "7500",
        "price_unit": "KG"
      },
      {
        "state": "ACT",
        "price": "750",
        "price_per_unit": "7500",
        "price_unit": "KG"
      },
      {
        "state": "NT",
        "price": "750",
        "price_per_unit": "7500",
        "price_unit": "KG"
      }
    ]
  },
  {
    "source_url": "https://www.coles.com.au/product/meredith-dairy-chevre-dill-150g-6671009",
    "name": "Meredith Dairy Chevre Dill | 150g",
    "image_url": "https://www.coles.com.au/_next/image?url=https%3A%2F%2Fproductimages.coles.com.au%2Fproductimages%2F6%2F6671009.jpg&w=640&q=90",
    "barcode": "9317320101524",
    "shop": "coles",
    "category_id": "24023",
    "weight": "150g",
    "prices": [
      {
        "state": "VIC",
        "price": "6267",
        "price_per_unit": "940",
        "price_unit": "g"
      }
    ]
  },
  {
    "source_url": "https://www.woolworths.com.au/shop/productdetails/330227/meredith-dairy-dill-cheese",
    "name": "Meredith Dairy Dill Cheese 150g",
    "image_url": "https://cdn1.woolworths.media/content/wowproductimages/large/330227.jpg",
    "barcode": "9317320101524",
    "shop": "Woolworths",
    "category_id": "24023",
    "weight": "1KG",
    "prices": [
      {
        "state": "NSW",
        "price": "940",
        "price_per_unit": "6267",
        "price_unit": "KG"
      },
      {
        "state": "VIC",
        "price": "940",
        "price_per_unit": "6267",
        "price_unit": "KG"
      },
      {
        "state": "QLD",
        "price": "940",
        "price_per_unit": "6267",
        "price_unit": "KG"
      },
      {
        "state": "WA",
        "price": "940",
        "price_per_unit": "6267",
        "price_unit": "KG"
      },
      {
        "state": "SA",
        "price": "940",
        "price_per_unit": "6267",
        "price_unit": "KG"
      },
      {
        "state": "ACT",
        "price": "940",
        "price_per_unit": "6267",
        "price_unit": "KG"
      }
    ]
  },
  {
    "source_url": "https://www.coles.com.au/product/meredith-dairy-marinated-goat-cheese-320g-6671042",
    "name": "Meredith Dairy Marinated Goat Cheese | 320g",
    "image_url": "https://www.coles.com.au/_next/image?url=https%3A%2F%2Fproductimages.coles.com.au%2Fproductimages%2F6%2F6671042.jpg&w=640&q=90",
    "barcode": "9317320100039",
    "shop": "coles",
    "category_id": "24023",
    "weight": "320g",
    "prices": [
      {
        "state": "VIC",
        "price": "4313",
        "price_per_unit": "1380",
        "price_unit": "g"
      },
      {
        "state": "NSW",
        "price": "4313",
        "price_per_unit": "1380",
        "price_unit": "g"
      },
      {
        "state": "QLD",
        "price": "4313",
        "price_per_unit": "1380",
        "price_unit": "g"
      },
      {
        "state": "WA",
        "price": "4313",
        "price_per_unit": "1380",
        "price_unit": "g"
      },
      {
        "state": "SA",
        "price": "4313",
        "price_per_unit": "1380",
        "price_unit": "g"
      },
      {
        "state": "TAS",
        "price": "4313",
        "price_per_unit": "1380",
        "price_unit": "g"
      },
      {
        "state": "ACT",
        "price": "4313",
        "price_per_unit": "1380",
        "price_unit": "g"
      },
      {
        "state": "NT",
        "price": "4313",
        "price_per_unit": "1380",
        "price_unit": "g"
      }
    ]
  },
  {
    "source_url": "https://www.woolworths.com.au/shop/productdetails/135884/meredith-dairy-goats-cheese-in-olive-oil",
    "name": "Meredith Dairy Goats Cheese 320g",
    "image_url": "https://cdn1.woolworths.media/content/wowproductimages/large/135884.jpg",
    "barcode": "9317320100039",
    "shop": "Woolworths",
    "category_id": "24023",
    "weight": "1KG",
    "prices": [
      {
        "state": "NSW",
        "price": "1380",
        "price_per_unit": "4313",
        "price_unit": "KG"
      },
      {
        "state": "VIC",
        "price": "1380",
        "price_per_unit": "4313",
        "price_unit": "KG"
      },
      {
        "state": "QLD",
        "price": "1380",
        "price_per_unit": "4313",
        "price_unit": "KG"
      },
      {
        "state": "WA",
        "price": "1380",
        "price_per_unit": "4313",
        "price_unit": "KG"
      },
      {
        "state": "SA",
        "price": "1380",
        "price_per_unit": "4313",
        "price_unit": "KG"
      },
      {
        "state": "TAS",
        "price": "1380",
        "price_per_unit": "4313",
        "price_unit": "KG"
      },
      {
        "state": "ACT",
        "price": "1380",
        "price_per_unit": "4313",
        "price_unit": "KG"
      },
      {
        "state": "NT",
        "price": "1380",
        "price_per_unit": "4313",
        "price_unit": "KG"
      }
    ]
  },
  {
    "source_url": "https://www.coles.com.au/product/meredith-dairy-chevre-plain-150g-6670935",
    "name": "Meredith Dairy Chevre Plain | 150g",
    "image_url": "https://www.coles.com.au/_next/image?url=https%3A%2F%2Fproductimages.coles.com.au%2Fproductimages%2F6%2F6670935.jpg&w=640&q=90",
    "barcode": "9317320101500",
    "shop": "coles",
    "category_id": "24023",
    "weight": "150g",
    "prices": [
      {
        "state": "NSW",
        "price": "6267",
        "price_per_unit": "940",
        "price_unit": "g"
      },
      {
        "state": "QLD",
        "price": "6267",
        "price_per_unit": "940",
        "price_unit": "g"
      },
      {
        "state": "WA",
        "price": "6267",
        "price_per_unit": "940",
        "price_unit": "g"
      },
      {
        "state": "SA",
        "price": "6267",
        "price_per_unit": "940",
        "price_unit": "g"
      },
      {
        "state": "TAS",
        "price": "6267",
        "price_per_unit": "940",
        "price_unit": "g"
      },
      {
        "state": "ACT",
        "price": "6267",
        "price_per_unit": "940",
        "price_unit": "g"
      },
      {
        "state": "NT",
        "price": "6267",
        "price_per_unit": "940",
        "price_unit": "g"
      }
    ]
  },
  {
    "source_url": "https://www.woolworths.com.au/shop/productdetails/316043/meredith-dairy-plain-goats-cheese",
    "name": "Meredith Dairy Plain Goats Cheese 150g",
    "image_url": "https://cdn1.woolworths.media/content/wowproductimages/large/316043.jpg",
    "barcode": "9317320101500",
    "shop": "Woolworths",
    "category_id": "24023",
    "weight": "1KG",
    "prices": [
      {
        "state": "NSW",
        "price": "940",
        "price_per_unit": "6267",
        "price_unit": "KG"
      },
      {
        "state": "VIC",
        "price": "940",
        "price_per_unit": "6267",
        "price_unit": "KG"
      },
      {
        "state": "QLD",
        "price": "940",
        "price_per_unit": "6267",
        "price_unit": "KG"
      },
      {
        "state": "WA",
        "price": "940",
        "price_per_unit": "6267",
        "price_unit": "KG"
      },
      {
        "state": "SA",
        "price": "940",
        "price_per_unit": "6267",
        "price_unit": "KG"
      },
      {
        "state": "TAS",
        "price": "940",
        "price_per_unit": "6267",
        "price_unit": "KG"
      },
      {
        "state": "ACT",
        "price": "940",
        "price_per_unit": "6267",
        "price_unit": "KG"
      },
      {
        "state": "NT",
        "price": "940",
        "price_per_unit": "6267",
        "price_unit": "KG"
      }
    ]
  },
  {
    "source_url": "https://www.coles.com.au/product/yarra-valley-salted-honey-cow-cheese-120g-3052973",
    "name": "Yarra Valley Salted Honey Cow Cheese | 120g",
    "image_url": "https://www.coles.com.au/_next/image?url=https%3A%2F%2Fproductimages.coles.com.au%2Fproductimages%2F3%2F3052973.jpg&w=640&q=90",
    "barcode": "9326105000082",
    "shop": "coles",
    "category_id": "24023",
    "weight": "120g",
    "prices": [
      {
        "state": "VIC",
        "price": "5167",
        "price_per_unit": "620",
        "price_unit": "g"
      }
    ]
  },
  {
    "source_url": "https://www.woolworths.com.au/shop/productdetails/638913/yarra-valley-cheese-salted-honey-cow",
    "name": "Yarra Valley Cheese Salted Honey Cow 120g",
    "image_url": "https://cdn1.woolworths.media/content/wowproductimages/large/638913.jpg",
    "barcode": "9326105000082",
    "shop": "Woolworths",
    "category_id": "24023",
    "weight": "1KG",
    "prices": [
      {
        "state": "NSW",
        "price": "620",
        "price_per_unit": "5167",
        "price_unit": "KG"
      },
      {
        "state": "VIC",
        "price": "620",
        "price_per_unit": "5167",
        "price_unit": "KG"
      },
      {
        "state": "QLD",
        "price": "620",
        "price_per_unit": "5167",
        "price_unit": "KG"
      },
      {
        "state": "SA",
        "price": "620",
        "price_per_unit": "5167",
        "price_unit": "KG"
      },
      {
        "state": "TAS",
        "price": "620",
        "price_per_unit": "5167",
        "price_unit": "KG"
      },
      {
        "state": "ACT",
        "price": "620",
        "price_per_unit": "5167",
        "price_unit": "KG"
      },
      {
        "state": "NT",
        "price": "620",
        "price_per_unit": "5167",
        "price_unit": "KG"
      }
    ]
  },
  {
    "source_url": "https://www.coles.com.au/product/port-salut-depuis-150g-5362869",
    "name": "Port Salut Depuis | 150g",
    "image_url": "https://www.coles.com.au/_next/image?url=https%3A%2F%2Fproductimages.coles.com.au%2Fproductimages%2F5%2F5362869.jpg&w=640&q=90",
    "barcode": "3073780872331",
    "shop": "coles",
    "category_id": "24023",
    "weight": "150g",
    "prices": [
      {
        "state": "VIC",
        "price": "6334",
        "price_per_unit": "950",
        "price_unit": "g"
      }
    ]
  },
  {
    "source_url": "https://www.woolworths.com.au/shop/productdetails/228659/port-salut-cheese",
    "name": "Port Salut Cheese 150g",
    "image_url": "https://cdn1.woolworths.media/content/wowproductimages/large/228659.jpg",
    "barcode": "3073780872331",
    "shop": "Woolworths",
    "category_id": "24023",
    "weight": "1KG",
    "prices": [
      {
        "state": "QLD",
        "price": "960",
        "price_per_unit": "6400",
        "price_unit": "KG"
      },
      {
        "state": "NT",
        "price": "960",
        "price_per_unit": "6400",
        "price_unit": "KG"
      }
    ]
  },
  {
    "source_url": "https://www.coles.com.au/product/la-casa-del-formaggio-pecorino-grated-500g-8555472",
    "name": "La Casa Del Formaggio Pecorino Grated | 500g",
    "image_url": "https://www.coles.com.au/_next/image?url=https%3A%2F%2Fproductimages.coles.com.au%2Fproductimages%2F8%2F8555472.jpg&w=640&q=90",
    "barcode": "9324924000320",
    "shop": "coles",
    "category_id": "24023",
    "weight": "500g",
    "prices": [
      {
        "state": "SA",
        "price": "2320",
        "price_per_unit": "1160",
        "price_unit": "g"
      },
      {
        "state": "NT",
        "price": "2320",
        "price_per_unit": "1160",
        "price_unit": "g"
      }
    ]
  },
  {
    "source_url": "https://www.woolworths.com.au/shop/productdetails/763130/la-casa-del-formaggio-grated-pecorino-cheese-cheese",
    "name": "La Casa Del Formaggio Grated Pecorino Cheese 500g",
    "image_url": "https://cdn1.woolworths.media/content/wowproductimages/large/763130.jpg",
    "barcode": "9324924000320",
    "shop": "Woolworths",
    "category_id": "24023",
    "weight": "1KG",
    "prices": [
      {
        "state": "SA",
        "price": "1160",
        "price_per_unit": "2320",
        "price_unit": "KG"
      }
    ]
  },
  {
    "source_url": "https://www.coles.com.au/product/udder-delights-camembert-200g-3054549",
    "name": "Udder Delights Camembert | 200g",
    "image_url": "https://www.coles.com.au/_next/image?url=https%3A%2F%2Fproductimages.coles.com.au%2Fproductimages%2F3%2F3054549.jpg&w=640&q=90",
    "barcode": "9339929000107",
    "shop": "coles",
    "category_id": "24023",
    "weight": "200g",
    "prices": [
      {
        "state": "VIC",
        "price": "5250",
        "price_per_unit": "1050",
        "price_unit": "g"
      },
      {
        "state": "NSW",
        "price": "5250",
        "price_per_unit": "1050",
        "price_unit": "g"
      },
      {
        "state": "QLD",
        "price": "5250",
        "price_per_unit": "1050",
        "price_unit": "g"
      },
      {
        "state": "WA",
        "price": "5250",
        "price_per_unit": "1050",
        "price_unit": "g"
      },
      {
        "state": "SA",
        "price": "5250",
        "price_per_unit": "1050",
        "price_unit": "g"
      },
      {
        "state": "TAS",
        "price": "5250",
        "price_per_unit": "1050",
        "price_unit": "g"
      },
      {
        "state": "ACT",
        "price": "5250",
        "price_per_unit": "1050",
        "price_unit": "g"
      },
      {
        "state": "NT",
        "price": "5250",
        "price_per_unit": "1050",
        "price_unit": "g"
      }
    ]
  },
  {
    "source_url": "https://www.woolworths.com.au/shop/productdetails/180725/udder-delights-camembert",
    "name": "Udder Delights Camembert 200g",
    "image_url": "https://cdn1.woolworths.media/content/wowproductimages/large/180725.jpg",
    "barcode": "9339929000107",
    "shop": "Woolworths",
    "category_id": "24023",
    "weight": "1KG",
    "prices": [
      {
        "state": "SA",
        "price": "1060",
        "price_per_unit": "5300",
        "price_unit": "KG"
      }
    ]
  },
  {
    "source_url": "https://www.coles.com.au/product/udder-delights-double-cream-brie-200g-3054560",
    "name": "Udder Delights Double Cream Brie | 200g",
    "image_url": "https://www.coles.com.au/_next/image?url=https%3A%2F%2Fproductimages.coles.com.au%2Fproductimages%2F3%2F3054560.jpg&w=640&q=90",
    "barcode": "9339929000169",
    "shop": "coles",
    "category_id": "24023",
    "weight": "200g",
    "prices": [
      {
        "state": "VIC",
        "price": "5250",
        "price_per_unit": "1050",
        "price_unit": "g"
      },
      {
        "state": "NSW",
        "price": "5250",
        "price_per_unit": "1050",
        "price_unit": "g"
      },
      {
        "state": "QLD",
        "price": "5250",
        "price_per_unit": "1050",
        "price_unit": "g"
      },
      {
        "state": "WA",
        "price": "5250",
        "price_per_unit": "1050",
        "price_unit": "g"
      },
      {
        "state": "SA",
        "price": "5250",
        "price_per_unit": "1050",
        "price_unit": "g"
      },
      {
        "state": "TAS",
        "price": "5250",
        "price_per_unit": "1050",
        "price_unit": "g"
      },
      {
        "state": "ACT",
        "price": "5250",
        "price_per_unit": "1050",
        "price_unit": "g"
      },
      {
        "state": "NT",
        "price": "5250",
        "price_per_unit": "1050",
        "price_unit": "g"
      }
    ]
  },
  {
    "source_url": "https://www.woolworths.com.au/shop/productdetails/724318/udder-delights-double-cream-brie-cheese",
    "name": "Udder Delights Double Cream Brie Cheese 200g",
    "image_url": "https://cdn1.woolworths.media/content/wowproductimages/large/724318.jpg",
    "barcode": "9339929000169",
    "shop": "Woolworths",
    "category_id": "24023",
    "weight": "1KG",
    "prices": []
  },
  {
    "source_url": "https://www.coles.com.au/product/mcco-truffle-infused-goats-cheese-280g-6521040",
    "name": "MCCO Truffle Infused Goats Cheese | 280g",
    "image_url": "https://www.coles.com.au/_next/image?url=https%3A%2F%2Fproductimages.coles.com.au%2Fproductimages%2F6%2F6521040.jpg&w=640&q=90",
    "barcode": "9322515038158",
    "shop": "coles",
    "category_id": "24023",
    "weight": "280g",
    "prices": [
      {
        "state": "VIC",
        "price": "4643",
        "price_per_unit": "1300",
        "price_unit": "g"
      },
      {
        "state": "NSW",
        "price": "4643",
        "price_per_unit": "1300",
        "price_unit": "g"
      },
      {
        "state": "QLD",
        "price": "4643",
        "price_per_unit": "1300",
        "price_unit": "g"
      },
      {
        "state": "ACT",
        "price": "4643",
        "price_per_unit": "1300",
        "price_unit": "g"
      },
      {
        "state": "NT",
        "price": "4643",
        "price_per_unit": "1300",
        "price_unit": "g"
      }
    ]
  },
  {
    "source_url": "https://www.woolworths.com.au/shop/productdetails/238005/melbourne-cheese-company-truffle-infused-goats-cheese",
    "name": "Melbourne Cheese Company Truffle Infused Goats Cheese 250g",
    "image_url": "https://cdn1.woolworths.media/content/wowproductimages/large/238005.jpg",
    "barcode": "9322515038158",
    "shop": "Woolworths",
    "category_id": "24023",
    "weight": "1KG",
    "prices": [
      {
        "state": "ACT",
        "price": "1300",
        "price_per_unit": "4643",
        "price_unit": "KG"
      }
    ]
  },
  {
    "source_url": "https://www.coles.com.au/product/bio-dynamic-triple-cream-camembert-280g-3635701",
    "name": "Bio-Dynamic Triple Cream Camembert | 280g",
    "image_url": "https://www.coles.com.au/_next/image?url=https%3A%2F%2Fproductimages.coles.com.au%2Fproductimages%2F3%2F3635701.jpg&w=640&q=90",
    "barcode": "9316086001703",
    "shop": "coles",
    "category_id": "24023",
    "weight": "280g",
    "prices": [
      {
        "state": "VIC",
        "price": "5179",
        "price_per_unit": "1450",
        "price_unit": "g"
      }
    ]
  },
  {
    "source_url": "https://www.woolworths.com.au/shop/productdetails/815661/paris-creek-farms-triple-cream-camembert",
    "name": "Paris Creek Farms Triple Cream Camembert 280g",
    "image_url": "https://cdn1.woolworths.media/content/wowproductimages/large/815661.jpg",
    "barcode": "9316086001703",
    "shop": "Woolworths",
    "category_id": "24023",
    "weight": "1KG",
    "prices": [
      {
        "state": "NT",
        "price": "1450",
        "price_per_unit": "5179",
        "price_unit": "KG"
      }
    ]
  },
  {
    "source_url": "https://www.coles.com.au/product/udder-delights-heysen-blue-100g-6520976",
    "name": "Udder Delights Heysen Blue | 100g",
    "image_url": "https://www.coles.com.au/_next/image?url=https%3A%2F%2Fproductimages.coles.com.au%2Fproductimages%2F6%2F6520976.jpg&w=640&q=90",
    "barcode": "9339929001586",
    "shop": "coles",
    "category_id": "24023",
    "weight": "100g",
    "prices": [
      {
        "state": "QLD",
        "price": "6750",
        "price_per_unit": "675",
        "price_unit": "g"
      },
      {
        "state": "NT",
        "price": "6750",
        "price_per_unit": "675",
        "price_unit": "g"
      }
    ]
  },
  {
    "source_url": "https://www.woolworths.com.au/shop/productdetails/219423/udder-delights-heysen-blue-cheese",
    "name": "Udder Delights Heysen Blue Cheese 100g",
    "image_url": "https://cdn1.woolworths.media/content/wowproductimages/large/219423.jpg",
    "barcode": "9339929001586",
    "shop": "Woolworths",
    "category_id": "24023",
    "weight": "1KG",
    "prices": [
      {
        "state": "NT",
        "price": "910",
        "price_per_unit": "9100",
        "price_unit": "KG"
      }
    ]
  }
]