[
  {
    "source_url": "https://www.woolworths.com.au/shop/productdetails/477938/hanabi-edamame-soybean-pods-soybean-pods",
    "name": "Hanabi Edamame Soybean Pods Soybean Pods 400g",
    "image_url": "https://cdn1.woolworths.media/content/wowproductimages/large/477938.jpg",
    "source_id": "Woolworths - 477938",
    "barcode": "9310432301004",
    "category_id": "1_ACA2FC2",
    "shop": "Woolworths",
    "weight": "100G",
    "prices": [
      {
        "state": "NSW",
        "price": "390",
        "price_per_unit": "98",
        "price_unit": "G"
      },
      {
        "state": "VIC",
        "price": "390",
        "price_per_unit": "98",
        "price_unit": "G"
      },
      {
        "state": "SA",
        "price": "390",
        "price_per_unit": "98",
        "price_unit": "G"
      },
      {
        "state": "ACT",
        "price": "390",
        "price_per_unit": "98",
        "price_unit": "G"
      },
      {
        "state": "NT",
        "price": "390",
        "price_per_unit": "98",
        "price_unit": "G"
      }
    ]
  },
  {
    "source_url": "https://www.woolworths.com.au/shop/productdetails/187432/hanabi-seedless-jack-fruit",
    "name": "Hanabi Seedless Jack Fruit 400g",
    "image_url": "https://cdn1.woolworths.media/content/wowproductimages/large/187432.jpg",
    "source_id": "Woolworths - 187432",
    "barcode": "9310432005049",
    "category_id": "1_ACA2FC2",
    "shop": "Woolworths",
    "weight": "100G",
    "prices": [
      {
        "state": "NSW",
        "price": "450",
        "price_per_unit": "113",
        "price_unit": "G"
      },
      {
        "state": "VIC",
        "price": "450",
        "price_per_unit": "113",
        "price_unit": "G"
      },
      {
        "state": "SA",
        "price": "450",
        "price_per_unit": "113",
        "price_unit": "G"
      },
      {
        "state": "ACT",
        "price": "450",
        "price_per_unit": "113",
        "price_unit": "G"
      },
      {
        "state": "NT",
        "price": "450",
        "price_per_unit": "113",
        "price_unit": "G"
      }
    ]
  },
  {
    "source_url": "https://www.woolworths.com.au/shop/productdetails/483531/naked-rivals-100-lime-juice-frozen",
    "name": "Naked Rivals 100% Lime Juice Frozen 12 pack",
    "image_url": "https://cdn1.woolworths.media/content/wowproductimages/large/483531.jpg",
    "source_id": "Woolworths - 483531",
    "barcode": "9369900023665",
    "category_id": "1_ACA2FC2",
    "shop": "Woolworths",
    "weight": "100G",
    "prices": [
      {
        "state": "NSW",
        "price": "650",
        "price_per_unit": "387",
        "price_unit": "G"
      },
      {
        "state": "VIC",
        "price": "650",
        "price_per_unit": "387",
        "price_unit": "G"
      },
      {
        "state": "QLD",
        "price": "650",
        "price_per_unit": "387",
        "price_unit": "G"
      },
      {
        "state": "ACT",
        "price": "650",
        "price_per_unit": "387",
        "price_unit": "G"
      }
    ]
  },
  {
    "source_url": "https://www.woolworths.com.au/shop/productdetails/768559/woolworths-broccoli-florets",
    "name": "Woolworths Broccoli Florets 500g",
    "image_url": "https://cdn1.woolworths.media/content/wowproductimages/large/768559.jpg",
    "source_id": "Woolworths - 768559",
    "barcode": "9300633450328",
    "category_id": "1_ACA2FC2",
    "shop": "Woolworths",
    "weight": "1KG",
    "prices": [
      {
        "state": "NSW",
        "price": "400",
        "price_per_unit": "800",
        "price_unit": "KG"
      },
      {
        "state": "VIC",
        "price": "400",
        "price_per_unit": "800",
        "price_unit": "KG"
      },
      {
        "state": "QLD",
        "price": "400",
        "price_per_unit": "800",
        "price_unit": "KG"
      },
      {
        "state": "WA",
        "price": "400",
        "price_per_unit": "800",
        "price_unit": "KG"
      },
      {
        "state": "SA",
        "price": "400",
        "price_per_unit": "800",
        "price_unit": "KG"
      },
      {
        "state": "TAS",
        "price": "400",
        "price_per_unit": "800",
        "price_unit": "KG"
      },
      {
        "state": "ACT",
        "price": "400",
        "price_per_unit": "800",
        "price_unit": "KG"
      },
      {
        "state": "NT",
        "price": "400",
        "price_per_unit": "800",
        "price_unit": "KG"
      }
    ]
  },
  {
    "source_url": "https://www.woolworths.com.au/shop/productdetails/61998/woolworths-prep-set-go-diced-frozen-onions",
    "name": "Woolworths Prep Set Go Diced Frozen Onions 500g",
    "image_url": "https://cdn1.woolworths.media/content/wowproductimages/large/061998.jpg",
    "source_id": "Woolworths - 61998",
    "barcode": "9339687133857",
    "category_id": "1_ACA2FC2",
    "shop": "Woolworths",
    "weight": "1KG",
    "prices": [
      {
        "state": "NSW",
        "price": "250",
        "price_per_unit": "500",
        "price_unit": "KG"
      },
      {
        "state": "VIC",
        "price": "250",
        "price_per_unit": "500",
        "price_unit": "KG"
      },
      {
        "state": "QLD",
        "price": "250",
        "price_per_unit": "500",
        "price_unit": "KG"
      },
      {
        "state": "WA",
        "price": "250",
        "price_per_unit": "500",
        "price_unit": "KG"
      },
      {
        "state": "SA",
        "price": "250",
        "price_per_unit": "500",
        "price_unit": "KG"
      },
      {
        "state": "ACT",
        "price": "250",
        "price_per_unit": "500",
        "price_unit": "KG"
      },
      {
        "state": "NT",
        "price": "250",
        "price_per_unit": "500",
        "price_unit": "KG"
      }
    ]
  },
  {
    "source_url": "https://www.woolworths.com.au/shop/productdetails/516857/bell-farms-chopped-spinach",
    "name": "Bell Farms Chopped Spinach 250g",
    "image_url": "https://cdn1.woolworths.media/content/wowproductimages/large/516857.jpg",
    "source_id": "Woolworths - 516857",
    "barcode": "9300633582920",
    "category_id": "1_ACA2FC2",
    "shop": "Woolworths",
    "weight": "1KG",
    "prices": [
      {
        "state": "VIC",
        "price": "95",
        "price_per_unit": "380",
        "price_unit": "KG"
      },
      {
        "state": "QLD",
        "price": "95",
        "price_per_unit": "380",
        "price_unit": "KG"
      },
      {
        "state": "ACT",
        "price": "95",
        "price_per_unit": "380",
        "price_unit": "KG"
      },
      {
        "state": "NT",
        "price": "99",
        "price_per_unit": "396",
        "price_unit": "KG"
      }
    ]
  },
  {
    "source_url": "https://www.woolworths.com.au/shop/productdetails/117518/birds-eye-veggie-rice-carrot-cauli-broccoli",
    "name": "Birds Eye Veggie Rice Carrot, Cauli & Broccoli 500g",
    "image_url": "https://cdn1.woolworths.media/content/wowproductimages/large/117518.jpg",
    "source_id": "Woolworths - 117518",
    "barcode": "9310081127796",
    "category_id": "1_ACA2FC2",
    "shop": "Woolworths",
    "weight": "1KG",
    "prices": [
      {
        "state": "VIC",
        "price": "495",
        "price_per_unit": "990",
        "price_unit": "KG"
      },
      {
        "state": "QLD",
        "price": "495",
        "price_per_unit": "990",
        "price_unit": "KG"
      },
      {
        "state": "WA",
        "price": "495",
        "price_per_unit": "990",
        "price_unit": "KG"
      },
      {
        "state": "SA",
        "price": "495",
        "price_per_unit": "990",
        "price_unit": "KG"
      },
      {
        "state": "TAS",
        "price": "495",
        "price_per_unit": "990",
        "price_unit": "KG"
      },
      {
        "state": "ACT",
        "price": "495",
        "price_per_unit": "990",
        "price_unit": "KG"
      },
      {
        "state": "NT",
        "price": "495",
        "price_per_unit": "990",
        "price_unit": "KG"
      }
    ]
  },
  {
    "source_url": "https://www.woolworths.com.au/shop/productdetails/817501/macro-organic-chopped-kale-portions",
    "name": "Macro Organic Chopped Kale Portions 450g",
    "image_url": "https://cdn1.woolworths.media/content/wowproductimages/large/817501.jpg",
    "source_id": "Woolworths - 817501",
    "barcode": "9339687075324",
    "category_id": "1_ACA2FC2",
    "shop": "Woolworths",
    "weight": "1KG",
    "prices": [
      {
        "state": "VIC",
        "price": "500",
        "price_per_unit": "1111",
        "price_unit": "KG"
      },
      {
        "state": "SA",
        "price": "500",
        "price_per_unit": "1111",
        "price_unit": "KG"
      },
      {
        "state": "ACT",
        "price": "500",
        "price_per_unit": "1111",
        "price_unit": "KG"
      }
    ]
  },
  {
    "source_url": "https://www.woolworths.com.au/shop/productdetails/817500/macro-organic-spinach-leaf-portions",
    "name": "Macro Organic Spinach Leaf Portions 450g",
    "image_url": "https://cdn1.woolworths.media/content/wowproductimages/large/817500.jpg",
    "source_id": "Woolworths - 817500",
    "barcode": "9339687075317",
    "category_id": "1_ACA2FC2",
    "shop": "Woolworths",
    "weight": "1KG",
    "prices": [
      {
        "state": "VIC",
        "price": "500",
        "price_per_unit": "1111",
        "price_unit": "KG"
      },
      {
        "state": "QLD",
        "price": "500",
        "price_per_unit": "1111",
        "price_unit": "KG"
      },
      {
        "state": "WA",
        "price": "500",
        "price_per_unit": "1111",
        "price_unit": "KG"
      },
      {
        "state": "SA",
        "price": "500",
        "price_per_unit": "1111",
        "price_unit": "KG"
      },
      {
        "state": "TAS",
        "price": "500",
        "price_per_unit": "1111",
        "price_unit": "KG"
      },
      {
        "state": "ACT",
        "price": "500",
        "price_per_unit": "1111",
        "price_unit": "KG"
      },
      {
        "state": "NT",
        "price": "500",
        "price_per_unit": "1111",
        "price_unit": "KG"
      }
    ]
  },
  {
    "source_url": "https://www.woolworths.com.au/shop/productdetails/180529/umami-seaweed-salad",
    "name": "Umami Seaweed Salad 200g",
    "image_url": "https://cdn1.woolworths.media/content/wowproductimages/large/180529.jpg",
    "source_id": "Woolworths - 180529",
    "barcode": "9340746001819",
    "category_id": "1_ACA2FC2",
    "shop": "Woolworths",
    "weight": "100G",
    "prices": [
      {
        "state": "VIC",
        "price": "300",
        "price_per_unit": "150",
        "price_unit": "G"
      },
      {
        "state": "SA",
        "price": "300",
        "price_per_unit": "150",
        "price_unit": "G"
      },
      {
        "state": "NT",
        "price": "300",
        "price_per_unit": "150",
        "price_unit": "G"
      }
    ]
  },
  {
    "source_url": "https://www.woolworths.com.au/shop/productdetails/768583/woolworths-brussels-sprouts",
    "name": "Woolworths Brussels Sprouts 500g",
    "image_url": "https://cdn1.woolworths.media/content/wowproductimages/large/768583.jpg",
    "source_id": "Woolworths - 768583",
    "barcode": "9300633450458",
    "category_id": "1_ACA2FC2",
    "shop": "Woolworths",
    "weight": "1KG",
    "prices": [
      {
        "state": "VIC",
        "price": "250",
        "price_per_unit": "500",
        "price_unit": "KG"
      },
      {
        "state": "QLD",
        "price": "250",
        "price_per_unit": "500",
        "price_unit": "KG"
      },
      {
        "state": "WA",
        "price": "250",
        "price_per_unit": "500",
        "price_unit": "KG"
      },
      {
        "state": "SA",
        "price": "250",
        "price_per_unit": "500",
        "price_unit": "KG"
      },
      {
        "state": "TAS",
        "price": "250",
        "price_per_unit": "500",
        "price_unit": "KG"
      },
      {
        "state": "ACT",
        "price": "250",
        "price_per_unit": "500",
        "price_unit": "KG"
      },
      {
        "state": "NT",
        "price": "250",
        "price_per_unit": "500",
        "price_unit": "KG"
      }
    ]
  },
  {
    "source_url": "https://www.woolworths.com.au/shop/productdetails/768560/woolworths-cauliflower-florets",
    "name": "Woolworths Cauliflower Florets 500g",
    "image_url": "https://cdn1.woolworths.media/content/wowproductimages/large/768560.jpg",
    "source_id": "Woolworths - 768560",
    "barcode": "9300633450335",
    "category_id": "1_ACA2FC2",
    "shop": "Woolworths",
    "weight": "1KG",
    "prices": [
      {
        "state": "VIC",
        "price": "400",
        "price_per_unit": "800",
        "price_unit": "KG"
      },
      {
        "state": "QLD",
        "price": "400",
        "price_per_unit": "800",
        "price_unit": "KG"
      },
      {
        "state": "WA",
        "price": "400",
        "price_per_unit": "800",
        "price_unit": "KG"
      },
      {
        "state": "SA",
        "price": "400",
        "price_per_unit": "800",
        "price_unit": "KG"
      },
      {
        "state": "TAS",
        "price": "400",
        "price_per_unit": "800",
        "price_unit": "KG"
      },
      {
        "state": "ACT",
        "price": "400",
        "price_per_unit": "800",
        "price_unit": "KG"
      },
      {
        "state": "NT",
        "price": "400",
        "price_per_unit": "800",
        "price_unit": "KG"
      }
    ]
  },
  {
    "source_url": "https://www.woolworths.com.au/shop/productdetails/768562/woolworths-julienne-carrots",
    "name": "Woolworths Julienne Carrots 500g",
    "image_url": "https://cdn1.woolworths.media/content/wowproductimages/large/768562.jpg",
    "source_id": "Woolworths - 768562",
    "barcode": "9300633450359",
    "category_id": "1_ACA2FC2",
    "shop": "Woolworths",
    "weight": "1KG",
    "prices": [
      {
        "state": "VIC",
        "price": "250",
        "price_per_unit": "500",
        "price_unit": "KG"
      },
      {
        "state": "QLD",
        "price": "250",
        "price_per_unit": "500",
        "price_unit": "KG"
      },
      {
        "state": "WA",
        "price": "250",
        "price_per_unit": "500",
        "price_unit": "KG"
      },
      {
        "state": "SA",
        "price": "250",
        "price_per_unit": "500",
        "price_unit": "KG"
      },
      {
        "state": "TAS",
        "price": "250",
        "price_per_unit": "500",
        "price_unit": "KG"
      },
      {
        "state": "ACT",
        "price": "250",
        "price_per_unit": "500",
        "price_unit": "KG"
      },
      {
        "state": "NT",
        "price": "250",
        "price_per_unit": "500",
        "price_unit": "KG"
      }
    ]
  },
  {
    "source_url": "https://www.woolworths.com.au/shop/productdetails/120139/bell-farms-snap-frozen-broccoli-florets",
    "name": "Bell Farms Snap Frozen Broccoli Florets 500g",
    "image_url": "https://cdn1.woolworths.media/content/wowproductimages/large/120139.jpg",
    "source_id": "Woolworths - 120139",
    "barcode": "9339687212262",
    "category_id": "1_ACA2FC2",
    "shop": "Woolworths",
    "weight": "1KG",
    "prices": [
      {
        "state": "QLD",
        "price": "300",
        "price_per_unit": "600",
        "price_unit": "KG"
      },
      {
        "state": "ACT",
        "price": "300",
        "price_per_unit": "600",
        "price_unit": "KG"
      }
    ]
  },
  {
    "source_url": "https://www.woolworths.com.au/shop/productdetails/62825/birds-eye-veggie-rice-broccoli-cauli",
    "name": "Birds Eye Veggie Rice Broccoli & Cauli 500g",
    "image_url": "https://cdn1.woolworths.media/content/wowproductimages/large/062825.jpg",
    "source_id": "Woolworths - 62825",
    "barcode": "9310081123736",
    "category_id": "1_ACA2FC2",
    "shop": "Woolworths",
    "weight": "1KG",
    "prices": [
      {
        "state": "QLD",
        "price": "495",
        "price_per_unit": "990",
        "price_unit": "KG"
      },
      {
        "state": "WA",
        "price": "495",
        "price_per_unit": "990",
        "price_unit": "KG"
      },
      {
        "state": "SA",
        "price": "495",
        "price_per_unit": "990",
        "price_unit": "KG"
      },
      {
        "state": "TAS",
        "price": "495",
        "price_per_unit": "990",
        "price_unit": "KG"
      },
      {
        "state": "ACT",
        "price": "495",
        "price_per_unit": "990",
        "price_unit": "KG"
      },
      {
        "state": "NT",
        "price": "495",
        "price_per_unit": "990",
        "price_unit": "KG"
      }
    ]
  },
  {
    "source_url": "https://www.woolworths.com.au/shop/productdetails/802638/birds-eye-veggie-rice-cauliflower",
    "name": "Birds Eye Veggie Rice Cauliflower 500g",
    "image_url": "https://cdn1.woolworths.media/content/wowproductimages/large/802638.jpg",
    "source_id": "Woolworths - 802638",
    "barcode": "9310081122296",
    "category_id": "1_ACA2FC2",
    "shop": "Woolworths",
    "weight": "1KG",
    "prices": [
      {
        "state": "QLD",
        "price": "495",
        "price_per_unit": "990",
        "price_unit": "KG"
      },
      {
        "state": "WA",
        "price": "495",
        "price_per_unit": "990",
        "price_unit": "KG"
      },
      {
        "state": "SA",
        "price": "495",
        "price_per_unit": "990",
        "price_unit": "KG"
      },
      {
        "state": "TAS",
        "price": "495",
        "price_per_unit": "990",
        "price_unit": "KG"
      },
      {
        "state": "ACT",
        "price": "495",
        "price_per_unit": "990",
        "price_unit": "KG"
      },
      {
        "state": "NT",
        "price": "495",
        "price_per_unit": "990",
        "price_unit": "KG"
      }
    ]
  },
  {
    "source_url": "https://www.woolworths.com.au/shop/productdetails/741/mccain-pub-style-onion-rings",
    "name": "McCain Pub Style Onion Rings 500g",
    "image_url": "https://cdn1.woolworths.media/content/wowproductimages/large/000741.jpg",
    "source_id": "Woolworths - 741",
    "barcode": "9310174170104",
    "category_id": "1_ACA2FC2",
    "shop": "Woolworths",
    "weight": "1KG",
    "prices": [
      {
        "state": "QLD",
        "price": "580",
        "price_per_unit": "1160",
        "price_unit": "KG"
      },
      {
        "state": "WA",
        "price": "580",
        "price_per_unit": "1160",
        "price_unit": "KG"
      },
      {
        "state": "SA",
        "price": "580",
        "price_per_unit": "1160",
        "price_unit": "KG"
      },
      {
        "state": "TAS",
        "price": "580",
        "price_per_unit": "1160",
        "price_unit": "KG"
      },
      {
        "state": "ACT",
        "price": "580",
        "price_per_unit": "1160",
        "price_unit": "KG"
      },
      {
        "state": "NT",
        "price": "610",
        "price_per_unit": "1220",
        "price_unit": "KG"
      }
    ]
  },
  {
    "source_url": "https://www.woolworths.com.au/shop/productdetails/386073/just-cook-onion-rings",
    "name": "Just Cook Onion Rings 600g",
    "image_url": "https://cdn1.woolworths.media/content/wowproductimages/large/386073.jpg",
    "source_id": "Woolworths - 386073",
    "barcode": "9315822020084",
    "category_id": "1_ACA2FC2",
    "shop": "Woolworths",
    "weight": "1KG",
    "prices": [
      {
        "state": "SA",
        "price": "1000",
        "price_per_unit": "1667",
        "price_unit": "KG"
      },
      {
        "state": "TAS",
        "price": "1000",
        "price_per_unit": "1667",
        "price_unit": "KG"
      },
      {
        "state": "ACT",
        "price": "1000",
        "price_per_unit": "1667",
        "price_unit": "KG"
      },
      {
        "state": "NT",
        "price": "1050",
        "price_per_unit": "1750",
        "price_unit": "KG"
      }
    ]
  },
  {
    "source_url": "https://www.woolworths.com.au/shop/productdetails/120140/bell-farms-snap-frozen-cauliflower-florets",
    "name": "Bell Farms Snap Frozen Cauliflower Florets 500g",
    "image_url": "https://cdn1.woolworths.media/content/wowproductimages/large/120140.jpg",
    "source_id": "Woolworths - 120140",
    "barcode": "9339687212279",
    "category_id": "1_ACA2FC2",
    "shop": "Woolworths",
    "weight": "1KG",
    "prices": [
      {
        "state": "ACT",
        "price": "300",
        "price_per_unit": "600",
        "price_unit": "KG"
      }
    ]
  },
  {
    "source_url": "https://www.woolworths.com.au/shop/productdetails/387239/jase-s-kitchen-crumbed-zucchini-wedges",
    "name": "Jase's Kitchen Crumbed Zucchini Wedges 500g",
    "image_url": "https://cdn1.woolworths.media/content/wowproductimages/large/387239.jpg",
    "source_id": "Woolworths - 387239",
    "barcode": "9343223000886",
    "category_id": "1_ACA2FC2",
    "shop": "Woolworths",
    "weight": "1KG",
    "prices": [
      {
        "state": "ACT",
        "price": "700",
        "price_per_unit": "1400",
        "price_unit": "KG"
      }
    ]
  },
  {
    "source_url": "https://www.woolworths.com.au/shop/productdetails/817504/macro-organic-broccoli-florets",
    "name": "Macro Organic Broccoli Florets 450g",
    "image_url": "https://cdn1.woolworths.media/content/wowproductimages/large/817504.jpg",
    "source_id": "Woolworths - 817504",
    "barcode": "9339687075355",
    "category_id": "1_ACA2FC2",
    "shop": "Woolworths",
    "weight": "1KG",
    "prices": [
      {
        "state": "ACT",
        "price": "500",
        "price_per_unit": "1111",
        "price_unit": "KG"
      }
    ]
  },
  {
    "source_url": "https://www.woolworths.com.au/shop/productdetails/197257/woolworths-prep-set-go-broccoli-rice",
    "name": "Woolworths Prep Set Go Broccoli Rice 500g",
    "image_url": "https://cdn1.woolworths.media/content/wowproductimages/large/197257.jpg",
    "source_id": "Woolworths - 197257",
    "barcode": "9339687288922",
    "category_id": "1_ACA2FC2",
    "shop": "Woolworths",
    "weight": "1KG",
    "prices": [
      {
        "state": "ACT",
        "price": "175",
        "price_per_unit": "350",
        "price_unit": "KG"
      }
    ]
  }
]