[
  {
    "source_url": "https://www.coles.com.au/product/ben's-original-rice-protein-lentils-turmeric-and-brown-rice-pouch-180g-4989379",
    "name": "Ben's Original Rice Protein Lentils Turmeric And Brown Rice P ... 180g",
    "image_url": "https://www.coles.com.au/_next/image?url=https%3A%2F%2Fproductimages.coles.com.au%2Fproductimages%2F4%2F4989379.jpg&w=640&q=90",
    "barcode": "9310012061083",
    "shop": "coles",
    "weight": "180g",
    "prices": {
      "nsw": "194",
      "nsw_price_per_unit": "350",
      "nsw_unit": "g",
      "vic": "139",
      "qld": "139",
      "wa": "139",
      "sa": "139",
      "tas": "139"
    }
  },
  {
    "source_url": "https://www.woolworths.com.au/shop/productdetails/199836/ben-s-original-protein-lentils-turmeric-brown-rice",
    "name": "Ben's Original Protein+ Lentils, Turmeric & Brown Rice 180g",
    "image_url": "https://cdn1.woolworths.media/content/wowproductimages/large/199836.jpg",
    "barcode": "9310012061083",
    "shop": "Woolworths",
    "weight": "100G",
    "prices": {
      "nsw": "300",
      "nsw_price_per_unit": "167",
      "nsw_unit": "G",
      "vic": "300",
      "qld": "300",
      "wa": "300",
      "sa": "300",
      "tas": "300"
    }
  },
  {
    "source_url": "https://www.coles.com.au/product/riviana-arborio-rice-1kg-5988586",
    "name": "Riviana Arborio Rice | 1kg",
    "image_url": "https://www.coles.com.au/_next/image?url=https%3A%2F%2Fproductimages.coles.com.au%2Fproductimages%2F5%2F5988586.jpg&w=640&q=90",
    "barcode": "9300602175849",
    "shop": "coles",
    "weight": "1kg",
    "prices": {
      "nsw": "70",
      "nsw_price_per_unit": "700",
      "nsw_unit": "kg",
      "vic": "70",
      "qld": "70",
      "wa": "70",
      "sa": "70",
      "tas": "70"
    }
  },
  {
    "source_url": "https://www.woolworths.com.au/shop/productdetails/90660/riviana-arborio-rice",
    "name": "Riviana Arborio Rice 1kg",
    "image_url": "https://cdn1.woolworths.media/content/wowproductimages/large/090660.jpg",
    "barcode": "9300602175849",
    "shop": "Woolworths",
    "weight": "100G",
    "prices": {
      "nsw": "700",
      "nsw_price_per_unit": "70",
      "nsw_unit": "G",
      "vic": "700",
      "qld": "700",
      "wa": "700",
      "sa": "700",
      "tas": "700"
    }
  },
  {
    "source_url": "https://www.coles.com.au/product/riviana-basmati-long-grain-rice-1kg-145590",
    "name": "Riviana Basmati Long Grain Rice | 1kg",
    "image_url": "https://www.coles.com.au/_next/image?url=https%3A%2F%2Fproductimages.coles.com.au%2Fproductimages%2F1%2F145590.jpg&w=640&q=90",
    "barcode": "9300602175344",
    "shop": "coles",
    "weight": "1kg",
    "prices": {
      "nsw": "70",
      "nsw_price_per_unit": "700",
      "nsw_unit": "kg",
      "vic": "70",
      "qld": "70",
      "wa": "70",
      "sa": "70",
      "tas": "70"
    }
  },
  {
    "source_url": "https://www.woolworths.com.au/shop/productdetails/34294/riviana-basmati-rice-extra-long-grain",
    "name": "Riviana Basmati Rice Extra Long Grain 1kg",
    "image_url": "https://cdn1.woolworths.media/content/wowproductimages/large/034294.jpg",
    "barcode": "9300602175344",
    "shop": "Woolworths",
    "weight": "100G",
    "prices": {
      "nsw": "700",
      "nsw_price_per_unit": "70",
      "nsw_unit": "G",
      "vic": "700",
      "wa": "700",
      "sa": "700",
      "tas": "700"
    }
  },
  {
    "source_url": "https://www.coles.com.au/product/sunrice-australian-medium-grain-brown-rice-2kg-295414",
    "name": "Sunrice Australian Medium Grain Brown Rice | 2kg",
    "image_url": "https://www.coles.com.au/_next/image?url=https%3A%2F%2Fproductimages.coles.com.au%2Fproductimages%2F2%2F295414.jpg&w=640&q=90",
    "barcode": "9310140283883",
    "shop": "coles",
    "weight": "2kg",
    "prices": {
      "nsw": "33",
      "nsw_price_per_unit": "650",
      "nsw_unit": "kg",
      "vic": "33",
      "qld": "33",
      "wa": "33",
      "sa": "33",
      "tas": "33"
    }
  },
  {
    "source_url": "https://www.woolworths.com.au/shop/productdetails/8254/sunrice-australian-brown-rice-medium-grain",
    "name": "SunRice Australian Brown Rice Medium Grain 2kg",
    "image_url": "https://cdn1.woolworths.media/content/wowproductimages/large/008254.jpg",
    "barcode": "9310140283883",
    "shop": "Woolworths",
    "weight": "100G",
    "prices": {
      "nsw": "650",
      "nsw_price_per_unit": "33",
      "nsw_unit": "G",
      "vic": "650",
      "qld": "650",
      "wa": "650",
      "sa": "650",
      "tas": "650"
    }
  },
  {
    "source_url": "https://www.coles.com.au/product/sunrice-australian-medium-grain-brown-rice-5kg-1751530",
    "name": "Sunrice Australian Medium Grain Brown Rice | 5kg",
    "image_url": "https://www.coles.com.au/_next/image?url=https%3A%2F%2Fproductimages.coles.com.au%2Fproductimages%2F1%2F1751530.jpg&w=640&q=90",
    "barcode": "9310140006451",
    "shop": "coles",
    "weight": "5kg",
    "prices": {
      "nsw": "38",
      "nsw_price_per_unit": "1900",
      "nsw_unit": "kg",
      "vic": "38",
      "qld": "38",
      "wa": "38",
      "sa": "38",
      "tas": "38"
    }
  },
  {
    "source_url": "https://www.woolworths.com.au/shop/productdetails/750029/sunrice-australian-brown-rice-medium-grain",
    "name": "SunRice Australian Brown Rice Medium Grain 5kg",
    "image_url": "https://cdn1.woolworths.media/content/wowproductimages/large/750029.jpg",
    "barcode": "9310140006451",
    "shop": "Woolworths",
    "weight": "100G",
    "prices": {
      "nsw": "1900",
      "nsw_price_per_unit": "38",
      "nsw_unit": "G",
      "vic": "NaN",
      "qld": "1900",
      "wa": "1900",
      "sa": "1900",
      "tas": "1900"
    }
  },
  {
    "source_url": "https://www.coles.com.au/product/sunrice-australian-medium-grain-white-1kg-122460",
    "name": "Sunrice Australian Medium Grain White | 1kg",
    "image_url": "https://www.coles.com.au/_next/image?url=https%3A%2F%2Fproductimages.coles.com.au%2Fproductimages%2F1%2F122460.jpg&w=640&q=90",
    "barcode": "9310140283746",
    "shop": "coles",
    "weight": "1kg",
    "prices": {
      "nsw": "45",
      "nsw_price_per_unit": "450",
      "nsw_unit": "kg",
      "vic": "45",
      "qld": "45",
      "wa": "45",
      "sa": "45",
      "tas": "45"
    }
  },
  {
    "source_url": "https://www.woolworths.com.au/shop/productdetails/33183/sunrice-australian-white-rice-medium-grain",
    "name": "SunRice Australian White Rice Medium Grain 1kg",
    "image_url": "https://cdn1.woolworths.media/content/wowproductimages/large/033183.jpg",
    "barcode": "9310140283746",
    "shop": "Woolworths",
    "weight": "100G",
    "prices": {
      "nsw": "450",
      "nsw_price_per_unit": "45",
      "nsw_unit": "G",
      "vic": "450",
      "qld": "450",
      "wa": "450",
      "sa": "450",
      "tas": "450"
    }
  },
  {
    "source_url": "https://www.coles.com.au/product/sunrice-australian-medium-grain-white-rice-2kg-343470",
    "name": "Sunrice Australian Medium Grain White Rice | 2kg",
    "image_url": "https://www.coles.com.au/_next/image?url=https%3A%2F%2Fproductimages.coles.com.au%2Fproductimages%2F3%2F343470.jpg&w=640&q=90",
    "barcode": "9310140283760",
    "shop": "coles",
    "weight": "2kg",
    "prices": {
      "nsw": "33",
      "nsw_price_per_unit": "650",
      "nsw_unit": "kg",
      "vic": "33",
      "qld": "33",
      "wa": "33",
      "sa": "33",
      "tas": "33"
    }
  },
  {
    "source_url": "https://www.woolworths.com.au/shop/productdetails/33181/sunrice-australian-white-rice-medium-grain",
    "name": "SunRice Australian White Rice Medium Grain 2kg",
    "image_url": "https://cdn1.woolworths.media/content/wowproductimages/large/033181.jpg",
    "barcode": "9310140283760",
    "shop": "Woolworths",
    "weight": "100G",
    "prices": {
      "nsw": "650",
      "nsw_price_per_unit": "33",
      "nsw_unit": "G",
      "vic": "650",
      "qld": "650",
      "wa": "650",
      "sa": "650",
      "tas": "650"
    }
  },
  {
    "source_url": "https://www.coles.com.au/product/sunrice-basmati-rice-1kg-4518124",
    "name": "Sunrice Basmati Rice | 1kg",
    "image_url": "https://www.coles.com.au/_next/image?url=https%3A%2F%2Fproductimages.coles.com.au%2Fproductimages%2F4%2F4518124.jpg&w=640&q=90",
    "barcode": "9310140001142",
    "shop": "coles",
    "weight": "1kg",
    "prices": {
      "nsw": "68",
      "nsw_price_per_unit": "680",
      "nsw_unit": "kg",
      "vic": "68",
      "qld": "68",
      "wa": "68",
      "sa": "68",
      "tas": "68"
    }
  },
  {
    "source_url": "https://www.woolworths.com.au/shop/productdetails/231636/sunrice-basmati-rice",
    "name": "Sunrice Basmati Rice 1kg",
    "image_url": "https://cdn1.woolworths.media/content/wowproductimages/large/231636.jpg",
    "barcode": "9310140001142",
    "shop": "Woolworths",
    "weight": "100G",
    "prices": {
      "nsw": "680",
      "nsw_price_per_unit": "68",
      "nsw_unit": "G",
      "vic": "680",
      "qld": "680",
      "wa": "680",
      "sa": "680",
      "tas": "680"
    }
  },
  {
    "source_url": "https://www.coles.com.au/product/sunrice-low-gi-white-rice-1kg-4956223",
    "name": "Sunrice Low GI White Rice | 1kg",
    "image_url": "https://www.coles.com.au/_next/image?url=https%3A%2F%2Fproductimages.coles.com.au%2Fproductimages%2F4%2F4956223.jpg&w=640&q=90",
    "barcode": "9310140011882",
    "shop": "coles",
    "weight": "1kg",
    "prices": {
      "nsw": "46",
      "nsw_price_per_unit": "460",
      "nsw_unit": "kg",
      "vic": "46",
      "qld": "46",
      "wa": "46",
      "sa": "46",
      "tas": "46"
    }
  },
  {
    "source_url": "https://www.woolworths.com.au/shop/productdetails/198918/sunrice-clever-rice-low-gi-white",
    "name": "Sunrice Clever Rice Low Gi White 1kg",
    "image_url": "https://cdn1.woolworths.media/content/wowproductimages/large/198918.jpg",
    "barcode": "9310140011882",
    "shop": "Woolworths",
    "weight": "100G",
    "prices": {
      "nsw": "459.99999999999994",
      "nsw_price_per_unit": "46",
      "nsw_unit": "G",
      "vic": "459.99999999999994",
      "qld": "459.99999999999994",
      "wa": "459.99999999999994",
      "sa": "459.99999999999994",
      "tas": "459.99999999999994"
    }
  },
  {
    "source_url": "https://www.coles.com.au/product/hinata-short-grain-rice-5kg-3947533",
    "name": "Hinata Short Grain Rice | 5kg",
    "image_url": "https://www.coles.com.au/_next/image?url=https%3A%2F%2Fproductimages.coles.com.au%2Fproductimages%2F3%2F3947533.jpg&w=640&q=90",
    "barcode": "9310140010236",
    "shop": "coles",
    "weight": "5kg",
    "prices": {
      "vic": "60"
    }
  },
  {
    "source_url": "https://www.woolworths.com.au/shop/productdetails/117602/sunrice-hinata-short-grain-rice",
    "name": "Sunrice Hinata Short Grain Rice 5kg",
    "image_url": "https://cdn1.woolworths.media/content/wowproductimages/large/117602.jpg",
    "barcode": "9310140010236",
    "shop": "Woolworths",
    "weight": "100G",
    "prices": {
      "nsw": "3000",
      "nsw_price_per_unit": "60",
      "nsw_unit": "G",
      "vic": "3000",
      "qld": "3000",
      "wa": "3000",
      "sa": "3000",
      "tas": "3000"
    }
  },
  {
    "source_url": "https://www.coles.com.au/product/sunrice-classic-indian-basmati-rice-5kg-7563409",
    "name": "Sunrice Classic Indian Basmati Rice | 5kg",
    "image_url": "https://www.coles.com.au/_next/image?url=https%3A%2F%2Fproductimages.coles.com.au%2Fproductimages%2F7%2F7563409.jpg&w=640&q=90",
    "barcode": "9310140012421",
    "shop": "coles",
    "weight": "5kg",
    "prices": {
      "sa": "70",
      "tas": "70"
    }
  },
  {
    "source_url": "https://www.woolworths.com.au/shop/productdetails/333258/sunrice-indian-grown-basmati-rice-classic",
    "name": "Sunrice Indian Grown Basmati Rice Classic 5kg",
    "image_url": "https://cdn1.woolworths.media/content/wowproductimages/large/333258.jpg",
    "barcode": "9310140012421",
    "shop": "Woolworths",
    "weight": "100G",
    "prices": {
      "nsw": "3500",
      "nsw_price_per_unit": "70",
      "nsw_unit": "G",
      "vic": "3500",
      "qld": "3500",
      "wa": "3500",
      "sa": "3500",
      "tas": "3500"
    }
  },
  {
    "source_url": "https://www.coles.com.au/product/sunrice-naturally-sushi-rice-1kg-5860957",
    "name": "Sunrice Naturally Sushi Rice | 1kg",
    "image_url": "https://www.coles.com.au/_next/image?url=https%3A%2F%2Fproductimages.coles.com.au%2Fproductimages%2F5%2F5860957.jpg&w=640&q=90",
    "barcode": "9310140011950",
    "shop": "coles",
    "weight": "1kg",
    "prices": {
      "nsw": "47",
      "nsw_price_per_unit": "470",
      "nsw_unit": "kg",
      "vic": "47",
      "qld": "47",
      "wa": "47",
      "sa": "47",
      "tas": "47"
    }
  },
  {
    "source_url": "https://www.woolworths.com.au/shop/productdetails/251758/sunrice-japanese-style-sushi-rice",
    "name": "Sunrice Japanese Style Sushi Rice 1kg",
    "image_url": "https://cdn1.woolworths.media/content/wowproductimages/large/251758.jpg",
    "barcode": "9310140011950",
    "shop": "Woolworths",
    "weight": "100G",
    "prices": {
      "nsw": "470",
      "nsw_price_per_unit": "47",
      "nsw_unit": "G",
      "vic": "470",
      "qld": "470",
      "wa": "470",
      "sa": "470",
      "tas": "470"
    }
  },
  {
    "source_url": "https://www.coles.com.au/product/sunrice-jasmine-rice-2kg-7423217",
    "name": "Sunrice Jasmine Rice | 2kg",
    "image_url": "https://www.coles.com.au/_next/image?url=https%3A%2F%2Fproductimages.coles.com.au%2Fproductimages%2F7%2F7423217.jpg&w=640&q=90",
    "barcode": "9310140004518",
    "shop": "coles",
    "weight": "2kg",
    "prices": {
      "nsw": "33",
      "nsw_price_per_unit": "650",
      "nsw_unit": "kg",
      "vic": "33",
      "qld": "33",
      "wa": "33",
      "sa": "33"
    }
  },
  {
    "source_url": "https://www.woolworths.com.au/shop/productdetails/109277/sunrice-jasmine",
    "name": "Sunrice Jasmine 2kg",
    "image_url": "https://cdn1.woolworths.media/content/wowproductimages/large/109277.jpg",
    "barcode": "9310140004518",
    "shop": "Woolworths",
    "weight": "100G",
    "prices": {
      "nsw": "650",
      "nsw_price_per_unit": "33",
      "nsw_unit": "G",
      "vic": "650",
      "qld": "650",
      "wa": "650",
      "sa": "650",
      "tas": "650"
    }
  },
  {
    "source_url": "https://www.coles.com.au/product/sunrice-jasmine-white-rice-5kg-4363786",
    "name": "Sunrice Jasmine White Rice | 5kg",
    "image_url": "https://www.coles.com.au/_next/image?url=https%3A%2F%2Fproductimages.coles.com.au%2Fproductimages%2F4%2F4363786.jpg&w=640&q=90",
    "barcode": "9310140010564",
    "shop": "coles",
    "weight": "5kg",
    "prices": {
      "nsw": "48",
      "nsw_price_per_unit": "2400",
      "nsw_unit": "kg",
      "vic": "48",
      "qld": "48",
      "wa": "48",
      "sa": "48",
      "tas": "48"
    }
  },
  {
    "source_url": "https://www.woolworths.com.au/shop/productdetails/803520/sunrice-jasmine-fragrant-rice",
    "name": "Sunrice Jasmine Fragrant Rice 5kg",
    "image_url": "https://cdn1.woolworths.media/content/wowproductimages/large/803520.jpg",
    "barcode": "9310140010564",
    "shop": "Woolworths",
    "weight": "100G",
    "prices": {
      "nsw": "1200",
      "nsw_price_per_unit": "24",
      "nsw_unit": "G",
      "vic": "1200",
      "qld": "1200",
      "wa": "1200",
      "sa": "1200",
      "tas": "1200"
    }
  },
  {
    "source_url": "https://www.coles.com.au/product/sunrice-microwave-chicken-style-flavoured-rice-cups-2-x-125g-250g-7563420",
    "name": "Sunrice Microwave Chicken Style Flavoured Rice Cups 2 X 125G | 250g",
    "image_url": "https://www.coles.com.au/_next/image?url=https%3A%2F%2Fproductimages.coles.com.au%2Fproductimages%2F7%2F7563420.jpg&w=640&q=90",
    "barcode": "9310140012261",
    "shop": "coles",
    "weight": "250g",
    "prices": {
      "nsw": "160",
      "nsw_price_per_unit": "400",
      "nsw_unit": "g",
      "vic": "160",
      "qld": "160",
      "wa": "160",
      "sa": "160",
      "tas": "160"
    }
  },
  {
    "source_url": "https://www.woolworths.com.au/shop/productdetails/390985/sunrice-microwave-chicken-style-flavoured-rice-cups-2x125g",
    "name": "Sunrice Microwave Chicken Style Flavoured Rice Cups 2x125g 250g",
    "image_url": "https://cdn1.woolworths.media/content/wowproductimages/large/390985.jpg",
    "barcode": "9310140012261",
    "shop": "Woolworths",
    "weight": "100G",
    "prices": {
      "nsw": "400",
      "nsw_price_per_unit": "160",
      "nsw_unit": "G",
      "vic": "400",
      "qld": "400",
      "wa": "400",
      "sa": "400",
      "tas": "400"
    }
  },
  {
    "source_url": "https://www.coles.com.au/product/sunrice-microwave-mexican-style-flavoured-rice-cups-2-x-125g-250g-7563442",
    "name": "Sunrice Microwave Mexican Style Flavoured Rice Cups 2 X 125G | 250g",
    "image_url": "https://www.coles.com.au/_next/image?url=https%3A%2F%2Fproductimages.coles.com.au%2Fproductimages%2F7%2F7563442.jpg&w=640&q=90",
    "barcode": "9310140012285",
    "shop": "coles",
    "weight": "250g",
    "prices": {
      "nsw": "160",
      "nsw_price_per_unit": "400",
      "nsw_unit": "g",
      "vic": "160",
      "qld": "160",
      "wa": "160",
      "sa": "160",
      "tas": "160"
    }
  },
  {
    "source_url": "https://www.woolworths.com.au/shop/productdetails/391744/sunrice-microwave-mexican-flavoured-rice-cups-2x125g",
    "name": "Sunrice Microwave Mexican Flavoured Rice Cups 2x125g 250g",
    "image_url": "https://cdn1.woolworths.media/content/wowproductimages/large/391744.jpg",
    "barcode": "9310140012285",
    "shop": "Woolworths",
    "weight": "100G",
    "prices": {
      "nsw": "400",
      "nsw_price_per_unit": "160",
      "nsw_unit": "G",
      "vic": "400",
      "qld": "400",
      "wa": "400",
      "sa": "400",
      "tas": "400"
    }
  },
  {
    "source_url": "https://www.coles.com.au/product/sunrice-microwave-special-fried-rice-flavoured-rice-cups-2-x-125g-250g-7563453",
    "name": "Sunrice Microwave Special Fried Rice Flavoured Rice Cu ... 250g",
    "image_url": "https://www.coles.com.au/_next/image?url=https%3A%2F%2Fproductimages.coles.com.au%2Fproductimages%2F7%2F7563453.jpg&w=640&q=90",
    "barcode": "9310140012278",
    "shop": "coles",
    "weight": "250g",
    "prices": {
      "nsw": "160",
      "nsw_price_per_unit": "400",
      "nsw_unit": "g",
      "vic": "160",
      "qld": "160",
      "wa": "160",
      "sa": "160",
      "tas": "160"
    }
  },
  {
    "source_url": "https://www.woolworths.com.au/shop/productdetails/391604/sunrice-microwave-special-fried-rice-flavoured-rice-cups-2x125g",
    "name": "Sunrice Microwave Special Fried Rice Flavoured Rice Cups 2x125g 250g",
    "image_url": "https://cdn1.woolworths.media/content/wowproductimages/large/391604.jpg",
    "barcode": "9310140012278",
    "shop": "Woolworths",
    "weight": "100G",
    "prices": {
      "nsw": "400",
      "nsw_price_per_unit": "160",
      "nsw_unit": "G",
      "vic": "400",
      "qld": "400",
      "wa": "400",
      "sa": "400",
      "tas": "400"
    }
  },
  {
    "source_url": "https://www.coles.com.au/product/sunrice-jasmine-rice-1kg-5963814",
    "name": "Sunrice Jasmine Rice | 1kg",
    "image_url": "https://www.coles.com.au/_next/image?url=https%3A%2F%2Fproductimages.coles.com.au%2Fproductimages%2F5%2F5963814.jpg&w=640&q=90",
    "barcode": "9310140002286",
    "shop": "coles",
    "weight": "1kg",
    "prices": {
      "nsw": "45",
      "nsw_price_per_unit": "450",
      "nsw_unit": "kg",
      "qld": "45",
      "wa": "45",
      "sa": "45"
    }
  },
  {
    "source_url": "https://www.woolworths.com.au/shop/productdetails/267557/sunrice-rice-jasmine",
    "name": "Sunrice Rice Jasmine 1kg",
    "image_url": "https://cdn1.woolworths.media/content/wowproductimages/large/267557.jpg",
    "barcode": "9310140002286",
    "shop": "Woolworths",
    "weight": "100G",
    "prices": {
      "nsw": "450",
      "nsw_price_per_unit": "45",
      "nsw_unit": "G",
      "vic": "450",
      "qld": "450",
      "wa": "450",
      "sa": "450",
      "tas": "450"
    }
  },
  {
    "source_url": "https://www.coles.com.au/product/sunrice-risotto-style-rice-750g-6329494",
    "name": "Sunrice Risotto Style Rice | 750g",
    "image_url": "https://www.coles.com.au/_next/image?url=https%3A%2F%2Fproductimages.coles.com.au%2Fproductimages%2F6%2F6329494.jpg&w=640&q=90",
    "barcode": "9310140012049",
    "shop": "coles",
    "weight": "750g",
    "prices": {
      "nsw": "40",
      "nsw_price_per_unit": "300",
      "nsw_unit": "g",
      "vic": "40",
      "qld": "40",
      "wa": "40",
      "sa": "40",
      "tas": "40"
    }
  },
  {
    "source_url": "https://www.woolworths.com.au/shop/productdetails/290298/sunrice-risotto-style-rice",
    "name": "Sunrice Risotto Style Rice 750g",
    "image_url": "https://cdn1.woolworths.media/content/wowproductimages/large/290298.jpg",
    "barcode": "9310140012049",
    "shop": "Woolworths",
    "weight": "100G",
    "prices": {
      "nsw": "300",
      "nsw_price_per_unit": "40",
      "nsw_unit": "G",
      "vic": "300",
      "qld": "300",
      "wa": "300",
      "sa": "300",
      "tas": "300"
    }
  },
  {
    "source_url": "https://www.coles.com.au/product/sunrice-premium-long-grain-rice-1kg-122518",
    "name": "Sunrice Premium Long Grain Rice | 1kg",
    "image_url": "https://www.coles.com.au/_next/image?url=https%3A%2F%2Fproductimages.coles.com.au%2Fproductimages%2F1%2F122518.jpg&w=640&q=90",
    "barcode": "9310140283807",
    "shop": "coles",
    "weight": "1kg",
    "prices": {
      "nsw": "30",
      "nsw_price_per_unit": "300",
      "nsw_unit": "kg",
      "vic": "30",
      "qld": "30",
      "wa": "30",
      "sa": "30",
      "tas": "30"
    }
  },
  {
    "source_url": "https://www.woolworths.com.au/shop/productdetails/36493/sunrice-white-rice-premium-long-grain",
    "name": "Sunrice White Rice Premium Long Grain 1kg",
    "image_url": "https://cdn1.woolworths.media/content/wowproductimages/large/036493.jpg",
    "barcode": "9310140283807",
    "shop": "Woolworths",
    "weight": "100G",
    "prices": {
      "nsw": "300",
      "nsw_price_per_unit": "30",
      "nsw_unit": "G",
      "vic": "300",
      "qld": "300",
      "wa": "300",
      "sa": "300",
      "tas": "300"
    }
  },
  {
    "source_url": "https://www.coles.com.au/product/sunrice-premium-long-grain-rice-2kg-296960",
    "name": "Sunrice Premium Long Grain Rice | 2kg",
    "image_url": "https://www.coles.com.au/_next/image?url=https%3A%2F%2Fproductimages.coles.com.au%2Fproductimages%2F2%2F296960.jpg&w=640&q=90",
    "barcode": "9310140283821",
    "shop": "coles",
    "weight": "2kg",
    "prices": {
      "nsw": "20",
      "nsw_price_per_unit": "400",
      "nsw_unit": "kg",
      "vic": "20",
      "qld": "20",
      "wa": "20",
      "sa": "20",
      "tas": "20"
    }
  },
  {
    "source_url": "https://www.woolworths.com.au/shop/productdetails/36502/sunrice-white-rice-premium-long-grain",
    "name": "Sunrice White Rice Premium Long Grain 2kg",
    "image_url": "https://cdn1.woolworths.media/content/wowproductimages/large/036502.jpg",
    "barcode": "9310140283821",
    "shop": "Woolworths",
    "weight": "100G",
    "prices": {
      "nsw": "400",
      "nsw_price_per_unit": "20",
      "nsw_unit": "G",
      "vic": "400",
      "qld": "400",
      "wa": "400",
      "sa": "400",
      "tas": "400"
    }
  }
]