[
  {
    "source_url": "https://www.woolworths.com.au/shop/productdetails/54686/bodiez-vitalise-berry-15g-protein-water",
    "name": "Bodiez Vitalise Berry 15g Protein Water 500ml",
    "image_url": "https://cdn1.woolworths.media/content/wowproductimages/large/054686.jpg",
    "source_id": "Woolworths - 54686",
    "barcode": "9349282000638",
    "shop": "Woolworths",
    "weight": "1L",
    "prices": [
      {
        "state": "VIC",
        "price": "400",
        "price_per_unit": "800",
        "price_unit": "L"
      },
      {
        "state": "QLD",
        "price": "400",
        "price_per_unit": "800",
        "price_unit": "L"
      },
      {
        "state": "WA",
        "price": "400",
        "price_per_unit": "800",
        "price_unit": "L"
      },
      {
        "state": "ACT",
        "price": "320",
        "price_per_unit": "640",
        "price_unit": "L"
      },
      {
        "state": "ACT",
        "price": "320",
        "price_per_unit": "640",
        "price_unit": "L"
      }
    ]
  },
  {
    "source_url": "https://www.woolworths.com.au/shop/productdetails/1073950509/aloe-mate-aloe-vera-1-5l-lychee-12pk",
    "name": "Aloe Mate Aloe Vera 1.5L Lychee 12Pk",
    "image_url": "https://cdn1.woolworths.media/content/wowproductimages/large/1073950509.jpg",
    "source_id": "Woolworths - 1073950509",
    "barcode": "",
    "shop": "Woolworths",
    "weight": "100ML",
    "prices": [
      {
        "state": "NSW",
        "price": "4480",
        "price_per_unit": "25",
        "price_unit": "ML"
      },
      {
        "state": "VIC",
        "price": "4480",
        "price_per_unit": "25",
        "price_unit": "ML"
      },
      {
        "state": "QLD",
        "price": "4480",
        "price_per_unit": "25",
        "price_unit": "ML"
      },
      {
        "state": "WA",
        "price": "4480",
        "price_per_unit": "25",
        "price_unit": "ML"
      },
      {
        "state": "SA",
        "price": "4480",
        "price_per_unit": "25",
        "price_unit": "ML"
      },
      {
        "state": "TAS",
        "price": "4480",
        "price_per_unit": "25",
        "price_unit": "ML"
      },
      {
        "state": "ACT",
        "price": "4480",
        "price_per_unit": "25",
        "price_unit": "ML"
      },
      {
        "state": "NT",
        "price": "4480",
        "price_per_unit": "25",
        "price_unit": "ML"
      }
    ]
  },
  {
    "source_url": "https://www.woolworths.com.au/shop/productdetails/1073950508/aloe-mate-aloe-vera-1-5l-original-12pk",
    "name": "Aloe Mate Aloe Vera 1.5L Original 12Pk",
    "image_url": "https://cdn1.woolworths.media/content/wowproductimages/large/1073950508.jpg",
    "source_id": "Woolworths - 1073950508",
    "barcode": "",
    "shop": "Woolworths",
    "weight": "100ML",
    "prices": [
      {
        "state": "NSW",
        "price": "4480",
        "price_per_unit": "25",
        "price_unit": "ML"
      },
      {
        "state": "VIC",
        "price": "4480",
        "price_per_unit": "25",
        "price_unit": "ML"
      },
      {
        "state": "QLD",
        "price": "4480",
        "price_per_unit": "25",
        "price_unit": "ML"
      },
      {
        "state": "WA",
        "price": "4480",
        "price_per_unit": "25",
        "price_unit": "ML"
      },
      {
        "state": "SA",
        "price": "4480",
        "price_per_unit": "25",
        "price_unit": "ML"
      },
      {
        "state": "TAS",
        "price": "4480",
        "price_per_unit": "25",
        "price_unit": "ML"
      },
      {
        "state": "ACT",
        "price": "4480",
        "price_per_unit": "25",
        "price_unit": "ML"
      },
      {
        "state": "NT",
        "price": "4480",
        "price_per_unit": "25",
        "price_unit": "ML"
      }
    ]
  },
  {
    "source_url": "https://www.woolworths.com.au/shop/productdetails/1075458884/aloe-mate-aloe-vera-1-5l-passionfruit-12pk",
    "name": "Aloe Mate Aloe Vera 1.5L Passionfruit 12Pk",
    "image_url": "https://cdn1.woolworths.media/content/wowproductimages/large/1075458884.jpg",
    "source_id": "Woolworths - 1075458884",
    "barcode": "",
    "shop": "Woolworths",
    "weight": "1L",
    "prices": [
      {
        "state": "NSW",
        "price": "4480",
        "price_per_unit": "249",
        "price_unit": "L"
      },
      {
        "state": "VIC",
        "price": "4480",
        "price_per_unit": "249",
        "price_unit": "L"
      },
      {
        "state": "QLD",
        "price": "4480",
        "price_per_unit": "249",
        "price_unit": "L"
      },
      {
        "state": "WA",
        "price": "4480",
        "price_per_unit": "249",
        "price_unit": "L"
      },
      {
        "state": "SA",
        "price": "4480",
        "price_per_unit": "249",
        "price_unit": "L"
      },
      {
        "state": "TAS",
        "price": "4480",
        "price_per_unit": "249",
        "price_unit": "L"
      },
      {
        "state": "ACT",
        "price": "4480",
        "price_per_unit": "249",
        "price_unit": "L"
      },
      {
        "state": "NT",
        "price": "4480",
        "price_per_unit": "249",
        "price_unit": "L"
      }
    ]
  },
  {
    "source_url": "https://www.woolworths.com.au/shop/productdetails/1073950506/aloe-mate-aloe-vera-500ml-lychee-20pk",
    "name": "Aloe Mate Aloe Vera 500Ml Lychee 20Pk",
    "image_url": "https://cdn1.woolworths.media/content/wowproductimages/large/1073950506.jpg",
    "source_id": "Woolworths - 1073950506",
    "barcode": "",
    "shop": "Woolworths",
    "weight": "100ML",
    "prices": [
      {
        "state": "NSW",
        "price": "4200",
        "price_per_unit": "42",
        "price_unit": "ML"
      },
      {
        "state": "VIC",
        "price": "4200",
        "price_per_unit": "42",
        "price_unit": "ML"
      },
      {
        "state": "QLD",
        "price": "4200",
        "price_per_unit": "42",
        "price_unit": "ML"
      },
      {
        "state": "WA",
        "price": "4200",
        "price_per_unit": "42",
        "price_unit": "ML"
      },
      {
        "state": "SA",
        "price": "4200",
        "price_per_unit": "42",
        "price_unit": "ML"
      },
      {
        "state": "TAS",
        "price": "4200",
        "price_per_unit": "42",
        "price_unit": "ML"
      },
      {
        "state": "ACT",
        "price": "4200",
        "price_per_unit": "42",
        "price_unit": "ML"
      },
      {
        "state": "NT",
        "price": "4200",
        "price_per_unit": "42",
        "price_unit": "ML"
      }
    ]
  },
  {
    "source_url": "https://www.woolworths.com.au/shop/productdetails/1073950507/aloe-mate-aloe-vera-500ml-mango-20pk",
    "name": "Aloe Mate Aloe Vera 500Ml Mango 20Pk",
    "image_url": "https://cdn1.woolworths.media/content/wowproductimages/large/1073950507.jpg",
    "source_id": "Woolworths - 1073950507",
    "barcode": "",
    "shop": "Woolworths",
    "weight": "100ML",
    "prices": [
      {
        "state": "NSW",
        "price": "4200",
        "price_per_unit": "42",
        "price_unit": "ML"
      },
      {
        "state": "VIC",
        "price": "4200",
        "price_per_unit": "42",
        "price_unit": "ML"
      },
      {
        "state": "QLD",
        "price": "4200",
        "price_per_unit": "42",
        "price_unit": "ML"
      },
      {
        "state": "WA",
        "price": "4200",
        "price_per_unit": "42",
        "price_unit": "ML"
      },
      {
        "state": "SA",
        "price": "4200",
        "price_per_unit": "42",
        "price_unit": "ML"
      },
      {
        "state": "TAS",
        "price": "4200",
        "price_per_unit": "42",
        "price_unit": "ML"
      },
      {
        "state": "ACT",
        "price": "4200",
        "price_per_unit": "42",
        "price_unit": "ML"
      },
      {
        "state": "NT",
        "price": "4200",
        "price_per_unit": "42",
        "price_unit": "ML"
      }
    ]
  },
  {
    "source_url": "https://www.woolworths.com.au/shop/productdetails/1073950504/aloe-mate-aloe-vera-500ml-original-20pk",
    "name": "Aloe Mate Aloe Vera 500Ml Original 20Pk",
    "image_url": "https://cdn1.woolworths.media/content/wowproductimages/large/1073950504.jpg",
    "source_id": "Woolworths - 1073950504",
    "barcode": "",
    "shop": "Woolworths",
    "weight": "100ML",
    "prices": [
      {
        "state": "NSW",
        "price": "4200",
        "price_per_unit": "42",
        "price_unit": "ML"
      },
      {
        "state": "VIC",
        "price": "4200",
        "price_per_unit": "42",
        "price_unit": "ML"
      },
      {
        "state": "QLD",
        "price": "4200",
        "price_per_unit": "42",
        "price_unit": "ML"
      },
      {
        "state": "WA",
        "price": "4200",
        "price_per_unit": "42",
        "price_unit": "ML"
      },
      {
        "state": "SA",
        "price": "4200",
        "price_per_unit": "42",
        "price_unit": "ML"
      },
      {
        "state": "TAS",
        "price": "4200",
        "price_per_unit": "42",
        "price_unit": "ML"
      },
      {
        "state": "ACT",
        "price": "4200",
        "price_per_unit": "42",
        "price_unit": "ML"
      },
      {
        "state": "NT",
        "price": "4200",
        "price_per_unit": "42",
        "price_unit": "ML"
      }
    ]
  },
  {
    "source_url": "https://www.woolworths.com.au/shop/productdetails/1075458883/aloe-mate-aloe-vera-500ml-passionfruit-20pk",
    "name": "Aloe Mate Aloe Vera 500ml Passionfruit 20Pk",
    "image_url": "https://cdn1.woolworths.media/content/wowproductimages/large/1075458883.jpg",
    "source_id": "Woolworths - 1075458883",
    "barcode": "",
    "shop": "Woolworths",
    "weight": "1L",
    "prices": [
      {
        "state": "NSW",
        "price": "4200",
        "price_per_unit": "420",
        "price_unit": "L"
      },
      {
        "state": "VIC",
        "price": "4200",
        "price_per_unit": "420",
        "price_unit": "L"
      },
      {
        "state": "QLD",
        "price": "4200",
        "price_per_unit": "420",
        "price_unit": "L"
      },
      {
        "state": "WA",
        "price": "4200",
        "price_per_unit": "420",
        "price_unit": "L"
      },
      {
        "state": "SA",
        "price": "4200",
        "price_per_unit": "420",
        "price_unit": "L"
      },
      {
        "state": "TAS",
        "price": "4200",
        "price_per_unit": "420",
        "price_unit": "L"
      },
      {
        "state": "ACT",
        "price": "4200",
        "price_per_unit": "420",
        "price_unit": "L"
      },
      {
        "state": "NT",
        "price": "4200",
        "price_per_unit": "420",
        "price_unit": "L"
      }
    ]
  },
  {
    "source_url": "https://www.woolworths.com.au/shop/productdetails/1073950505/aloe-mate-aloe-vera-500ml-peach-20pk",
    "name": "Aloe Mate Aloe Vera 500Ml Peach 20Pk",
    "image_url": "https://cdn1.woolworths.media/content/wowproductimages/large/1073950505.jpg",
    "source_id": "Woolworths - 1073950505",
    "barcode": "",
    "shop": "Woolworths",
    "weight": "100ML",
    "prices": [
      {
        "state": "NSW",
        "price": "4200",
        "price_per_unit": "42",
        "price_unit": "ML"
      },
      {
        "state": "VIC",
        "price": "4200",
        "price_per_unit": "42",
        "price_unit": "ML"
      },
      {
        "state": "QLD",
        "price": "4200",
        "price_per_unit": "42",
        "price_unit": "ML"
      },
      {
        "state": "WA",
        "price": "4200",
        "price_per_unit": "42",
        "price_unit": "ML"
      },
      {
        "state": "SA",
        "price": "4200",
        "price_per_unit": "42",
        "price_unit": "ML"
      },
      {
        "state": "TAS",
        "price": "4200",
        "price_per_unit": "42",
        "price_unit": "ML"
      },
      {
        "state": "ACT",
        "price": "4200",
        "price_per_unit": "42",
        "price_unit": "ML"
      },
      {
        "state": "NT",
        "price": "4200",
        "price_per_unit": "42",
        "price_unit": "ML"
      }
    ]
  },
  {
    "source_url": "https://www.woolworths.com.au/shop/productdetails/1075586039/aloe-mate-aloe-vera-watermelon-1-5l-12pk",
    "name": "Aloe Mate Aloe Vera Watermelon 1.5L 12Pk",
    "image_url": "https://cdn1.woolworths.media/content/wowproductimages/large/1075586039.jpg",
    "source_id": "Woolworths - 1075586039",
    "barcode": "",
    "shop": "Woolworths",
    "weight": "1L",
    "prices": [
      {
        "state": "NSW",
        "price": "4480",
        "price_per_unit": "249",
        "price_unit": "L"
      },
      {
        "state": "VIC",
        "price": "4480",
        "price_per_unit": "249",
        "price_unit": "L"
      },
      {
        "state": "QLD",
        "price": "4480",
        "price_per_unit": "249",
        "price_unit": "L"
      },
      {
        "state": "WA",
        "price": "4480",
        "price_per_unit": "249",
        "price_unit": "L"
      },
      {
        "state": "SA",
        "price": "4480",
        "price_per_unit": "249",
        "price_unit": "L"
      },
      {
        "state": "TAS",
        "price": "4480",
        "price_per_unit": "249",
        "price_unit": "L"
      },
      {
        "state": "ACT",
        "price": "4480",
        "price_per_unit": "249",
        "price_unit": "L"
      },
      {
        "state": "NT",
        "price": "4480",
        "price_per_unit": "249",
        "price_unit": "L"
      }
    ]
  },
  {
    "source_url": "https://www.woolworths.com.au/shop/productdetails/1075586038/aloe-mate-aloe-vera-watermelon-500ml-20pk",
    "name": "Aloe Mate Aloe Vera Watermelon 500mL 20Pk",
    "image_url": "https://cdn1.woolworths.media/content/wowproductimages/large/1075586038.jpg",
    "source_id": "Woolworths - 1075586038",
    "barcode": "",
    "shop": "Woolworths",
    "weight": "1L",
    "prices": [
      {
        "state": "NSW",
        "price": "4200",
        "price_per_unit": "420",
        "price_unit": "L"
      },
      {
        "state": "VIC",
        "price": "4200",
        "price_per_unit": "420",
        "price_unit": "L"
      },
      {
        "state": "QLD",
        "price": "4200",
        "price_per_unit": "420",
        "price_unit": "L"
      },
      {
        "state": "WA",
        "price": "4200",
        "price_per_unit": "420",
        "price_unit": "L"
      },
      {
        "state": "SA",
        "price": "4200",
        "price_per_unit": "420",
        "price_unit": "L"
      },
      {
        "state": "TAS",
        "price": "4200",
        "price_per_unit": "420",
        "price_unit": "L"
      },
      {
        "state": "ACT",
        "price": "4200",
        "price_per_unit": "420",
        "price_unit": "L"
      },
      {
        "state": "NT",
        "price": "4200",
        "price_per_unit": "420",
        "price_unit": "L"
      }
    ]
  },
  {
    "source_url": "https://www.woolworths.com.au/shop/productdetails/78095/arepa-the-brain-drink-performance",
    "name": "Arepa The Brain Drink Performance 300ml",
    "image_url": "https://cdn1.woolworths.media/content/wowproductimages/large/078095.jpg",
    "source_id": "Woolworths - 78095",
    "barcode": "9413000022773",
    "shop": "Woolworths",
    "weight": "1L",
    "prices": [
      {
        "state": "NSW",
        "price": "420",
        "price_per_unit": "1400",
        "price_unit": "L"
      },
      {
        "state": "VIC",
        "price": "420",
        "price_per_unit": "1400",
        "price_unit": "L"
      },
      {
        "state": "QLD",
        "price": "420",
        "price_per_unit": "1400",
        "price_unit": "L"
      },
      {
        "state": "SA",
        "price": "420",
        "price_per_unit": "1400",
        "price_unit": "L"
      },
      {
        "state": "TAS",
        "price": "420",
        "price_per_unit": "1400",
        "price_unit": "L"
      },
      {
        "state": "ACT",
        "price": "420",
        "price_per_unit": "1400",
        "price_unit": "L"
      },
      {
        "state": "NT",
        "price": "420",
        "price_per_unit": "1400",
        "price_unit": "L"
      }
    ]
  },
  {
    "source_url": "https://www.woolworths.com.au/shop/productdetails/110558/arepa-the-brain-drink-sparkling-blackcurrant",
    "name": "Arepa The Brain Drink Sparkling Blackcurrant 300mL",
    "image_url": "https://cdn1.woolworths.media/content/wowproductimages/large/110558.jpg",
    "source_id": "Woolworths - 110558",
    "barcode": "9413000054248",
    "shop": "Woolworths",
    "weight": "1L",
    "prices": [
      {
        "state": "NSW",
        "price": "420",
        "price_per_unit": "1400",
        "price_unit": "L"
      },
      {
        "state": "VIC",
        "price": "420",
        "price_per_unit": "1400",
        "price_unit": "L"
      },
      {
        "state": "QLD",
        "price": "420",
        "price_per_unit": "1400",
        "price_unit": "L"
      },
      {
        "state": "SA",
        "price": "420",
        "price_per_unit": "1400",
        "price_unit": "L"
      },
      {
        "state": "ACT",
        "price": "420",
        "price_per_unit": "1400",
        "price_unit": "L"
      },
      {
        "state": "NT",
        "price": "420",
        "price_per_unit": "1400",
        "price_unit": "L"
      }
    ]
  },
  {
    "source_url": "https://www.woolworths.com.au/shop/productdetails/102336/bae-juice-100-korean-pear-juice",
    "name": "Bae Juice 100% Korean Pear Juice 120mL",
    "image_url": "https://cdn1.woolworths.media/content/wowproductimages/large/102336.jpg",
    "source_id": "Woolworths - 102336",
    "barcode": "9369998030842",
    "shop": "Woolworths",
    "weight": "1L",
    "prices": [
      {
        "state": "NSW",
        "price": "400",
        "price_per_unit": "3333",
        "price_unit": "L"
      },
      {
        "state": "VIC",
        "price": "400",
        "price_per_unit": "3333",
        "price_unit": "L"
      },
      {
        "state": "QLD",
        "price": "400",
        "price_per_unit": "3333",
        "price_unit": "L"
      },
      {
        "state": "WA",
        "price": "400",
        "price_per_unit": "3333",
        "price_unit": "L"
      },
      {
        "state": "SA",
        "price": "400",
        "price_per_unit": "3333",
        "price_unit": "L"
      },
      {
        "state": "TAS",
        "price": "400",
        "price_per_unit": "3333",
        "price_unit": "L"
      },
      {
        "state": "ACT",
        "price": "400",
        "price_per_unit": "3333",
        "price_unit": "L"
      },
      {
        "state": "NT",
        "price": "400",
        "price_per_unit": "3333",
        "price_unit": "L"
      }
    ]
  },
  {
    "source_url": "https://www.woolworths.com.au/shop/productdetails/1075568626/beyond-100-pure-still-coconut-water-12pk-1l",
    "name": "Beyond 100% Pure Still Coconut Water 12PK 1L",
    "image_url": "https://cdn1.woolworths.media/content/wowproductimages/large/1075568626.jpg",
    "source_id": "Woolworths - 1075568626",
    "barcode": "",
    "shop": "Woolworths",
    "weight": "1EA",
    "prices": [
      {
        "state": "NSW",
        "price": "7110",
        "price_per_unit": "593",
        "price_unit": "EA"
      },
      {
        "state": "VIC",
        "price": "7110",
        "price_per_unit": "593",
        "price_unit": "EA"
      },
      {
        "state": "QLD",
        "price": "7110",
        "price_per_unit": "593",
        "price_unit": "EA"
      },
      {
        "state": "WA",
        "price": "7110",
        "price_per_unit": "593",
        "price_unit": "EA"
      },
      {
        "state": "SA",
        "price": "7110",
        "price_per_unit": "593",
        "price_unit": "EA"
      },
      {
        "state": "TAS",
        "price": "7110",
        "price_per_unit": "593",
        "price_unit": "EA"
      },
      {
        "state": "ACT",
        "price": "7110",
        "price_per_unit": "593",
        "price_unit": "EA"
      },
      {
        "state": "NT",
        "price": "7110",
        "price_per_unit": "593",
        "price_unit": "EA"
      }
    ]
  },
  {
    "source_url": "https://www.woolworths.com.au/shop/productdetails/1074050952/beyond-100-pure-still-coconut-water-cans-310ml-24pk",
    "name": "Beyond 100% Pure Still Coconut Water Cans 310ml 24PK",
    "image_url": "https://cdn1.woolworths.media/content/wowproductimages/large/1074050952.jpg",
    "source_id": "Woolworths - 1074050952",
    "barcode": "",
    "shop": "Woolworths",
    "weight": "1EA",
    "prices": [
      {
        "state": "NSW",
        "price": "7110",
        "price_per_unit": "296",
        "price_unit": "EA"
      },
      {
        "state": "VIC",
        "price": "7110",
        "price_per_unit": "296",
        "price_unit": "EA"
      },
      {
        "state": "QLD",
        "price": "7110",
        "price_per_unit": "296",
        "price_unit": "EA"
      },
      {
        "state": "WA",
        "price": "7110",
        "price_per_unit": "296",
        "price_unit": "EA"
      },
      {
        "state": "SA",
        "price": "7110",
        "price_per_unit": "296",
        "price_unit": "EA"
      },
      {
        "state": "TAS",
        "price": "7110",
        "price_per_unit": "296",
        "price_unit": "EA"
      },
      {
        "state": "ACT",
        "price": "7110",
        "price_per_unit": "296",
        "price_unit": "EA"
      },
      {
        "state": "NT",
        "price": "7110",
        "price_per_unit": "296",
        "price_unit": "EA"
      }
    ]
  },
  {
    "source_url": "https://www.woolworths.com.au/shop/productdetails/283456/asahi-beverages-pty-ltd-bubly-lime-sparkling-water-no-sugar-multipack-cans",
    "name": "Bubly Lime Sparkling Water No Sugar Multipack Cans 375ml x 8 Pack",
    "image_url": "https://cdn1.woolworths.media/content/wowproductimages/large/283456.jpg",
    "source_id": "Woolworths - 283456",
    "barcode": "9313820002828",
    "shop": "Woolworths",
    "weight": "1L",
    "prices": [
      {
        "state": "NSW",
        "price": "1650",
        "price_per_unit": "550",
        "price_unit": "L"
      },
      {
        "state": "VIC",
        "price": "1650",
        "price_per_unit": "550",
        "price_unit": "L"
      },
      {
        "state": "QLD",
        "price": "1650",
        "price_per_unit": "550",
        "price_unit": "L"
      },
      {
        "state": "WA",
        "price": "1650",
        "price_per_unit": "550",
        "price_unit": "L"
      },
      {
        "state": "SA",
        "price": "1650",
        "price_per_unit": "550",
        "price_unit": "L"
      },
      {
        "state": "TAS",
        "price": "1500",
        "price_per_unit": "500",
        "price_unit": "L"
      },
      {
        "state": "ACT",
        "price": "1650",
        "price_per_unit": "550",
        "price_unit": "L"
      },
      {
        "state": "NT",
        "price": "1650",
        "price_per_unit": "550",
        "price_unit": "L"
      }
    ]
  },
  {
    "source_url": "https://www.woolworths.com.au/shop/productdetails/280988/asahi-beverages-pty-ltd-bubly-raspberry-sparkling-water-no-sugar-multipack-cans",
    "name": "Bubly Raspberry Sparkling Water No Sugar Multipack Cans 375ml x 8 Pack",
    "image_url": "https://cdn1.woolworths.media/content/wowproductimages/large/280988.jpg",
    "source_id": "Woolworths - 280988",
    "barcode": "9313820002866",
    "shop": "Woolworths",
    "weight": "1L",
    "prices": [
      {
        "state": "NSW",
        "price": "1650",
        "price_per_unit": "550",
        "price_unit": "L"
      },
      {
        "state": "VIC",
        "price": "1650",
        "price_per_unit": "550",
        "price_unit": "L"
      },
      {
        "state": "QLD",
        "price": "1650",
        "price_per_unit": "550",
        "price_unit": "L"
      },
      {
        "state": "WA",
        "price": "1650",
        "price_per_unit": "550",
        "price_unit": "L"
      },
      {
        "state": "SA",
        "price": "1650",
        "price_per_unit": "550",
        "price_unit": "L"
      },
      {
        "state": "TAS",
        "price": "1500",
        "price_per_unit": "500",
        "price_unit": "L"
      },
      {
        "state": "ACT",
        "price": "1650",
        "price_per_unit": "550",
        "price_unit": "L"
      },
      {
        "state": "NT",
        "price": "1650",
        "price_per_unit": "550",
        "price_unit": "L"
      }
    ]
  },
  {
    "source_url": "https://www.woolworths.com.au/shop/productdetails/1074384666/coco-coast-ginger-coconut-water-500ml-x-12",
    "name": "Coco Coast Ginger Coconut Water 500ml x 12",
    "image_url": "https://cdn1.woolworths.media/content/wowproductimages/large/1074384666.jpg",
    "source_id": "Woolworths - 1074384666",
    "barcode": "",
    "shop": "Woolworths",
    "weight": "100ML",
    "prices": [
      {
        "state": "NSW",
        "price": "4495",
        "price_per_unit": "75",
        "price_unit": "ML"
      },
      {
        "state": "VIC",
        "price": "4495",
        "price_per_unit": "75",
        "price_unit": "ML"
      },
      {
        "state": "QLD",
        "price": "4495",
        "price_per_unit": "75",
        "price_unit": "ML"
      },
      {
        "state": "WA",
        "price": "4495",
        "price_per_unit": "75",
        "price_unit": "ML"
      },
      {
        "state": "SA",
        "price": "4495",
        "price_per_unit": "75",
        "price_unit": "ML"
      },
      {
        "state": "TAS",
        "price": "4495",
        "price_per_unit": "75",
        "price_unit": "ML"
      },
      {
        "state": "ACT",
        "price": "4495",
        "price_per_unit": "75",
        "price_unit": "ML"
      },
      {
        "state": "NT",
        "price": "4495",
        "price_per_unit": "75",
        "price_unit": "ML"
      }
    ]
  },
  {
    "source_url": "https://www.woolworths.com.au/shop/productdetails/1073927569/coco-coast-lychee-coconut-water-500ml-x-12-pack",
    "name": "Coco Coast Lychee Coconut Water 500ml x 12 pack",
    "image_url": "https://cdn1.woolworths.media/content/wowproductimages/large/1073927569.jpg",
    "source_id": "Woolworths - 1073927569",
    "barcode": "",
    "shop": "Woolworths",
    "weight": "1L",
    "prices": [
      {
        "state": "NSW",
        "price": "4495",
        "price_per_unit": "749",
        "price_unit": "L"
      },
      {
        "state": "VIC",
        "price": "4495",
        "price_per_unit": "749",
        "price_unit": "L"
      },
      {
        "state": "QLD",
        "price": "4495",
        "price_per_unit": "749",
        "price_unit": "L"
      },
      {
        "state": "WA",
        "price": "4495",
        "price_per_unit": "749",
        "price_unit": "L"
      },
      {
        "state": "SA",
        "price": "4495",
        "price_per_unit": "749",
        "price_unit": "L"
      },
      {
        "state": "TAS",
        "price": "4495",
        "price_per_unit": "749",
        "price_unit": "L"
      },
      {
        "state": "ACT",
        "price": "4495",
        "price_per_unit": "749",
        "price_unit": "L"
      },
      {
        "state": "NT",
        "price": "4495",
        "price_per_unit": "749",
        "price_unit": "L"
      }
    ]
  },
  {
    "source_url": "https://www.woolworths.com.au/shop/productdetails/1073927567/coco-coast-natural-coconut-water-500ml-x-12-pack",
    "name": "Coco Coast Natural Coconut Water 500ml x 12 pack",
    "image_url": "https://cdn1.woolworths.media/content/wowproductimages/large/1073927567.jpg",
    "source_id": "Woolworths - 1073927567",
    "barcode": "",
    "shop": "Woolworths",
    "weight": "1L",
    "prices": [
      {
        "state": "NSW",
        "price": "4495",
        "price_per_unit": "749",
        "price_unit": "L"
      },
      {
        "state": "VIC",
        "price": "4495",
        "price_per_unit": "749",
        "price_unit": "L"
      },
      {
        "state": "QLD",
        "price": "4495",
        "price_per_unit": "749",
        "price_unit": "L"
      },
      {
        "state": "WA",
        "price": "4495",
        "price_per_unit": "749",
        "price_unit": "L"
      },
      {
        "state": "SA",
        "price": "4495",
        "price_per_unit": "749",
        "price_unit": "L"
      },
      {
        "state": "TAS",
        "price": "4495",
        "price_per_unit": "749",
        "price_unit": "L"
      },
      {
        "state": "ACT",
        "price": "4495",
        "price_per_unit": "749",
        "price_unit": "L"
      },
      {
        "state": "NT",
        "price": "4495",
        "price_per_unit": "749",
        "price_unit": "L"
      }
    ]
  },
  {
    "source_url": "https://www.woolworths.com.au/shop/productdetails/1073927570/coco-coast-natural-watermelon-water-500ml-x-12-pack",
    "name": "Coco Coast Natural Watermelon Water 500ml x 12 pack",
    "image_url": "https://cdn1.woolworths.media/content/wowproductimages/large/1073927570.jpg",
    "source_id": "Woolworths - 1073927570",
    "barcode": "",
    "shop": "Woolworths",
    "weight": "1L",
    "prices": [
      {
        "state": "NSW",
        "price": "4495",
        "price_per_unit": "749",
        "price_unit": "L"
      },
      {
        "state": "VIC",
        "price": "4495",
        "price_per_unit": "749",
        "price_unit": "L"
      },
      {
        "state": "QLD",
        "price": "4495",
        "price_per_unit": "749",
        "price_unit": "L"
      },
      {
        "state": "WA",
        "price": "4495",
        "price_per_unit": "749",
        "price_unit": "L"
      },
      {
        "state": "SA",
        "price": "4495",
        "price_per_unit": "749",
        "price_unit": "L"
      },
      {
        "state": "TAS",
        "price": "4495",
        "price_per_unit": "749",
        "price_unit": "L"
      },
      {
        "state": "ACT",
        "price": "4495",
        "price_per_unit": "749",
        "price_unit": "L"
      },
      {
        "state": "NT",
        "price": "4495",
        "price_per_unit": "749",
        "price_unit": "L"
      }
    ]
  },
  {
    "source_url": "https://www.woolworths.com.au/shop/productdetails/1073927568/coco-coast-passionfruit-coconut-water-500ml-x-12-pack",
    "name": "Coco Coast Passionfruit Coconut Water 500ml x 12 pack",
    "image_url": "https://cdn1.woolworths.media/content/wowproductimages/large/1073927568.jpg",
    "source_id": "Woolworths - 1073927568",
    "barcode": "",
    "shop": "Woolworths",
    "weight": "1L",
    "prices": [
      {
        "state": "NSW",
        "price": "4495",
        "price_per_unit": "749",
        "price_unit": "L"
      },
      {
        "state": "VIC",
        "price": "4495",
        "price_per_unit": "749",
        "price_unit": "L"
      },
      {
        "state": "QLD",
        "price": "4495",
        "price_per_unit": "749",
        "price_unit": "L"
      },
      {
        "state": "WA",
        "price": "4495",
        "price_per_unit": "749",
        "price_unit": "L"
      },
      {
        "state": "SA",
        "price": "4495",
        "price_per_unit": "749",
        "price_unit": "L"
      },
      {
        "state": "TAS",
        "price": "4495",
        "price_per_unit": "749",
        "price_unit": "L"
      },
      {
        "state": "ACT",
        "price": "4495",
        "price_per_unit": "749",
        "price_unit": "L"
      },
      {
        "state": "NT",
        "price": "4495",
        "price_per_unit": "749",
        "price_unit": "L"
      }
    ]
  },
  {
    "source_url": "https://www.woolworths.com.au/shop/productdetails/1073927572/coco-coast-strawberry-coconut-water-500ml-x-12-pack",
    "name": "Coco Coast Strawberry Coconut Water 500ml x 12 pack",
    "image_url": "https://cdn1.woolworths.media/content/wowproductimages/large/1073927572.jpg",
    "source_id": "Woolworths - 1073927572",
    "barcode": "",
    "shop": "Woolworths",
    "weight": "1L",
    "prices": [
      {
        "state": "NSW",
        "price": "4495",
        "price_per_unit": "749",
        "price_unit": "L"
      },
      {
        "state": "VIC",
        "price": "4495",
        "price_per_unit": "749",
        "price_unit": "L"
      },
      {
        "state": "QLD",
        "price": "4495",
        "price_per_unit": "749",
        "price_unit": "L"
      },
      {
        "state": "WA",
        "price": "4495",
        "price_per_unit": "749",
        "price_unit": "L"
      },
      {
        "state": "SA",
        "price": "4495",
        "price_per_unit": "749",
        "price_unit": "L"
      },
      {
        "state": "TAS",
        "price": "4495",
        "price_per_unit": "749",
        "price_unit": "L"
      },
      {
        "state": "ACT",
        "price": "4495",
        "price_per_unit": "749",
        "price_unit": "L"
      },
      {
        "state": "NT",
        "price": "4495",
        "price_per_unit": "749",
        "price_unit": "L"
      }
    ]
  },
  {
    "source_url": "https://www.woolworths.com.au/shop/productdetails/1073927571/coco-coast-yuzu-coconut-water-500ml-x-12-pack",
    "name": "Coco Coast Yuzu Coconut Water 500ml x 12 pack",
    "image_url": "https://cdn1.woolworths.media/content/wowproductimages/large/1073927571.jpg",
    "source_id": "Woolworths - 1073927571",
    "barcode": "",
    "shop": "Woolworths",
    "weight": "1L",
    "prices": [
      {
        "state": "NSW",
        "price": "4495",
        "price_per_unit": "749",
        "price_unit": "L"
      },
      {
        "state": "VIC",
        "price": "4495",
        "price_per_unit": "749",
        "price_unit": "L"
      },
      {
        "state": "QLD",
        "price": "4495",
        "price_per_unit": "749",
        "price_unit": "L"
      },
      {
        "state": "WA",
        "price": "4495",
        "price_per_unit": "749",
        "price_unit": "L"
      },
      {
        "state": "SA",
        "price": "4495",
        "price_per_unit": "749",
        "price_unit": "L"
      },
      {
        "state": "TAS",
        "price": "4495",
        "price_per_unit": "749",
        "price_unit": "L"
      },
      {
        "state": "ACT",
        "price": "4495",
        "price_per_unit": "749",
        "price_unit": "L"
      },
      {
        "state": "NT",
        "price": "4495",
        "price_per_unit": "749",
        "price_unit": "L"
      }
    ]
  },
  {
    "source_url": "https://www.woolworths.com.au/shop/productdetails/500999/cocobella-coconut-water-chocolate-chocolate",
    "name": "Cocobella Coconut Water Chocolate 1L",
    "image_url": "https://cdn1.woolworths.media/content/wowproductimages/large/500999.jpg",
    "source_id": "Woolworths - 500999",
    "barcode": "9336243003456",
    "shop": "Woolworths",
    "weight": "1L",
    "prices": [
      {
        "state": "NSW",
        "price": "550",
        "price_per_unit": "550",
        "price_unit": "L"
      },
      {
        "state": "VIC",
        "price": "550",
        "price_per_unit": "550",
        "price_unit": "L"
      },
      {
        "state": "QLD",
        "price": "550",
        "price_per_unit": "550",
        "price_unit": "L"
      },
      {
        "state": "WA",
        "price": "550",
        "price_per_unit": "550",
        "price_unit": "L"
      },
      {
        "state": "SA",
        "price": "550",
        "price_per_unit": "550",
        "price_unit": "L"
      },
      {
        "state": "TAS",
        "price": "550",
        "price_per_unit": "550",
        "price_unit": "L"
      },
      {
        "state": "ACT",
        "price": "550",
        "price_per_unit": "550",
        "price_unit": "L"
      }
    ]
  },
  {
    "source_url": "https://www.woolworths.com.au/shop/productdetails/724514/cocobella-coconut-water-straight-up",
    "name": "Cocobella Coconut Water Straight Up 1l",
    "image_url": "https://cdn1.woolworths.media/content/wowproductimages/large/724514.jpg",
    "source_id": "Woolworths - 724514",
    "barcode": "9336243003166",
    "shop": "Woolworths",
    "weight": "1L",
    "prices": [
      {
        "state": "NSW",
        "price": "550",
        "price_per_unit": "550",
        "price_unit": "L"
      },
      {
        "state": "VIC",
        "price": "550",
        "price_per_unit": "550",
        "price_unit": "L"
      },
      {
        "state": "QLD",
        "price": "550",
        "price_per_unit": "550",
        "price_unit": "L"
      },
      {
        "state": "WA",
        "price": "550",
        "price_per_unit": "550",
        "price_unit": "L"
      },
      {
        "state": "SA",
        "price": "550",
        "price_per_unit": "550",
        "price_unit": "L"
      },
      {
        "state": "TAS",
        "price": "550",
        "price_per_unit": "550",
        "price_unit": "L"
      },
      {
        "state": "ACT",
        "price": "550",
        "price_per_unit": "550",
        "price_unit": "L"
      },
      {
        "state": "NT",
        "price": "550",
        "price_per_unit": "550",
        "price_unit": "L"
      }
    ]
  },
  {
    "source_url": "https://www.woolworths.com.au/shop/productdetails/290071/cococoast-coconut-water-with-a-ginger-twist",
    "name": "Cococoast Coconut Water With a Ginger Twist 500ml",
    "image_url": "https://cdn1.woolworths.media/content/wowproductimages/large/290071.jpg",
    "source_id": "Woolworths - 290071",
    "barcode": "9351908000366",
    "shop": "Woolworths",
    "weight": "1L",
    "prices": [
      {
        "state": "NSW",
        "price": "200",
        "price_per_unit": "400",
        "price_unit": "L"
      },
      {
        "state": "VIC",
        "price": "200",
        "price_per_unit": "400",
        "price_unit": "L"
      },
      {
        "state": "WA",
        "price": "200",
        "price_per_unit": "400",
        "price_unit": "L"
      },
      {
        "state": "SA",
        "price": "200",
        "price_per_unit": "400",
        "price_unit": "L"
      },
      {
        "state": "TAS",
        "price": "200",
        "price_per_unit": "400",
        "price_unit": "L"
      },
      {
        "state": "ACT",
        "price": "200",
        "price_per_unit": "400",
        "price_unit": "L"
      },
      {
        "state": "NT",
        "price": "220",
        "price_per_unit": "440",
        "price_unit": "L"
      }
    ]
  },
  {
    "source_url": "https://www.woolworths.com.au/shop/productdetails/799788/cococoast-natural-coconut-water-lychee",
    "name": "Cococoast Natural Coconut Water Lychee 500ml",
    "image_url": "https://cdn1.woolworths.media/content/wowproductimages/large/799788.jpg",
    "source_id": "Woolworths - 799788",
    "barcode": "9351908000007",
    "shop": "Woolworths",
    "weight": "1L",
    "prices": [
      {
        "state": "NSW",
        "price": "200",
        "price_per_unit": "400",
        "price_unit": "L"
      },
      {
        "state": "VIC",
        "price": "200",
        "price_per_unit": "400",
        "price_unit": "L"
      },
      {
        "state": "WA",
        "price": "200",
        "price_per_unit": "400",
        "price_unit": "L"
      },
      {
        "state": "SA",
        "price": "200",
        "price_per_unit": "400",
        "price_unit": "L"
      },
      {
        "state": "TAS",
        "price": "200",
        "price_per_unit": "400",
        "price_unit": "L"
      },
      {
        "state": "ACT",
        "price": "200",
        "price_per_unit": "400",
        "price_unit": "L"
      },
      {
        "state": "NT",
        "price": "220",
        "price_per_unit": "440",
        "price_unit": "L"
      }
    ]
  },
  {
    "source_url": "https://www.woolworths.com.au/shop/productdetails/799842/cococoast-natural-coconut-water-passionfruit",
    "name": "Cococoast Natural Coconut Water Passionfruit 500ml",
    "image_url": "https://cdn1.woolworths.media/content/wowproductimages/large/799842.jpg",
    "source_id": "Woolworths - 799842",
    "barcode": "9369999072278",
    "shop": "Woolworths",
    "weight": "1L",
    "prices": [
      {
        "state": "NSW",
        "price": "200",
        "price_per_unit": "400",
        "price_unit": "L"
      },
      {
        "state": "VIC",
        "price": "200",
        "price_per_unit": "400",
        "price_unit": "L"
      },
      {
        "state": "WA",
        "price": "200",
        "price_per_unit": "400",
        "price_unit": "L"
      },
      {
        "state": "SA",
        "price": "200",
        "price_per_unit": "400",
        "price_unit": "L"
      },
      {
        "state": "TAS",
        "price": "200",
        "price_per_unit": "400",
        "price_unit": "L"
      },
      {
        "state": "ACT",
        "price": "200",
        "price_per_unit": "400",
        "price_unit": "L"
      },
      {
        "state": "NT",
        "price": "220",
        "price_per_unit": "440",
        "price_unit": "L"
      }
    ]
  },
  {
    "source_url": "https://www.woolworths.com.au/shop/productdetails/839502/cococoast-natural-coconut-water-pure",
    "name": "Cococoast Natural Coconut Water Pure 500ml",
    "image_url": "https://cdn1.woolworths.media/content/wowproductimages/large/839502.jpg",
    "source_id": "Woolworths - 839502",
    "barcode": "9369999312220",
    "shop": "Woolworths",
    "weight": "1L",
    "prices": [
      {
        "state": "NSW",
        "price": "200",
        "price_per_unit": "400",
        "price_unit": "L"
      },
      {
        "state": "VIC",
        "price": "200",
        "price_per_unit": "400",
        "price_unit": "L"
      },
      {
        "state": "WA",
        "price": "200",
        "price_per_unit": "400",
        "price_unit": "L"
      },
      {
        "state": "SA",
        "price": "200",
        "price_per_unit": "400",
        "price_unit": "L"
      },
      {
        "state": "TAS",
        "price": "200",
        "price_per_unit": "400",
        "price_unit": "L"
      },
      {
        "state": "ACT",
        "price": "200",
        "price_per_unit": "400",
        "price_unit": "L"
      },
      {
        "state": "NT",
        "price": "220",
        "price_per_unit": "440",
        "price_unit": "L"
      }
    ]
  },
  {
    "source_url": "https://www.woolworths.com.au/shop/productdetails/594960/gatorade-g-active-sports-drinks-berry-water-electrolytes-vitamins",
    "name": "Gatorade G Active Sports Drinks Berry Water Electrolytes & Vitamins 600ml",
    "image_url": "https://cdn1.woolworths.media/content/wowproductimages/large/594960.jpg",
    "source_id": "Woolworths - 594960",
    "barcode": "9310640000881",
    "shop": "Woolworths",
    "weight": "1L",
    "prices": [
      {
        "state": "NSW",
        "price": "400",
        "price_per_unit": "667",
        "price_unit": "L"
      },
      {
        "state": "VIC",
        "price": "400",
        "price_per_unit": "667",
        "price_unit": "L"
      },
      {
        "state": "QLD",
        "price": "400",
        "price_per_unit": "667",
        "price_unit": "L"
      },
      {
        "state": "WA",
        "price": "400",
        "price_per_unit": "667",
        "price_unit": "L"
      },
      {
        "state": "SA",
        "price": "400",
        "price_per_unit": "667",
        "price_unit": "L"
      },
      {
        "state": "TAS",
        "price": "385",
        "price_per_unit": "642",
        "price_unit": "L"
      },
      {
        "state": "ACT",
        "price": "400",
        "price_per_unit": "667",
        "price_unit": "L"
      },
      {
        "state": "NT",
        "price": "400",
        "price_per_unit": "667",
        "price_unit": "L"
      }
    ]
  },
  {
    "source_url": "https://www.woolworths.com.au/shop/productdetails/173487/gatorade-g-active-sports-drinks-grape-water-electrolytes-vitamins",
    "name": "Gatorade G Active Sports Drinks Grape Water Electrolytes & Vitamins 600ml",
    "image_url": "https://cdn1.woolworths.media/content/wowproductimages/large/173487.jpg",
    "source_id": "Woolworths - 173487",
    "barcode": "9310640001079",
    "shop": "Woolworths",
    "weight": "1L",
    "prices": [
      {
        "state": "NSW",
        "price": "400",
        "price_per_unit": "667",
        "price_unit": "L"
      },
      {
        "state": "VIC",
        "price": "400",
        "price_per_unit": "667",
        "price_unit": "L"
      },
      {
        "state": "QLD",
        "price": "400",
        "price_per_unit": "667",
        "price_unit": "L"
      },
      {
        "state": "WA",
        "price": "400",
        "price_per_unit": "667",
        "price_unit": "L"
      },
      {
        "state": "SA",
        "price": "400",
        "price_per_unit": "667",
        "price_unit": "L"
      },
      {
        "state": "TAS",
        "price": "385",
        "price_per_unit": "642",
        "price_unit": "L"
      },
      {
        "state": "ACT",
        "price": "400",
        "price_per_unit": "667",
        "price_unit": "L"
      },
      {
        "state": "NT",
        "price": "400",
        "price_per_unit": "667",
        "price_unit": "L"
      }
    ]
  },
  {
    "source_url": "https://www.woolworths.com.au/shop/productdetails/786195/h2coco-100-natural-pure-coconut-water",
    "name": "H2Coco 100% Natural Pure Coconut Water 1l",
    "image_url": "https://cdn1.woolworths.media/content/wowproductimages/large/786195.jpg",
    "source_id": "Woolworths - 786195",
    "barcode": "9339655002178",
    "shop": "Woolworths",
    "weight": "1L",
    "prices": [
      {
        "state": "NSW",
        "price": "400",
        "price_per_unit": "400",
        "price_unit": "L"
      },
      {
        "state": "VIC",
        "price": "400",
        "price_per_unit": "400",
        "price_unit": "L"
      },
      {
        "state": "QLD",
        "price": "400",
        "price_per_unit": "400",
        "price_unit": "L"
      },
      {
        "state": "WA",
        "price": "400",
        "price_per_unit": "400",
        "price_unit": "L"
      },
      {
        "state": "SA",
        "price": "400",
        "price_per_unit": "400",
        "price_unit": "L"
      },
      {
        "state": "TAS",
        "price": "400",
        "price_per_unit": "400",
        "price_unit": "L"
      },
      {
        "state": "ACT",
        "price": "400",
        "price_per_unit": "400",
        "price_unit": "L"
      },
      {
        "state": "NT",
        "price": "400",
        "price_per_unit": "400",
        "price_unit": "L"
      }
    ]
  },
  {
    "source_url": "https://www.woolworths.com.au/shop/productdetails/1074461645/h2coco-1l-pure-coconut-water-6pk",
    "name": "H2Coco 1L Pure Coconut Water 6Pk",
    "image_url": "https://cdn1.woolworths.media/content/wowproductimages/large/1074461645.jpg",
    "source_id": "Woolworths - 1074461645",
    "barcode": "",
    "shop": "Woolworths",
    "weight": "1L",
    "prices": [
      {
        "state": "NSW",
        "price": "2950",
        "price_per_unit": "983",
        "price_unit": "L"
      },
      {
        "state": "VIC",
        "price": "2950",
        "price_per_unit": "983",
        "price_unit": "L"
      },
      {
        "state": "QLD",
        "price": "2950",
        "price_per_unit": "983",
        "price_unit": "L"
      },
      {
        "state": "WA",
        "price": "2950",
        "price_per_unit": "983",
        "price_unit": "L"
      },
      {
        "state": "SA",
        "price": "2950",
        "price_per_unit": "983",
        "price_unit": "L"
      },
      {
        "state": "TAS",
        "price": "2950",
        "price_per_unit": "983",
        "price_unit": "L"
      },
      {
        "state": "ACT",
        "price": "2950",
        "price_per_unit": "983",
        "price_unit": "L"
      },
      {
        "state": "NT",
        "price": "2950",
        "price_per_unit": "983",
        "price_unit": "L"
      }
    ]
  },
  {
    "source_url": "https://www.woolworths.com.au/shop/productdetails/1074461646/h2coco-2l-pure-coconut-water-6pk",
    "name": "H2Coco 2L Pure Coconut Water 6Pk",
    "image_url": "https://cdn1.woolworths.media/content/wowproductimages/large/1074461646.jpg",
    "source_id": "Woolworths - 1074461646",
    "barcode": "",
    "shop": "Woolworths",
    "weight": "1L",
    "prices": [
      {
        "state": "NSW",
        "price": "4300",
        "price_per_unit": "1433",
        "price_unit": "L"
      },
      {
        "state": "VIC",
        "price": "4300",
        "price_per_unit": "1433",
        "price_unit": "L"
      },
      {
        "state": "QLD",
        "price": "4300",
        "price_per_unit": "1433",
        "price_unit": "L"
      },
      {
        "state": "WA",
        "price": "4300",
        "price_per_unit": "1433",
        "price_unit": "L"
      },
      {
        "state": "SA",
        "price": "4300",
        "price_per_unit": "1433",
        "price_unit": "L"
      },
      {
        "state": "TAS",
        "price": "4300",
        "price_per_unit": "1433",
        "price_unit": "L"
      },
      {
        "state": "ACT",
        "price": "4300",
        "price_per_unit": "1433",
        "price_unit": "L"
      },
      {
        "state": "NT",
        "price": "4300",
        "price_per_unit": "1433",
        "price_unit": "L"
      }
    ]
  },
  {
    "source_url": "https://www.woolworths.com.au/shop/productdetails/1074294293/h2coco-500ml-pure-coconut-water-12pk",
    "name": "H2Coco 500Ml Pure Coconut Water 12Pk",
    "image_url": "https://cdn1.woolworths.media/content/wowproductimages/large/1074294293.jpg",
    "source_id": "Woolworths - 1074294293",
    "barcode": "",
    "shop": "Woolworths",
    "weight": "1L",
    "prices": [
      {
        "state": "NSW",
        "price": "3600",
        "price_per_unit": "600",
        "price_unit": "L"
      },
      {
        "state": "VIC",
        "price": "3600",
        "price_per_unit": "600",
        "price_unit": "L"
      },
      {
        "state": "QLD",
        "price": "3600",
        "price_per_unit": "600",
        "price_unit": "L"
      },
      {
        "state": "WA",
        "price": "3600",
        "price_per_unit": "600",
        "price_unit": "L"
      },
      {
        "state": "SA",
        "price": "3600",
        "price_per_unit": "600",
        "price_unit": "L"
      },
      {
        "state": "TAS",
        "price": "3600",
        "price_per_unit": "600",
        "price_unit": "L"
      },
      {
        "state": "ACT",
        "price": "3600",
        "price_per_unit": "600",
        "price_unit": "L"
      },
      {
        "state": "NT",
        "price": "3600",
        "price_per_unit": "600",
        "price_unit": "L"
      }
    ]
  },
  {
    "source_url": "https://www.woolworths.com.au/shop/productdetails/919550/h2coco-coconut-water-lychee",
    "name": "H2Coco Coconut Water & Lychee 1L",
    "image_url": "https://cdn1.woolworths.media/content/wowproductimages/large/919550.jpg",
    "source_id": "Woolworths - 919550",
    "barcode": "9339655096726",
    "shop": "Woolworths",
    "weight": "1L",
    "prices": [
      {
        "state": "VIC",
        "price": "400",
        "price_per_unit": "400",
        "price_unit": "L"
      },
      {
        "state": "QLD",
        "price": "400",
        "price_per_unit": "400",
        "price_unit": "L"
      },
      {
        "state": "WA",
        "price": "400",
        "price_per_unit": "400",
        "price_unit": "L"
      },
      {
        "state": "SA",
        "price": "400",
        "price_per_unit": "400",
        "price_unit": "L"
      },
      {
        "state": "TAS",
        "price": "400",
        "price_per_unit": "400",
        "price_unit": "L"
      },
      {
        "state": "NT",
        "price": "400",
        "price_per_unit": "400",
        "price_unit": "L"
      }
    ]
  },
  {
    "source_url": "https://www.woolworths.com.au/shop/productdetails/172439/h2coco-pure-coconut-water",
    "name": "H2Coco Pure Coconut Water 2l",
    "image_url": "https://cdn1.woolworths.media/content/wowproductimages/large/172439.jpg",
    "source_id": "Woolworths - 172439",
    "barcode": "9339655002437",
    "shop": "Woolworths",
    "weight": "1L",
    "prices": [
      {
        "state": "NSW",
        "price": "600",
        "price_per_unit": "300",
        "price_unit": "L"
      },
      {
        "state": "VIC",
        "price": "600",
        "price_per_unit": "300",
        "price_unit": "L"
      },
      {
        "state": "QLD",
        "price": "600",
        "price_per_unit": "300",
        "price_unit": "L"
      },
      {
        "state": "WA",
        "price": "600",
        "price_per_unit": "300",
        "price_unit": "L"
      },
      {
        "state": "SA",
        "price": "600",
        "price_per_unit": "300",
        "price_unit": "L"
      },
      {
        "state": "TAS",
        "price": "600",
        "price_per_unit": "300",
        "price_unit": "L"
      },
      {
        "state": "ACT",
        "price": "600",
        "price_per_unit": "300",
        "price_unit": "L"
      },
      {
        "state": "NT",
        "price": "600",
        "price_per_unit": "300",
        "price_unit": "L"
      }
    ]
  },
  {
    "source_url": "https://www.woolworths.com.au/shop/productdetails/1075760449/h2coco-pure-coconut-water-with-lychee-500ml-12pk",
    "name": "H2Coco Pure Coconut Water With Lychee 500mL 12Pk",
    "image_url": "https://cdn1.woolworths.media/content/wowproductimages/large/1075760449.jpg",
    "source_id": "Woolworths - 1075760449",
    "barcode": "",
    "shop": "Woolworths",
    "weight": "1L",
    "prices": [
      {
        "state": "NSW",
        "price": "3600",
        "price_per_unit": "600",
        "price_unit": "L"
      },
      {
        "state": "VIC",
        "price": "3600",
        "price_per_unit": "600",
        "price_unit": "L"
      },
      {
        "state": "QLD",
        "price": "3600",
        "price_per_unit": "600",
        "price_unit": "L"
      },
      {
        "state": "WA",
        "price": "3600",
        "price_per_unit": "600",
        "price_unit": "L"
      },
      {
        "state": "SA",
        "price": "3600",
        "price_per_unit": "600",
        "price_unit": "L"
      },
      {
        "state": "TAS",
        "price": "3600",
        "price_per_unit": "600",
        "price_unit": "L"
      },
      {
        "state": "ACT",
        "price": "3600",
        "price_per_unit": "600",
        "price_unit": "L"
      },
      {
        "state": "NT",
        "price": "3600",
        "price_per_unit": "600",
        "price_unit": "L"
      }
    ]
  },
  {
    "source_url": "https://www.woolworths.com.au/shop/productdetails/1074461651/h2melon-1-25l-watermelon-water-6pk",
    "name": "H2Melon 1.25L Watermelon Water 6Pk",
    "image_url": "https://cdn1.woolworths.media/content/wowproductimages/large/1074461651.jpg",
    "source_id": "Woolworths - 1074461651",
    "barcode": "",
    "shop": "Woolworths",
    "weight": "1L",
    "prices": [
      {
        "state": "NSW",
        "price": "3200",
        "price_per_unit": "1067",
        "price_unit": "L"
      },
      {
        "state": "VIC",
        "price": "3200",
        "price_per_unit": "1067",
        "price_unit": "L"
      },
      {
        "state": "QLD",
        "price": "3200",
        "price_per_unit": "1067",
        "price_unit": "L"
      },
      {
        "state": "WA",
        "price": "3200",
        "price_per_unit": "1067",
        "price_unit": "L"
      },
      {
        "state": "SA",
        "price": "3200",
        "price_per_unit": "1067",
        "price_unit": "L"
      },
      {
        "state": "TAS",
        "price": "3200",
        "price_per_unit": "1067",
        "price_unit": "L"
      },
      {
        "state": "ACT",
        "price": "3200",
        "price_per_unit": "1067",
        "price_unit": "L"
      },
      {
        "state": "NT",
        "price": "3200",
        "price_per_unit": "1067",
        "price_unit": "L"
      }
    ]
  },
  {
    "source_url": "https://www.woolworths.com.au/shop/productdetails/1074461652/h2melon-500ml-watermelon-water-12pk",
    "name": "H2Melon 500Ml Watermelon Water 12Pk",
    "image_url": "https://cdn1.woolworths.media/content/wowproductimages/large/1074461652.jpg",
    "source_id": "Woolworths - 1074461652",
    "barcode": "",
    "shop": "Woolworths",
    "weight": "1L",
    "prices": [
      {
        "state": "NSW",
        "price": "3600",
        "price_per_unit": "600",
        "price_unit": "L"
      },
      {
        "state": "VIC",
        "price": "3600",
        "price_per_unit": "600",
        "price_unit": "L"
      },
      {
        "state": "QLD",
        "price": "3600",
        "price_per_unit": "600",
        "price_unit": "L"
      },
      {
        "state": "WA",
        "price": "3600",
        "price_per_unit": "600",
        "price_unit": "L"
      },
      {
        "state": "SA",
        "price": "3600",
        "price_per_unit": "600",
        "price_unit": "L"
      },
      {
        "state": "TAS",
        "price": "3600",
        "price_per_unit": "600",
        "price_unit": "L"
      },
      {
        "state": "ACT",
        "price": "3600",
        "price_per_unit": "600",
        "price_unit": "L"
      },
      {
        "state": "NT",
        "price": "3600",
        "price_per_unit": "600",
        "price_unit": "L"
      }
    ]
  },
  {
    "source_url": "https://www.woolworths.com.au/shop/productdetails/272943/jiva-kombucha-pomegranate",
    "name": "Jiva Kombucha Pomegranate 300ml",
    "image_url": "https://cdn1.woolworths.media/content/wowproductimages/large/272943.jpg",
    "source_id": "Woolworths - 272943",
    "barcode": "9351775000896",
    "shop": "Woolworths",
    "weight": "1L",
    "prices": [
      {
        "state": "NSW",
        "price": "440",
        "price_per_unit": "1467",
        "price_unit": "L"
      },
      {
        "state": "VIC",
        "price": "440",
        "price_per_unit": "1467",
        "price_unit": "L"
      }
    ]
  },
  {
    "source_url": "https://www.woolworths.com.au/shop/productdetails/273644/jiva-kombucha-watermelon-mint",
    "name": "Jiva Kombucha Watermelon Mint 300ml",
    "image_url": "https://cdn1.woolworths.media/content/wowproductimages/large/273644.jpg",
    "source_id": "Woolworths - 273644",
    "barcode": "9351775000889",
    "shop": "Woolworths",
    "weight": "1L",
    "prices": [
      {
        "state": "NSW",
        "price": "440",
        "price_per_unit": "1467",
        "price_unit": "L"
      }
    ]
  },
  {
    "source_url": "https://www.woolworths.com.au/shop/productdetails/389795/jiva-xtreme-shot-defence-zesty-ginger-tonic",
    "name": "Jiva Xtreme Shot Defence Zesty Ginger Tonic 100ml",
    "image_url": "https://cdn1.woolworths.media/content/wowproductimages/large/389795.jpg",
    "source_id": "Woolworths - 389795",
    "barcode": "9351775002180",
    "shop": "Woolworths",
    "weight": "1L",
    "prices": [
      {
        "state": "NSW",
        "price": "260",
        "price_per_unit": "2600",
        "price_unit": "L"
      },
      {
        "state": "VIC",
        "price": "260",
        "price_per_unit": "2600",
        "price_unit": "L"
      },
      {
        "state": "SA",
        "price": "260",
        "price_per_unit": "2600",
        "price_unit": "L"
      },
      {
        "state": "TAS",
        "price": "260",
        "price_per_unit": "2600",
        "price_unit": "L"
      },
      {
        "state": "NT",
        "price": "260",
        "price_per_unit": "2600",
        "price_unit": "L"
      }
    ]
  },
  {
    "source_url": "https://www.woolworths.com.au/shop/productdetails/194020/jiva-xtreme-tonic-detox-spicy-ginger",
    "name": "Jiva Xtreme Tonic Detox Spicy Ginger 100ml",
    "image_url": "https://cdn1.woolworths.media/content/wowproductimages/large/194020.jpg",
    "source_id": "Woolworths - 194020",
    "barcode": "9351775001749",
    "shop": "Woolworths",
    "weight": "1L",
    "prices": [
      {
        "state": "NSW",
        "price": "260",
        "price_per_unit": "2600",
        "price_unit": "L"
      },
      {
        "state": "VIC",
        "price": "260",
        "price_per_unit": "2600",
        "price_unit": "L"
      },
      {
        "state": "SA",
        "price": "260",
        "price_per_unit": "2600",
        "price_unit": "L"
      },
      {
        "state": "TAS",
        "price": "260",
        "price_per_unit": "2600",
        "price_unit": "L"
      },
      {
        "state": "NT",
        "price": "260",
        "price_per_unit": "2600",
        "price_unit": "L"
      }
    ]
  },
  {
    "source_url": "https://www.woolworths.com.au/shop/productdetails/229891/jiva-xtreme-tonic-immunity-sour-apple",
    "name": "Jiva Xtreme Tonic Immunity Sour Apple 100ml",
    "image_url": "https://cdn1.woolworths.media/content/wowproductimages/large/229891.jpg",
    "source_id": "Woolworths - 229891",
    "barcode": "9351775000377",
    "shop": "Woolworths",
    "weight": "1L",
    "prices": [
      {
        "state": "NSW",
        "price": "260",
        "price_per_unit": "2600",
        "price_unit": "L"
      },
      {
        "state": "VIC",
        "price": "260",
        "price_per_unit": "2600",
        "price_unit": "L"
      },
      {
        "state": "SA",
        "price": "260",
        "price_per_unit": "2600",
        "price_unit": "L"
      },
      {
        "state": "TAS",
        "price": "260",
        "price_per_unit": "2600",
        "price_unit": "L"
      },
      {
        "state": "NT",
        "price": "260",
        "price_per_unit": "2600",
        "price_unit": "L"
      }
    ]
  },
  {
    "source_url": "https://www.woolworths.com.au/shop/productdetails/859536/lo-bros-kombucha-passionfruit",
    "name": "Lo Bros Kombucha Passionfruit 750ml",
    "image_url": "https://cdn1.woolworths.media/content/wowproductimages/large/859536.jpg",
    "source_id": "Woolworths - 859536",
    "barcode": "9340784004254",
    "shop": "Woolworths",
    "weight": "1L",
    "prices": [
      {
        "state": "NSW",
        "price": "385",
        "price_per_unit": "513",
        "price_unit": "L"
      },
      {
        "state": "VIC",
        "price": "385",
        "price_per_unit": "513",
        "price_unit": "L"
      },
      {
        "state": "QLD",
        "price": "385",
        "price_per_unit": "513",
        "price_unit": "L"
      },
      {
        "state": "WA",
        "price": "385",
        "price_per_unit": "513",
        "price_unit": "L"
      },
      {
        "state": "SA",
        "price": "385",
        "price_per_unit": "513",
        "price_unit": "L"
      },
      {
        "state": "TAS",
        "price": "385",
        "price_per_unit": "513",
        "price_unit": "L"
      },
      {
        "state": "ACT",
        "price": "385",
        "price_per_unit": "513",
        "price_unit": "L"
      },
      {
        "state": "NT",
        "price": "385",
        "price_per_unit": "513",
        "price_unit": "L"
      }
    ]
  },
  {
    "source_url": "https://www.woolworths.com.au/shop/productdetails/55749/lo-bros-kombucha-peach-blackberry",
    "name": "Lo Bros Kombucha Peach & Blackberry 330mL",
    "image_url": "https://cdn1.woolworths.media/content/wowproductimages/large/055749.jpg",
    "source_id": "Woolworths - 55749",
    "barcode": "9340784002625",
    "shop": "Woolworths",
    "weight": "1L",
    "prices": [
      {
        "state": "NSW",
        "price": "420",
        "price_per_unit": "1273",
        "price_unit": "L"
      },
      {
        "state": "VIC",
        "price": "420",
        "price_per_unit": "1273",
        "price_unit": "L"
      },
      {
        "state": "QLD",
        "price": "420",
        "price_per_unit": "1273",
        "price_unit": "L"
      },
      {
        "state": "WA",
        "price": "420",
        "price_per_unit": "1273",
        "price_unit": "L"
      },
      {
        "state": "SA",
        "price": "420",
        "price_per_unit": "1273",
        "price_unit": "L"
      },
      {
        "state": "TAS",
        "price": "420",
        "price_per_unit": "1273",
        "price_unit": "L"
      },
      {
        "state": "ACT",
        "price": "420",
        "price_per_unit": "1273",
        "price_unit": "L"
      },
      {
        "state": "NT",
        "price": "420",
        "price_per_unit": "1273",
        "price_unit": "L"
      }
    ]
  },
  {
    "source_url": "https://www.woolworths.com.au/shop/productdetails/175503/lo-bros-kombucha-pineapple-lime",
    "name": "Lo Bros Kombucha Pineapple & Lime 750ml",
    "image_url": "https://cdn1.woolworths.media/content/wowproductimages/large/175503.jpg",
    "source_id": "Woolworths - 175503",
    "barcode": "9340784007507",
    "shop": "Woolworths",
    "weight": "1L",
    "prices": [
      {
        "state": "NSW",
        "price": "385",
        "price_per_unit": "513",
        "price_unit": "L"
      },
      {
        "state": "QLD",
        "price": "385",
        "price_per_unit": "513",
        "price_unit": "L"
      },
      {
        "state": "WA",
        "price": "385",
        "price_per_unit": "513",
        "price_unit": "L"
      },
      {
        "state": "TAS",
        "price": "385",
        "price_per_unit": "513",
        "price_unit": "L"
      },
      {
        "state": "ACT",
        "price": "385",
        "price_per_unit": "513",
        "price_unit": "L"
      },
      {
        "state": "NT",
        "price": "385",
        "price_per_unit": "513",
        "price_unit": "L"
      }
    ]
  },
  {
    "source_url": "https://www.woolworths.com.au/shop/productdetails/175459/lo-bros-pineapple-lime-kombucha",
    "name": "Lo Bros Pineapple & Lime Kombucha 330ml",
    "image_url": "https://cdn1.woolworths.media/content/wowproductimages/large/175459.jpg",
    "source_id": "Woolworths - 175459",
    "barcode": "9340784007491",
    "shop": "Woolworths",
    "weight": "1L",
    "prices": [
      {
        "state": "NSW",
        "price": "420",
        "price_per_unit": "1273",
        "price_unit": "L"
      },
      {
        "state": "VIC",
        "price": "420",
        "price_per_unit": "1273",
        "price_unit": "L"
      },
      {
        "state": "SA",
        "price": "420",
        "price_per_unit": "1273",
        "price_unit": "L"
      },
      {
        "state": "TAS",
        "price": "420",
        "price_per_unit": "1273",
        "price_unit": "L"
      },
      {
        "state": "ACT",
        "price": "420",
        "price_per_unit": "1273",
        "price_unit": "L"
      },
      {
        "state": "NT",
        "price": "420",
        "price_per_unit": "1273",
        "price_unit": "L"
      }
    ]
  },
  {
    "source_url": "https://www.woolworths.com.au/shop/productdetails/230330/lo-bros-raspberry-blackcurrant-kombucha",
    "name": "Lo Bros Raspberry & Blackcurrant Kombucha 330ml",
    "image_url": "https://cdn1.woolworths.media/content/wowproductimages/large/230330.jpg",
    "source_id": "Woolworths - 230330",
    "barcode": "9340784007484",
    "shop": "Woolworths",
    "weight": "1L",
    "prices": [
      {
        "state": "NSW",
        "price": "420",
        "price_per_unit": "1273",
        "price_unit": "L"
      },
      {
        "state": "VIC",
        "price": "420",
        "price_per_unit": "1273",
        "price_unit": "L"
      },
      {
        "state": "WA",
        "price": "420",
        "price_per_unit": "1273",
        "price_unit": "L"
      },
      {
        "state": "SA",
        "price": "420",
        "price_per_unit": "1273",
        "price_unit": "L"
      },
      {
        "state": "ACT",
        "price": "420",
        "price_per_unit": "1273",
        "price_unit": "L"
      },
      {
        "state": "NT",
        "price": "420",
        "price_per_unit": "1273",
        "price_unit": "L"
      }
    ]
  },
  {
    "source_url": "https://www.woolworths.com.au/shop/productdetails/389571/lo-bros-yuzu-lemonade-kombucha",
    "name": "Lo Bros Yuzu Lemonade Kombucha 330ml",
    "image_url": "https://cdn1.woolworths.media/content/wowproductimages/large/389571.jpg",
    "source_id": "Woolworths - 389571",
    "barcode": "9340784002618",
    "shop": "Woolworths",
    "weight": "1L",
    "prices": [
      {
        "state": "NSW",
        "price": "420",
        "price_per_unit": "1273",
        "price_unit": "L"
      },
      {
        "state": "VIC",
        "price": "420",
        "price_per_unit": "1273",
        "price_unit": "L"
      },
      {
        "state": "QLD",
        "price": "420",
        "price_per_unit": "1273",
        "price_unit": "L"
      },
      {
        "state": "WA",
        "price": "420",
        "price_per_unit": "1273",
        "price_unit": "L"
      },
      {
        "state": "SA",
        "price": "420",
        "price_per_unit": "1273",
        "price_unit": "L"
      },
      {
        "state": "ACT",
        "price": "420",
        "price_per_unit": "1273",
        "price_unit": "L"
      },
      {
        "state": "NT",
        "price": "420",
        "price_per_unit": "1273",
        "price_unit": "L"
      }
    ]
  },
  {
    "source_url": "https://www.woolworths.com.au/shop/productdetails/688226/macro-organic-coconut-water",
    "name": "Macro Organic Coconut Water 1l",
    "image_url": "https://cdn1.woolworths.media/content/wowproductimages/large/688226.jpg",
    "source_id": "Woolworths - 688226",
    "barcode": "9339687045280",
    "shop": "Woolworths",
    "weight": "1L",
    "prices": [
      {
        "state": "NSW",
        "price": "500",
        "price_per_unit": "500",
        "price_unit": "L"
      },
      {
        "state": "VIC",
        "price": "500",
        "price_per_unit": "500",
        "price_unit": "L"
      },
      {
        "state": "QLD",
        "price": "500",
        "price_per_unit": "500",
        "price_unit": "L"
      },
      {
        "state": "WA",
        "price": "500",
        "price_per_unit": "500",
        "price_unit": "L"
      },
      {
        "state": "SA",
        "price": "500",
        "price_per_unit": "500",
        "price_unit": "L"
      },
      {
        "state": "TAS",
        "price": "500",
        "price_per_unit": "500",
        "price_unit": "L"
      },
      {
        "state": "ACT",
        "price": "500",
        "price_per_unit": "500",
        "price_unit": "L"
      },
      {
        "state": "NT",
        "price": "500",
        "price_per_unit": "500",
        "price_unit": "L"
      }
    ]
  },
  {
    "source_url": "https://www.woolworths.com.au/shop/productdetails/68598/mount-franklin-lightly-sparkling-cans-lime-value",
    "name": "Mount Franklin Lightly Sparkling Cans Lime Value 250mL x 20 pack",
    "image_url": "https://cdn1.woolworths.media/content/wowproductimages/large/068598.jpg",
    "source_id": "Woolworths - 68598",
    "barcode": "9300675096652",
    "shop": "Woolworths",
    "weight": "1L",
    "prices": [
      {
        "state": "VIC",
        "price": "1500",
        "price_per_unit": "300",
        "price_unit": "L"
      },
      {
        "state": "QLD",
        "price": "1500",
        "price_per_unit": "300",
        "price_unit": "L"
      },
      {
        "state": "WA",
        "price": "1500",
        "price_per_unit": "300",
        "price_unit": "L"
      },
      {
        "state": "SA",
        "price": "1500",
        "price_per_unit": "300",
        "price_unit": "L"
      },
      {
        "state": "TAS",
        "price": "1500",
        "price_per_unit": "300",
        "price_unit": "L"
      },
      {
        "state": "NT",
        "price": "1575",
        "price_per_unit": "315",
        "price_unit": "L"
      }
    ]
  },
  {
    "source_url": "https://www.woolworths.com.au/shop/productdetails/287016/mount-franklin-lightly-sparkling-mineral-water-passionfruit",
    "name": "Mount Franklin Lightly Sparkling Mineral Water Passionfruit 250ml x 6 Pack",
    "image_url": "https://cdn1.woolworths.media/content/wowproductimages/large/287016.jpg",
    "source_id": "Woolworths - 287016",
    "barcode": "9300675093330",
    "shop": "Woolworths",
    "weight": "1L",
    "prices": [
      {
        "state": "NSW",
        "price": "965",
        "price_per_unit": "643",
        "price_unit": "L"
      },
      {
        "state": "VIC",
        "price": "965",
        "price_per_unit": "643",
        "price_unit": "L"
      },
      {
        "state": "WA",
        "price": "965",
        "price_per_unit": "643",
        "price_unit": "L"
      },
      {
        "state": "SA",
        "price": "965",
        "price_per_unit": "643",
        "price_unit": "L"
      },
      {
        "state": "TAS",
        "price": "905",
        "price_per_unit": "603",
        "price_unit": "L"
      },
      {
        "state": "ACT",
        "price": "965",
        "price_per_unit": "643",
        "price_unit": "L"
      },
      {
        "state": "NT",
        "price": "1015",
        "price_per_unit": "677",
        "price_unit": "L"
      }
    ]
  },
  {
    "source_url": "https://www.woolworths.com.au/shop/productdetails/332732/mount-franklin-lightly-sparkling-water-lemon-bottle",
    "name": "Mount Franklin Lightly Sparkling Water Lemon Bottle 1.25L",
    "image_url": "https://cdn1.woolworths.media/content/wowproductimages/large/332732.jpg",
    "source_id": "Woolworths - 332732",
    "barcode": "9300624017608",
    "shop": "Woolworths",
    "weight": "1L",
    "prices": [
      {
        "state": "NSW",
        "price": "155",
        "price_per_unit": "124",
        "price_unit": "L"
      },
      {
        "state": "VIC",
        "price": "155",
        "price_per_unit": "124",
        "price_unit": "L"
      },
      {
        "state": "QLD",
        "price": "155",
        "price_per_unit": "124",
        "price_unit": "L"
      },
      {
        "state": "WA",
        "price": "155",
        "price_per_unit": "124",
        "price_unit": "L"
      },
      {
        "state": "SA",
        "price": "155",
        "price_per_unit": "124",
        "price_unit": "L"
      },
      {
        "state": "TAS",
        "price": "150",
        "price_per_unit": "120",
        "price_unit": "L"
      },
      {
        "state": "ACT",
        "price": "155",
        "price_per_unit": "124",
        "price_unit": "L"
      },
      {
        "state": "NT",
        "price": "162",
        "price_per_unit": "130",
        "price_unit": "L"
      }
    ]
  },
  {
    "source_url": "https://www.woolworths.com.au/shop/productdetails/725866/mount-franklin-lightly-sparkling-water-lime-bottle",
    "name": "Mount Franklin Lightly Sparkling Water Lime Bottle 1.25l",
    "image_url": "https://cdn1.woolworths.media/content/wowproductimages/large/725866.jpg",
    "source_id": "Woolworths - 725866",
    "barcode": "9300624017622",
    "shop": "Woolworths",
    "weight": "1L",
    "prices": [
      {
        "state": "NSW",
        "price": "155",
        "price_per_unit": "124",
        "price_unit": "L"
      },
      {
        "state": "VIC",
        "price": "155",
        "price_per_unit": "124",
        "price_unit": "L"
      },
      {
        "state": "QLD",
        "price": "155",
        "price_per_unit": "124",
        "price_unit": "L"
      },
      {
        "state": "WA",
        "price": "155",
        "price_per_unit": "124",
        "price_unit": "L"
      },
      {
        "state": "SA",
        "price": "155",
        "price_per_unit": "124",
        "price_unit": "L"
      },
      {
        "state": "TAS",
        "price": "150",
        "price_per_unit": "120",
        "price_unit": "L"
      },
      {
        "state": "ACT",
        "price": "155",
        "price_per_unit": "124",
        "price_unit": "L"
      },
      {
        "state": "NT",
        "price": "162",
        "price_per_unit": "130",
        "price_unit": "L"
      }
    ]
  },
  {
    "source_url": "https://www.woolworths.com.au/shop/productdetails/242317/mount-franklin-lightly-sparkling-water-lime-cans",
    "name": "Mount Franklin Lightly Sparkling Water Lime Cans 250ml x 6 Pack",
    "image_url": "https://cdn1.woolworths.media/content/wowproductimages/large/242317.jpg",
    "source_id": "Woolworths - 242317",
    "barcode": "9300624035589",
    "shop": "Woolworths",
    "weight": "1L",
    "prices": [
      {
        "state": "NSW",
        "price": "965",
        "price_per_unit": "643",
        "price_unit": "L"
      },
      {
        "state": "VIC",
        "price": "965",
        "price_per_unit": "643",
        "price_unit": "L"
      },
      {
        "state": "WA",
        "price": "965",
        "price_per_unit": "643",
        "price_unit": "L"
      },
      {
        "state": "SA",
        "price": "965",
        "price_per_unit": "643",
        "price_unit": "L"
      },
      {
        "state": "TAS",
        "price": "905",
        "price_per_unit": "603",
        "price_unit": "L"
      },
      {
        "state": "ACT",
        "price": "965",
        "price_per_unit": "643",
        "price_unit": "L"
      },
      {
        "state": "NT",
        "price": "1015",
        "price_per_unit": "677",
        "price_unit": "L"
      }
    ]
  },
  {
    "source_url": "https://www.woolworths.com.au/shop/productdetails/77938/mount-franklin-lightly-sparkling-water-lime-multipack-cans",
    "name": "Mount Franklin Lightly Sparkling Water Lime Multipack Cans 375ml x10 Pack",
    "image_url": "https://cdn1.woolworths.media/content/wowproductimages/large/077938.jpg",
    "source_id": "Woolworths - 77938",
    "barcode": "9300624034179",
    "shop": "Woolworths",
    "weight": "1L",
    "prices": [
      {
        "state": "NSW",
        "price": "1140",
        "price_per_unit": "304",
        "price_unit": "L"
      },
      {
        "state": "VIC",
        "price": "1140",
        "price_per_unit": "304",
        "price_unit": "L"
      },
      {
        "state": "QLD",
        "price": "1140",
        "price_per_unit": "304",
        "price_unit": "L"
      },
      {
        "state": "WA",
        "price": "1140",
        "price_per_unit": "304",
        "price_unit": "L"
      },
      {
        "state": "SA",
        "price": "1140",
        "price_per_unit": "304",
        "price_unit": "L"
      },
      {
        "state": "TAS",
        "price": "1070",
        "price_per_unit": "285",
        "price_unit": "L"
      },
      {
        "state": "ACT",
        "price": "1140",
        "price_per_unit": "304",
        "price_unit": "L"
      },
      {
        "state": "NT",
        "price": "1190",
        "price_per_unit": "317",
        "price_unit": "L"
      }
    ]
  },
  {
    "source_url": "https://www.woolworths.com.au/shop/productdetails/136874/mount-franklin-lightly-sparkling-water-pasionfruit-multipack-cans",
    "name": "Mount Franklin Lightly Sparkling Water Pasionfruit Multipack Cans 375ml x10 Pack",
    "image_url": "https://cdn1.woolworths.media/content/wowproductimages/large/136874.jpg",
    "source_id": "Woolworths - 136874",
    "barcode": "9300624034315",
    "shop": "Woolworths",
    "weight": "1L",
    "prices": [
      {
        "state": "NSW",
        "price": "1140",
        "price_per_unit": "304",
        "price_unit": "L"
      },
      {
        "state": "VIC",
        "price": "1140",
        "price_per_unit": "304",
        "price_unit": "L"
      },
      {
        "state": "QLD",
        "price": "1140",
        "price_per_unit": "304",
        "price_unit": "L"
      },
      {
        "state": "WA",
        "price": "1140",
        "price_per_unit": "304",
        "price_unit": "L"
      },
      {
        "state": "SA",
        "price": "1140",
        "price_per_unit": "304",
        "price_unit": "L"
      },
      {
        "state": "TAS",
        "price": "1070",
        "price_per_unit": "285",
        "price_unit": "L"
      },
      {
        "state": "ACT",
        "price": "1140",
        "price_per_unit": "304",
        "price_unit": "L"
      },
      {
        "state": "NT",
        "price": "1190",
        "price_per_unit": "317",
        "price_unit": "L"
      }
    ]
  },
  {
    "source_url": "https://www.woolworths.com.au/shop/productdetails/221494/mount-franklin-lightly-sparkling-water-passionfruit",
    "name": "Mount Franklin Lightly Sparkling Water Passionfruit 1.25l",
    "image_url": "https://cdn1.woolworths.media/content/wowproductimages/large/221494.jpg",
    "source_id": "Woolworths - 221494",
    "barcode": "9300624035114",
    "shop": "Woolworths",
    "weight": "1L",
    "prices": [
      {
        "state": "NSW",
        "price": "155",
        "price_per_unit": "124",
        "price_unit": "L"
      },
      {
        "state": "VIC",
        "price": "155",
        "price_per_unit": "124",
        "price_unit": "L"
      },
      {
        "state": "QLD",
        "price": "155",
        "price_per_unit": "124",
        "price_unit": "L"
      },
      {
        "state": "WA",
        "price": "155",
        "price_per_unit": "124",
        "price_unit": "L"
      },
      {
        "state": "SA",
        "price": "155",
        "price_per_unit": "124",
        "price_unit": "L"
      },
      {
        "state": "TAS",
        "price": "150",
        "price_per_unit": "120",
        "price_unit": "L"
      },
      {
        "state": "ACT",
        "price": "155",
        "price_per_unit": "124",
        "price_unit": "L"
      },
      {
        "state": "NT",
        "price": "162",
        "price_per_unit": "130",
        "price_unit": "L"
      }
    ]
  },
  {
    "source_url": "https://www.woolworths.com.au/shop/productdetails/760280/mount-franklin-mineral-water-lightly-sparkling-lime-bottle",
    "name": "Mount Franklin Mineral Water Lightly Sparkling Lime Bottle 450ml",
    "image_url": "https://cdn1.woolworths.media/content/wowproductimages/large/760280.jpg",
    "source_id": "Woolworths - 760280",
    "barcode": "9300624022589",
    "shop": "Woolworths",
    "weight": "1L",
    "prices": [
      {
        "state": "NSW",
        "price": "310",
        "price_per_unit": "689",
        "price_unit": "L"
      },
      {
        "state": "VIC",
        "price": "310",
        "price_per_unit": "689",
        "price_unit": "L"
      },
      {
        "state": "QLD",
        "price": "310",
        "price_per_unit": "689",
        "price_unit": "L"
      },
      {
        "state": "WA",
        "price": "310",
        "price_per_unit": "689",
        "price_unit": "L"
      },
      {
        "state": "SA",
        "price": "310",
        "price_per_unit": "689",
        "price_unit": "L"
      },
      {
        "state": "TAS",
        "price": "300",
        "price_per_unit": "667",
        "price_unit": "L"
      },
      {
        "state": "ACT",
        "price": "310",
        "price_per_unit": "689",
        "price_unit": "L"
      },
      {
        "state": "NT",
        "price": "310",
        "price_per_unit": "689",
        "price_unit": "L"
      }
    ]
  },
  {
    "source_url": "https://www.woolworths.com.au/shop/productdetails/270682/mrs-toddy-s-tonic-immunity-spark",
    "name": "Mrs Toddy's Tonic Immunity Spark 300ml",
    "image_url": "https://cdn1.woolworths.media/content/wowproductimages/large/270682.jpg",
    "source_id": "Woolworths - 270682",
    "barcode": "796548435403",
    "shop": "Woolworths",
    "weight": "1L",
    "prices": [
      {
        "state": "NSW",
        "price": "500",
        "price_per_unit": "1667",
        "price_unit": "L"
      },
      {
        "state": "VIC",
        "price": "500",
        "price_per_unit": "1667",
        "price_unit": "L"
      },
      {
        "state": "WA",
        "price": "500",
        "price_per_unit": "1667",
        "price_unit": "L"
      },
      {
        "state": "ACT",
        "price": "500",
        "price_per_unit": "1667",
        "price_unit": "L"
      }
    ]
  },
  {
    "source_url": "https://www.woolworths.com.au/shop/productdetails/159596/mrs-toddy-s-tonic-kauai-glow-hibiscus-collagen-lemon",
    "name": "Mrs Toddy's Tonic Kauai Glow Hibiscus, Collagen & Lemon 250ml",
    "image_url": "https://cdn1.woolworths.media/content/wowproductimages/large/159596.jpg",
    "source_id": "Woolworths - 159596",
    "barcode": "10793591060801",
    "shop": "Woolworths",
    "weight": "1L",
    "prices": [
      {
        "state": "NSW",
        "price": "500",
        "price_per_unit": "2000",
        "price_unit": "L"
      },
      {
        "state": "VIC",
        "price": "500",
        "price_per_unit": "2000",
        "price_unit": "L"
      },
      {
        "state": "QLD",
        "price": "500",
        "price_per_unit": "2000",
        "price_unit": "L"
      },
      {
        "state": "WA",
        "price": "500",
        "price_per_unit": "2000",
        "price_unit": "L"
      }
    ]
  },
  {
    "source_url": "https://www.woolworths.com.au/shop/productdetails/159271/mrs-toddy-s-tonic-ubud-jamu-turmeric-ginger-lemon",
    "name": "Mrs Toddy's Tonic Ubud Jamu Turmeric, Ginger & Lemon 250ml",
    "image_url": "https://cdn1.woolworths.media/content/wowproductimages/large/159271.jpg",
    "source_id": "Woolworths - 159271",
    "barcode": "735850499802",
    "shop": "Woolworths",
    "weight": "1L",
    "prices": [
      {
        "state": "NSW",
        "price": "500",
        "price_per_unit": "2000",
        "price_unit": "L"
      },
      {
        "state": "VIC",
        "price": "500",
        "price_per_unit": "2000",
        "price_unit": "L"
      },
      {
        "state": "QLD",
        "price": "500",
        "price_per_unit": "2000",
        "price_unit": "L"
      },
      {
        "state": "WA",
        "price": "500",
        "price_per_unit": "2000",
        "price_unit": "L"
      }
    ]
  },
  {
    "source_url": "https://www.woolworths.com.au/shop/productdetails/63797/nexus-super-protein-sparkling-water-passion-mango",
    "name": "Nexus Super Protein Sparkling Water Passion Mango 355mL",
    "image_url": "https://cdn1.woolworths.media/content/wowproductimages/large/063797.jpg",
    "source_id": "Woolworths - 63797",
    "barcode": "9360845000025",
    "shop": "Woolworths",
    "weight": "1L",
    "prices": [
      {
        "state": "VIC",
        "price": "550",
        "price_per_unit": "1549",
        "price_unit": "L"
      },
      {
        "state": "QLD",
        "price": "550",
        "price_per_unit": "1549",
        "price_unit": "L"
      },
      {
        "state": "WA",
        "price": "550",
        "price_per_unit": "1549",
        "price_unit": "L"
      },
      {
        "state": "SA",
        "price": "550",
        "price_per_unit": "1549",
        "price_unit": "L"
      },
      {
        "state": "TAS",
        "price": "550",
        "price_per_unit": "1549",
        "price_unit": "L"
      },
      {
        "state": "ACT",
        "price": "550",
        "price_per_unit": "1549",
        "price_unit": "L"
      },
      {
        "state": "NT",
        "price": "550",
        "price_per_unit": "1549",
        "price_unit": "L"
      }
    ]
  },
  {
    "source_url": "https://www.woolworths.com.au/shop/productdetails/67063/nexus-super-protein-sparkling-water-sour-razz",
    "name": "Nexus Super Protein Sparkling Water Sour Razz 355mL",
    "image_url": "https://cdn1.woolworths.media/content/wowproductimages/large/067063.jpg",
    "source_id": "Woolworths - 67063",
    "barcode": "9360845000094",
    "shop": "Woolworths",
    "weight": "1L",
    "prices": [
      {
        "state": "VIC",
        "price": "550",
        "price_per_unit": "1549",
        "price_unit": "L"
      },
      {
        "state": "QLD",
        "price": "550",
        "price_per_unit": "1549",
        "price_unit": "L"
      },
      {
        "state": "WA",
        "price": "550",
        "price_per_unit": "1549",
        "price_unit": "L"
      },
      {
        "state": "SA",
        "price": "550",
        "price_per_unit": "1549",
        "price_unit": "L"
      },
      {
        "state": "TAS",
        "price": "550",
        "price_per_unit": "1549",
        "price_unit": "L"
      },
      {
        "state": "ACT",
        "price": "550",
        "price_per_unit": "1549",
        "price_unit": "L"
      },
      {
        "state": "NT",
        "price": "550",
        "price_per_unit": "1549",
        "price_unit": "L"
      }
    ]
  },
  {
    "source_url": "https://www.woolworths.com.au/shop/productdetails/59792/nexus-super-protein-sparkling-water-tropical-crush",
    "name": "Nexus Super Protein Sparkling Water Tropical Crush 355mL",
    "image_url": "https://cdn1.woolworths.media/content/wowproductimages/large/059792.jpg",
    "source_id": "Woolworths - 59792",
    "barcode": "9360845000018",
    "shop": "Woolworths",
    "weight": "1L",
    "prices": [
      {
        "state": "NSW",
        "price": "550",
        "price_per_unit": "1549",
        "price_unit": "L"
      },
      {
        "state": "VIC",
        "price": "550",
        "price_per_unit": "1549",
        "price_unit": "L"
      },
      {
        "state": "QLD",
        "price": "550",
        "price_per_unit": "1549",
        "price_unit": "L"
      },
      {
        "state": "WA",
        "price": "550",
        "price_per_unit": "1549",
        "price_unit": "L"
      },
      {
        "state": "SA",
        "price": "550",
        "price_per_unit": "1549",
        "price_unit": "L"
      },
      {
        "state": "TAS",
        "price": "550",
        "price_per_unit": "1549",
        "price_unit": "L"
      },
      {
        "state": "ACT",
        "price": "550",
        "price_per_unit": "1549",
        "price_unit": "L"
      },
      {
        "state": "NT",
        "price": "550",
        "price_per_unit": "1549",
        "price_unit": "L"
      }
    ]
  },
  {
    "source_url": "https://www.woolworths.com.au/shop/productdetails/933989/nu-pure-lightly-sparkling-water-lemon-lime-natural-flavour",
    "name": "Nu Pure Lightly Sparkling Water Lemon Lime Natural Flavour 500mL x 12 pack",
    "image_url": "https://cdn1.woolworths.media/content/wowproductimages/large/933989.jpg",
    "source_id": "Woolworths - 933989",
    "barcode": "9335388003833",
    "shop": "Woolworths",
    "weight": "1L",
    "prices": [
      {
        "state": "NSW",
        "price": "1050",
        "price_per_unit": "175",
        "price_unit": "L"
      },
      {
        "state": "VIC",
        "price": "1050",
        "price_per_unit": "175",
        "price_unit": "L"
      },
      {
        "state": "QLD",
        "price": "1050",
        "price_per_unit": "175",
        "price_unit": "L"
      },
      {
        "state": "WA",
        "price": "1050",
        "price_per_unit": "175",
        "price_unit": "L"
      },
      {
        "state": "SA",
        "price": "1050",
        "price_per_unit": "175",
        "price_unit": "L"
      },
      {
        "state": "TAS",
        "price": "1050",
        "price_per_unit": "175",
        "price_unit": "L"
      },
      {
        "state": "ACT",
        "price": "1050",
        "price_per_unit": "175",
        "price_unit": "L"
      },
      {
        "state": "NT",
        "price": "1050",
        "price_per_unit": "175",
        "price_unit": "L"
      }
    ]
  },
  {
    "source_url": "https://www.woolworths.com.au/shop/productdetails/972378/nudie-juice-shot-antioxidant",
    "name": "Nudie Juice Shot Antioxidant 60ml",
    "image_url": "https://cdn1.woolworths.media/content/wowproductimages/large/972378.jpg",
    "source_id": "Woolworths - 972378",
    "barcode": "9332991003649",
    "shop": "Woolworths",
    "weight": "1L",
    "prices": [
      {
        "state": "NSW",
        "price": "360",
        "price_per_unit": "6000",
        "price_unit": "L"
      },
      {
        "state": "VIC",
        "price": "360",
        "price_per_unit": "6000",
        "price_unit": "L"
      },
      {
        "state": "QLD",
        "price": "360",
        "price_per_unit": "6000",
        "price_unit": "L"
      },
      {
        "state": "WA",
        "price": "360",
        "price_per_unit": "6000",
        "price_unit": "L"
      },
      {
        "state": "SA",
        "price": "360",
        "price_per_unit": "6000",
        "price_unit": "L"
      },
      {
        "state": "TAS",
        "price": "360",
        "price_per_unit": "6000",
        "price_unit": "L"
      },
      {
        "state": "ACT",
        "price": "360",
        "price_per_unit": "6000",
        "price_unit": "L"
      },
      {
        "state": "NT",
        "price": "360",
        "price_per_unit": "6000",
        "price_unit": "L"
      }
    ]
  },
  {
    "source_url": "https://www.woolworths.com.au/shop/productdetails/972159/nudie-juice-shot-digestive",
    "name": "Nudie Juice Shot Digestive 60ml",
    "image_url": "https://cdn1.woolworths.media/content/wowproductimages/large/972159.jpg",
    "source_id": "Woolworths - 972159",
    "barcode": "9332991003656",
    "shop": "Woolworths",
    "weight": "1L",
    "prices": [
      {
        "state": "NSW",
        "price": "360",
        "price_per_unit": "6000",
        "price_unit": "L"
      },
      {
        "state": "VIC",
        "price": "360",
        "price_per_unit": "6000",
        "price_unit": "L"
      },
      {
        "state": "QLD",
        "price": "360",
        "price_per_unit": "6000",
        "price_unit": "L"
      },
      {
        "state": "WA",
        "price": "360",
        "price_per_unit": "6000",
        "price_unit": "L"
      },
      {
        "state": "SA",
        "price": "360",
        "price_per_unit": "6000",
        "price_unit": "L"
      },
      {
        "state": "TAS",
        "price": "360",
        "price_per_unit": "6000",
        "price_unit": "L"
      },
      {
        "state": "ACT",
        "price": "360",
        "price_per_unit": "6000",
        "price_unit": "L"
      },
      {
        "state": "NT",
        "price": "360",
        "price_per_unit": "6000",
        "price_unit": "L"
      }
    ]
  },
  {
    "source_url": "https://www.woolworths.com.au/shop/productdetails/972445/nudie-juice-shot-immunity",
    "name": "Nudie Juice Shot Immunity 60ml",
    "image_url": "https://cdn1.woolworths.media/content/wowproductimages/large/972445.jpg",
    "source_id": "Woolworths - 972445",
    "barcode": "9332991003632",
    "shop": "Woolworths",
    "weight": "1L",
    "prices": [
      {
        "state": "NSW",
        "price": "360",
        "price_per_unit": "6000",
        "price_unit": "L"
      },
      {
        "state": "VIC",
        "price": "360",
        "price_per_unit": "6000",
        "price_unit": "L"
      },
      {
        "state": "QLD",
        "price": "360",
        "price_per_unit": "6000",
        "price_unit": "L"
      },
      {
        "state": "WA",
        "price": "360",
        "price_per_unit": "6000",
        "price_unit": "L"
      },
      {
        "state": "SA",
        "price": "360",
        "price_per_unit": "6000",
        "price_unit": "L"
      },
      {
        "state": "TAS",
        "price": "360",
        "price_per_unit": "6000",
        "price_unit": "L"
      },
      {
        "state": "ACT",
        "price": "360",
        "price_per_unit": "6000",
        "price_unit": "L"
      },
      {
        "state": "NT",
        "price": "360",
        "price_per_unit": "6000",
        "price_unit": "L"
      }
    ]
  },
  {
    "source_url": "https://www.woolworths.com.au/shop/productdetails/1074294331/nutrient-water-575ml-blackberry-goji-focus-12pk",
    "name": "Nutrient Water 575Ml Blackberry Goji (Focus) 12Pk",
    "image_url": "https://cdn1.woolworths.media/content/wowproductimages/large/1074294331.jpg",
    "source_id": "Woolworths - 1074294331",
    "barcode": "",
    "shop": "Woolworths",
    "weight": "1L",
    "prices": [
      {
        "state": "NSW",
        "price": "4650",
        "price_per_unit": "674",
        "price_unit": "L"
      },
      {
        "state": "VIC",
        "price": "4650",
        "price_per_unit": "674",
        "price_unit": "L"
      },
      {
        "state": "QLD",
        "price": "4650",
        "price_per_unit": "674",
        "price_unit": "L"
      },
      {
        "state": "WA",
        "price": "4650",
        "price_per_unit": "674",
        "price_unit": "L"
      },
      {
        "state": "SA",
        "price": "4650",
        "price_per_unit": "674",
        "price_unit": "L"
      },
      {
        "state": "TAS",
        "price": "4650",
        "price_per_unit": "674",
        "price_unit": "L"
      },
      {
        "state": "ACT",
        "price": "4650",
        "price_per_unit": "674",
        "price_unit": "L"
      },
      {
        "state": "NT",
        "price": "4650",
        "price_per_unit": "674",
        "price_unit": "L"
      }
    ]
  },
  {
    "source_url": "https://www.woolworths.com.au/shop/productdetails/1074294291/nutrient-water-575ml-dragonfruit-endurance-12pk",
    "name": "Nutrient Water 575Ml Dragonfruit (Endurance) 12Pk",
    "image_url": "https://cdn1.woolworths.media/content/wowproductimages/large/1074294291.jpg",
    "source_id": "Woolworths - 1074294291",
    "barcode": "",
    "shop": "Woolworths",
    "weight": "1L",
    "prices": [
      {
        "state": "NSW",
        "price": "4650",
        "price_per_unit": "674",
        "price_unit": "L"
      },
      {
        "state": "VIC",
        "price": "4650",
        "price_per_unit": "674",
        "price_unit": "L"
      },
      {
        "state": "QLD",
        "price": "4650",
        "price_per_unit": "674",
        "price_unit": "L"
      },
      {
        "state": "WA",
        "price": "4650",
        "price_per_unit": "674",
        "price_unit": "L"
      },
      {
        "state": "SA",
        "price": "4650",
        "price_per_unit": "674",
        "price_unit": "L"
      },
      {
        "state": "TAS",
        "price": "4650",
        "price_per_unit": "674",
        "price_unit": "L"
      },
      {
        "state": "ACT",
        "price": "4650",
        "price_per_unit": "674",
        "price_unit": "L"
      },
      {
        "state": "NT",
        "price": "4650",
        "price_per_unit": "674",
        "price_unit": "L"
      }
    ]
  },
  {
    "source_url": "https://www.woolworths.com.au/shop/productdetails/1075360670/nutrient-water-575ml-passion-lime-energy-pk12",
    "name": "Nutrient Water 575Ml Passion/Lime (Energy) Pk12",
    "image_url": "https://cdn1.woolworths.media/content/wowproductimages/large/1075360670.jpg",
    "source_id": "Woolworths - 1075360670",
    "barcode": "",
    "shop": "Woolworths",
    "weight": "1L",
    "prices": [
      {
        "state": "NSW",
        "price": "4650",
        "price_per_unit": "674",
        "price_unit": "L"
      },
      {
        "state": "VIC",
        "price": "4650",
        "price_per_unit": "674",
        "price_unit": "L"
      },
      {
        "state": "QLD",
        "price": "4650",
        "price_per_unit": "674",
        "price_unit": "L"
      },
      {
        "state": "WA",
        "price": "4650",
        "price_per_unit": "674",
        "price_unit": "L"
      },
      {
        "state": "SA",
        "price": "4650",
        "price_per_unit": "674",
        "price_unit": "L"
      },
      {
        "state": "TAS",
        "price": "4650",
        "price_per_unit": "674",
        "price_unit": "L"
      },
      {
        "state": "ACT",
        "price": "4650",
        "price_per_unit": "674",
        "price_unit": "L"
      },
      {
        "state": "NT",
        "price": "4650",
        "price_per_unit": "674",
        "price_unit": "L"
      }
    ]
  },
  {
    "source_url": "https://www.woolworths.com.au/shop/productdetails/1074294354/nutrient-water-575ml-pineapple-watermelon-multi-v-12pk",
    "name": "Nutrient Water 575Ml Pineapple Watermelon (Multi-V) 12Pk",
    "image_url": "https://cdn1.woolworths.media/content/wowproductimages/large/1074294354.jpg",
    "source_id": "Woolworths - 1074294354",
    "barcode": "",
    "shop": "Woolworths",
    "weight": "1L",
    "prices": [
      {
        "state": "NSW",
        "price": "4650",
        "price_per_unit": "674",
        "price_unit": "L"
      },
      {
        "state": "VIC",
        "price": "4650",
        "price_per_unit": "674",
        "price_unit": "L"
      },
      {
        "state": "QLD",
        "price": "4650",
        "price_per_unit": "674",
        "price_unit": "L"
      },
      {
        "state": "WA",
        "price": "4650",
        "price_per_unit": "674",
        "price_unit": "L"
      },
      {
        "state": "SA",
        "price": "4650",
        "price_per_unit": "674",
        "price_unit": "L"
      },
      {
        "state": "TAS",
        "price": "4650",
        "price_per_unit": "674",
        "price_unit": "L"
      },
      {
        "state": "ACT",
        "price": "4650",
        "price_per_unit": "674",
        "price_unit": "L"
      },
      {
        "state": "NT",
        "price": "4650",
        "price_per_unit": "674",
        "price_unit": "L"
      }
    ]
  },
  {
    "source_url": "https://www.woolworths.com.au/shop/productdetails/1075215254/nutrient-water-575ml-strawberry-guava-a-game-low-sugar-12pk",
    "name": "Nutrient Water 575Ml Strawberry Guava (A-Game) Low Sugar 12Pk",
    "image_url": "https://cdn1.woolworths.media/content/wowproductimages/large/1075215254.jpg",
    "source_id": "Woolworths - 1075215254",
    "barcode": "",
    "shop": "Woolworths",
    "weight": "1L",
    "prices": [
      {
        "state": "NSW",
        "price": "4650",
        "price_per_unit": "674",
        "price_unit": "L"
      },
      {
        "state": "VIC",
        "price": "4650",
        "price_per_unit": "674",
        "price_unit": "L"
      },
      {
        "state": "QLD",
        "price": "4650",
        "price_per_unit": "674",
        "price_unit": "L"
      },
      {
        "state": "WA",
        "price": "4650",
        "price_per_unit": "674",
        "price_unit": "L"
      },
      {
        "state": "SA",
        "price": "4650",
        "price_per_unit": "674",
        "price_unit": "L"
      },
      {
        "state": "TAS",
        "price": "4650",
        "price_per_unit": "674",
        "price_unit": "L"
      },
      {
        "state": "ACT",
        "price": "4650",
        "price_per_unit": "674",
        "price_unit": "L"
      },
      {
        "state": "NT",
        "price": "4650",
        "price_per_unit": "674",
        "price_unit": "L"
      }
    ]
  },
  {
    "source_url": "https://www.woolworths.com.au/shop/productdetails/267948/perkii-immunity-super-berry-probiotic-shot",
    "name": "Perkii Immunity Super Berry Probiotic Shot 60ml",
    "image_url": "https://cdn1.woolworths.media/content/wowproductimages/large/267948.jpg",
    "source_id": "Woolworths - 267948",
    "barcode": "9351422000750",
    "shop": "Woolworths",
    "weight": "1L",
    "prices": [
      {
        "state": "NSW",
        "price": "400",
        "price_per_unit": "6667",
        "price_unit": "L"
      },
      {
        "state": "VIC",
        "price": "400",
        "price_per_unit": "6667",
        "price_unit": "L"
      },
      {
        "state": "QLD",
        "price": "400",
        "price_per_unit": "6667",
        "price_unit": "L"
      },
      {
        "state": "WA",
        "price": "400",
        "price_per_unit": "6667",
        "price_unit": "L"
      },
      {
        "state": "SA",
        "price": "400",
        "price_per_unit": "6667",
        "price_unit": "L"
      },
      {
        "state": "TAS",
        "price": "400",
        "price_per_unit": "6667",
        "price_unit": "L"
      },
      {
        "state": "ACT",
        "price": "400",
        "price_per_unit": "6667",
        "price_unit": "L"
      },
      {
        "state": "NT",
        "price": "400",
        "price_per_unit": "6667",
        "price_unit": "L"
      }
    ]
  },
  {
    "source_url": "https://www.woolworths.com.au/shop/productdetails/685777/perkii-mango-passionfruit-probiotic-drink",
    "name": "Perkii Mango Passionfruit Probiotic Drink 350ml",
    "image_url": "https://cdn1.woolworths.media/content/wowproductimages/large/685777.jpg",
    "source_id": "Woolworths - 685777",
    "barcode": "9351422000002",
    "shop": "Woolworths",
    "weight": "1L",
    "prices": [
      {
        "state": "NSW",
        "price": "440",
        "price_per_unit": "1257",
        "price_unit": "L"
      },
      {
        "state": "VIC",
        "price": "440",
        "price_per_unit": "1257",
        "price_unit": "L"
      },
      {
        "state": "QLD",
        "price": "440",
        "price_per_unit": "1257",
        "price_unit": "L"
      },
      {
        "state": "WA",
        "price": "440",
        "price_per_unit": "1257",
        "price_unit": "L"
      },
      {
        "state": "SA",
        "price": "440",
        "price_per_unit": "1257",
        "price_unit": "L"
      },
      {
        "state": "TAS",
        "price": "440",
        "price_per_unit": "1257",
        "price_unit": "L"
      },
      {
        "state": "ACT",
        "price": "440",
        "price_per_unit": "1257",
        "price_unit": "L"
      },
      {
        "state": "NT",
        "price": "440",
        "price_per_unit": "1257",
        "price_unit": "L"
      }
    ]
  },
  {
    "source_url": "https://www.woolworths.com.au/shop/productdetails/685790/perkii-strawberry-watermelon-probiotic-drink",
    "name": "Perkii Strawberry Watermelon Probiotic Drink 350ml",
    "image_url": "https://cdn1.woolworths.media/content/wowproductimages/large/685790.jpg",
    "source_id": "Woolworths - 685790",
    "barcode": "9351422000019",
    "shop": "Woolworths",
    "weight": "1L",
    "prices": [
      {
        "state": "NSW",
        "price": "440",
        "price_per_unit": "1257",
        "price_unit": "L"
      },
      {
        "state": "VIC",
        "price": "440",
        "price_per_unit": "1257",
        "price_unit": "L"
      },
      {
        "state": "QLD",
        "price": "440",
        "price_per_unit": "1257",
        "price_unit": "L"
      },
      {
        "state": "WA",
        "price": "440",
        "price_per_unit": "1257",
        "price_unit": "L"
      },
      {
        "state": "SA",
        "price": "440",
        "price_per_unit": "1257",
        "price_unit": "L"
      },
      {
        "state": "TAS",
        "price": "440",
        "price_per_unit": "1257",
        "price_unit": "L"
      },
      {
        "state": "ACT",
        "price": "440",
        "price_per_unit": "1257",
        "price_unit": "L"
      },
      {
        "state": "NT",
        "price": "440",
        "price_per_unit": "1257",
        "price_unit": "L"
      }
    ]
  },
  {
    "source_url": "https://www.woolworths.com.au/shop/productdetails/51557/powerade-active-water-apple-peach-sports-drink-sipper-cap",
    "name": "Powerade Active Water Apple & Peach Sports Drink Sipper Cap 600ml",
    "image_url": "https://cdn1.woolworths.media/content/wowproductimages/large/051557.jpg",
    "source_id": "Woolworths - 51557",
    "barcode": "9300675087902",
    "shop": "Woolworths",
    "weight": "1L",
    "prices": [
      {
        "state": "NSW",
        "price": "250",
        "price_per_unit": "417",
        "price_unit": "L"
      },
      {
        "state": "VIC",
        "price": "250",
        "price_per_unit": "417",
        "price_unit": "L"
      },
      {
        "state": "QLD",
        "price": "250",
        "price_per_unit": "417",
        "price_unit": "L"
      },
      {
        "state": "WA",
        "price": "250",
        "price_per_unit": "417",
        "price_unit": "L"
      },
      {
        "state": "SA",
        "price": "250",
        "price_per_unit": "417",
        "price_unit": "L"
      },
      {
        "state": "TAS",
        "price": "250",
        "price_per_unit": "417",
        "price_unit": "L"
      },
      {
        "state": "ACT",
        "price": "250",
        "price_per_unit": "417",
        "price_unit": "L"
      },
      {
        "state": "NT",
        "price": "265",
        "price_per_unit": "442",
        "price_unit": "L"
      }
    ]
  },
  {
    "source_url": "https://www.woolworths.com.au/shop/productdetails/51569/powerade-active-water-mango-sports-drink-sipper-cap",
    "name": "Powerade Active Water Mango Sports Drink Sipper Cap 600ml",
    "image_url": "https://cdn1.woolworths.media/content/wowproductimages/large/051569.jpg",
    "source_id": "Woolworths - 51569",
    "barcode": "9300675087889",
    "shop": "Woolworths",
    "weight": "1L",
    "prices": [
      {
        "state": "NSW",
        "price": "250",
        "price_per_unit": "417",
        "price_unit": "L"
      },
      {
        "state": "VIC",
        "price": "250",
        "price_per_unit": "417",
        "price_unit": "L"
      },
      {
        "state": "QLD",
        "price": "250",
        "price_per_unit": "417",
        "price_unit": "L"
      },
      {
        "state": "WA",
        "price": "250",
        "price_per_unit": "417",
        "price_unit": "L"
      },
      {
        "state": "SA",
        "price": "250",
        "price_per_unit": "417",
        "price_unit": "L"
      },
      {
        "state": "TAS",
        "price": "250",
        "price_per_unit": "417",
        "price_unit": "L"
      },
      {
        "state": "ACT",
        "price": "250",
        "price_per_unit": "417",
        "price_unit": "L"
      },
      {
        "state": "NT",
        "price": "265",
        "price_per_unit": "442",
        "price_unit": "L"
      }
    ]
  },
  {
    "source_url": "https://www.woolworths.com.au/shop/productdetails/315123/pump-berry-storm-water-bottle-berry-bottle",
    "name": "Pump Berry Storm Water Bottle Berry Bottle 750ml",
    "image_url": "https://cdn1.woolworths.media/content/wowproductimages/large/315123.jpg",
    "source_id": "Woolworths - 315123",
    "barcode": "9300675046213",
    "shop": "Woolworths",
    "weight": "1L",
    "prices": [
      {
        "state": "NSW",
        "price": "400",
        "price_per_unit": "533",
        "price_unit": "L"
      },
      {
        "state": "VIC",
        "price": "400",
        "price_per_unit": "533",
        "price_unit": "L"
      },
      {
        "state": "QLD",
        "price": "400",
        "price_per_unit": "533",
        "price_unit": "L"
      },
      {
        "state": "WA",
        "price": "400",
        "price_per_unit": "533",
        "price_unit": "L"
      },
      {
        "state": "TAS",
        "price": "400",
        "price_per_unit": "533",
        "price_unit": "L"
      },
      {
        "state": "ACT",
        "price": "400",
        "price_per_unit": "533",
        "price_unit": "L"
      }
    ]
  },
  {
    "source_url": "https://www.woolworths.com.au/shop/productdetails/325530/pump-lime-rush-water-bottle-lime-rush-bottle",
    "name": "Pump Lime Rush Water Bottle Lime Rush Bottle 750ml",
    "image_url": "https://cdn1.woolworths.media/content/wowproductimages/large/325530.jpg",
    "source_id": "Woolworths - 325530",
    "barcode": "9300675046190",
    "shop": "Woolworths",
    "weight": "1L",
    "prices": [
      {
        "state": "NSW",
        "price": "400",
        "price_per_unit": "533",
        "price_unit": "L"
      },
      {
        "state": "VIC",
        "price": "400",
        "price_per_unit": "533",
        "price_unit": "L"
      },
      {
        "state": "QLD",
        "price": "400",
        "price_per_unit": "533",
        "price_unit": "L"
      },
      {
        "state": "WA",
        "price": "400",
        "price_per_unit": "533",
        "price_unit": "L"
      },
      {
        "state": "SA",
        "price": "400",
        "price_per_unit": "533",
        "price_unit": "L"
      },
      {
        "state": "TAS",
        "price": "400",
        "price_per_unit": "533",
        "price_unit": "L"
      },
      {
        "state": "ACT",
        "price": "400",
        "price_per_unit": "533",
        "price_unit": "L"
      },
      {
        "state": "NT",
        "price": "420",
        "price_per_unit": "560",
        "price_unit": "L"
      }
    ]
  },
  {
    "source_url": "https://www.woolworths.com.au/shop/productdetails/630643/raw-c-coconut-water",
    "name": "Raw C Coconut Water 2l",
    "image_url": "https://cdn1.woolworths.media/content/wowproductimages/large/630643.jpg",
    "source_id": "Woolworths - 630643",
    "barcode": "9349622000281",
    "shop": "Woolworths",
    "weight": "1L",
    "prices": [
      {
        "state": "NSW",
        "price": "660",
        "price_per_unit": "330",
        "price_unit": "L"
      },
      {
        "state": "VIC",
        "price": "660",
        "price_per_unit": "330",
        "price_unit": "L"
      },
      {
        "state": "QLD",
        "price": "660",
        "price_per_unit": "330",
        "price_unit": "L"
      },
      {
        "state": "WA",
        "price": "660",
        "price_per_unit": "330",
        "price_unit": "L"
      },
      {
        "state": "SA",
        "price": "660",
        "price_per_unit": "330",
        "price_unit": "L"
      },
      {
        "state": "TAS",
        "price": "660",
        "price_per_unit": "330",
        "price_unit": "L"
      },
      {
        "state": "ACT",
        "price": "660",
        "price_per_unit": "330",
        "price_unit": "L"
      },
      {
        "state": "NT",
        "price": "660",
        "price_per_unit": "330",
        "price_unit": "L"
      }
    ]
  },
  {
    "source_url": "https://www.woolworths.com.au/shop/productdetails/785627/raw-c-coconut-water-pure-natural",
    "name": "Raw C Coconut Water Pure Natural 1l",
    "image_url": "https://cdn1.woolworths.media/content/wowproductimages/large/785627.jpg",
    "source_id": "Woolworths - 785627",
    "barcode": "9369999603052",
    "shop": "Woolworths",
    "weight": "1L",
    "prices": [
      {
        "state": "NSW",
        "price": "330",
        "price_per_unit": "330",
        "price_unit": "L"
      },
      {
        "state": "VIC",
        "price": "330",
        "price_per_unit": "330",
        "price_unit": "L"
      },
      {
        "state": "QLD",
        "price": "330",
        "price_per_unit": "330",
        "price_unit": "L"
      },
      {
        "state": "WA",
        "price": "330",
        "price_per_unit": "330",
        "price_unit": "L"
      },
      {
        "state": "SA",
        "price": "330",
        "price_per_unit": "330",
        "price_unit": "L"
      },
      {
        "state": "TAS",
        "price": "330",
        "price_per_unit": "330",
        "price_unit": "L"
      },
      {
        "state": "ACT",
        "price": "330",
        "price_per_unit": "330",
        "price_unit": "L"
      },
      {
        "state": "NT",
        "price": "330",
        "price_per_unit": "330",
        "price_unit": "L"
      }
    ]
  },
  {
    "source_url": "https://www.woolworths.com.au/shop/productdetails/932160/raw-c-pure-coconut-water",
    "name": "Raw C Pure Coconut Water 250mL x 4 pack",
    "image_url": "https://cdn1.woolworths.media/content/wowproductimages/large/932160.jpg",
    "source_id": "Woolworths - 932160",
    "barcode": "9349622001141",
    "shop": "Woolworths",
    "weight": "1L",
    "prices": [
      {
        "state": "NSW",
        "price": "750",
        "price_per_unit": "750",
        "price_unit": "L"
      },
      {
        "state": "VIC",
        "price": "750",
        "price_per_unit": "750",
        "price_unit": "L"
      },
      {
        "state": "QLD",
        "price": "750",
        "price_per_unit": "750",
        "price_unit": "L"
      },
      {
        "state": "SA",
        "price": "750",
        "price_per_unit": "750",
        "price_unit": "L"
      },
      {
        "state": "TAS",
        "price": "750",
        "price_per_unit": "750",
        "price_unit": "L"
      },
      {
        "state": "ACT",
        "price": "750",
        "price_per_unit": "750",
        "price_unit": "L"
      },
      {
        "state": "NT",
        "price": "750",
        "price_per_unit": "750",
        "price_unit": "L"
      }
    ]
  },
  {
    "source_url": "https://www.woolworths.com.au/shop/productdetails/174641/remedy-digestion-with-prebiotics-ginger-shot",
    "name": "Remedy Digestion With Prebiotics Ginger Shot 60ml",
    "image_url": "https://cdn1.woolworths.media/content/wowproductimages/large/174641.jpg",
    "source_id": "Woolworths - 174641",
    "barcode": "9350271002427",
    "shop": "Woolworths",
    "weight": "1L",
    "prices": [
      {
        "state": "NSW",
        "price": "200",
        "price_per_unit": "3333",
        "price_unit": "L"
      },
      {
        "state": "VIC",
        "price": "200",
        "price_per_unit": "3333",
        "price_unit": "L"
      },
      {
        "state": "QLD",
        "price": "200",
        "price_per_unit": "3333",
        "price_unit": "L"
      },
      {
        "state": "WA",
        "price": "200",
        "price_per_unit": "3333",
        "price_unit": "L"
      },
      {
        "state": "SA",
        "price": "200",
        "price_per_unit": "3333",
        "price_unit": "L"
      },
      {
        "state": "TAS",
        "price": "200",
        "price_per_unit": "3333",
        "price_unit": "L"
      },
      {
        "state": "ACT",
        "price": "200",
        "price_per_unit": "3333",
        "price_unit": "L"
      },
      {
        "state": "NT",
        "price": "200",
        "price_per_unit": "3333",
        "price_unit": "L"
      }
    ]
  },
  {
    "source_url": "https://www.woolworths.com.au/shop/productdetails/174912/remedy-energy-with-caffeine-berry-shot",
    "name": "Remedy Energy With Caffeine Berry Shot 60ml",
    "image_url": "https://cdn1.woolworths.media/content/wowproductimages/large/174912.jpg",
    "source_id": "Woolworths - 174912",
    "barcode": "9350271002434",
    "shop": "Woolworths",
    "weight": "1L",
    "prices": [
      {
        "state": "NSW",
        "price": "200",
        "price_per_unit": "3333",
        "price_unit": "L"
      },
      {
        "state": "VIC",
        "price": "200",
        "price_per_unit": "3333",
        "price_unit": "L"
      },
      {
        "state": "QLD",
        "price": "200",
        "price_per_unit": "3333",
        "price_unit": "L"
      },
      {
        "state": "WA",
        "price": "200",
        "price_per_unit": "3333",
        "price_unit": "L"
      },
      {
        "state": "SA",
        "price": "200",
        "price_per_unit": "3333",
        "price_unit": "L"
      },
      {
        "state": "TAS",
        "price": "200",
        "price_per_unit": "3333",
        "price_unit": "L"
      },
      {
        "state": "ACT",
        "price": "200",
        "price_per_unit": "3333",
        "price_unit": "L"
      },
      {
        "state": "NT",
        "price": "200",
        "price_per_unit": "3333",
        "price_unit": "L"
      }
    ]
  },
  {
    "source_url": "https://www.woolworths.com.au/shop/productdetails/178116/remedy-immune-plus-vitamins-lemon-lime-shot",
    "name": "Remedy Immune Plus Vitamins Lemon & Lime Shot 60ml",
    "image_url": "https://cdn1.woolworths.media/content/wowproductimages/large/178116.jpg",
    "source_id": "Woolworths - 178116",
    "barcode": "9350271002410",
    "shop": "Woolworths",
    "weight": "1L",
    "prices": [
      {
        "state": "NSW",
        "price": "200",
        "price_per_unit": "3333",
        "price_unit": "L"
      },
      {
        "state": "VIC",
        "price": "200",
        "price_per_unit": "3333",
        "price_unit": "L"
      },
      {
        "state": "QLD",
        "price": "200",
        "price_per_unit": "3333",
        "price_unit": "L"
      },
      {
        "state": "WA",
        "price": "200",
        "price_per_unit": "3333",
        "price_unit": "L"
      },
      {
        "state": "SA",
        "price": "200",
        "price_per_unit": "3333",
        "price_unit": "L"
      },
      {
        "state": "TAS",
        "price": "200",
        "price_per_unit": "3333",
        "price_unit": "L"
      },
      {
        "state": "ACT",
        "price": "200",
        "price_per_unit": "3333",
        "price_unit": "L"
      },
      {
        "state": "NT",
        "price": "200",
        "price_per_unit": "3333",
        "price_unit": "L"
      }
    ]
  },
  {
    "source_url": "https://www.woolworths.com.au/shop/productdetails/972251/remedy-kombuch-pineapple-lime",
    "name": "Remedy Kombuch Pineapple Lime 330mL x 4 pack",
    "image_url": "https://cdn1.woolworths.media/content/wowproductimages/large/972251.jpg",
    "source_id": "Woolworths - 972251",
    "barcode": "9350271004919",
    "shop": "Woolworths",
    "weight": "1L",
    "prices": [
      {
        "state": "NSW",
        "price": "1000",
        "price_per_unit": "758",
        "price_unit": "L"
      },
      {
        "state": "VIC",
        "price": "1000",
        "price_per_unit": "758",
        "price_unit": "L"
      },
      {
        "state": "WA",
        "price": "1000",
        "price_per_unit": "758",
        "price_unit": "L"
      },
      {
        "state": "SA",
        "price": "1000",
        "price_per_unit": "758",
        "price_unit": "L"
      },
      {
        "state": "TAS",
        "price": "1000",
        "price_per_unit": "758",
        "price_unit": "L"
      },
      {
        "state": "ACT",
        "price": "1000",
        "price_per_unit": "758",
        "price_unit": "L"
      },
      {
        "state": "NT",
        "price": "1000",
        "price_per_unit": "758",
        "price_unit": "L"
      }
    ]
  },
  {
    "source_url": "https://www.woolworths.com.au/shop/productdetails/571601/remedy-kombucha-ginger-lemon",
    "name": "Remedy Kombucha Ginger Lemon 330ml",
    "image_url": "https://cdn1.woolworths.media/content/wowproductimages/large/571601.jpg",
    "source_id": "Woolworths - 571601",
    "barcode": "9350271000027",
    "shop": "Woolworths",
    "weight": "1L",
    "prices": [
      {
        "state": "NSW",
        "price": "250",
        "price_per_unit": "758",
        "price_unit": "L"
      },
      {
        "state": "VIC",
        "price": "250",
        "price_per_unit": "758",
        "price_unit": "L"
      },
      {
        "state": "QLD",
        "price": "250",
        "price_per_unit": "758",
        "price_unit": "L"
      },
      {
        "state": "WA",
        "price": "250",
        "price_per_unit": "758",
        "price_unit": "L"
      },
      {
        "state": "SA",
        "price": "250",
        "price_per_unit": "758",
        "price_unit": "L"
      },
      {
        "state": "TAS",
        "price": "250",
        "price_per_unit": "758",
        "price_unit": "L"
      },
      {
        "state": "ACT",
        "price": "250",
        "price_per_unit": "758",
        "price_unit": "L"
      },
      {
        "state": "NT",
        "price": "250",
        "price_per_unit": "758",
        "price_unit": "L"
      }
    ]
  },
  {
    "source_url": "https://www.woolworths.com.au/shop/productdetails/102323/remedy-kombucha-mango-passion",
    "name": "Remedy Kombucha Mango Passion 330ml",
    "image_url": "https://cdn1.woolworths.media/content/wowproductimages/large/102323.jpg",
    "source_id": "Woolworths - 102323",
    "barcode": "9350271002007",
    "shop": "Woolworths",
    "weight": "1L",
    "prices": [
      {
        "state": "NSW",
        "price": "250",
        "price_per_unit": "758",
        "price_unit": "L"
      },
      {
        "state": "VIC",
        "price": "250",
        "price_per_unit": "758",
        "price_unit": "L"
      },
      {
        "state": "QLD",
        "price": "250",
        "price_per_unit": "758",
        "price_unit": "L"
      },
      {
        "state": "WA",
        "price": "250",
        "price_per_unit": "758",
        "price_unit": "L"
      },
      {
        "state": "SA",
        "price": "250",
        "price_per_unit": "758",
        "price_unit": "L"
      },
      {
        "state": "TAS",
        "price": "250",
        "price_per_unit": "758",
        "price_unit": "L"
      },
      {
        "state": "ACT",
        "price": "250",
        "price_per_unit": "758",
        "price_unit": "L"
      },
      {
        "state": "NT",
        "price": "250",
        "price_per_unit": "758",
        "price_unit": "L"
      }
    ]
  },
  {
    "source_url": "https://www.woolworths.com.au/shop/productdetails/190516/remedy-kombucha-orange-squeeze",
    "name": "Remedy Kombucha Orange Squeeze 330ml",
    "image_url": "https://cdn1.woolworths.media/content/wowproductimages/large/190516.jpg",
    "source_id": "Woolworths - 190516",
    "barcode": "9350271003332",
    "shop": "Woolworths",
    "weight": "1L",
    "prices": [
      {
        "state": "NSW",
        "price": "250",
        "price_per_unit": "758",
        "price_unit": "L"
      },
      {
        "state": "VIC",
        "price": "250",
        "price_per_unit": "758",
        "price_unit": "L"
      },
      {
        "state": "QLD",
        "price": "250",
        "price_per_unit": "758",
        "price_unit": "L"
      },
      {
        "state": "WA",
        "price": "250",
        "price_per_unit": "758",
        "price_unit": "L"
      },
      {
        "state": "SA",
        "price": "250",
        "price_per_unit": "758",
        "price_unit": "L"
      },
      {
        "state": "TAS",
        "price": "250",
        "price_per_unit": "758",
        "price_unit": "L"
      },
      {
        "state": "ACT",
        "price": "250",
        "price_per_unit": "758",
        "price_unit": "L"
      },
      {
        "state": "NT",
        "price": "250",
        "price_per_unit": "758",
        "price_unit": "L"
      }
    ]
  },
  {
    "source_url": "https://www.woolworths.com.au/shop/productdetails/972457/remedy-kombucha-passionfruit",
    "name": "Remedy Kombucha Passionfruit 330mL x 4 pack",
    "image_url": "https://cdn1.woolworths.media/content/wowproductimages/large/972457.jpg",
    "source_id": "Woolworths - 972457",
    "barcode": "9350271004926",
    "shop": "Woolworths",
    "weight": "1L",
    "prices": [
      {
        "state": "NSW",
        "price": "1000",
        "price_per_unit": "758",
        "price_unit": "L"
      },
      {
        "state": "VIC",
        "price": "1000",
        "price_per_unit": "758",
        "price_unit": "L"
      },
      {
        "state": "WA",
        "price": "1000",
        "price_per_unit": "758",
        "price_unit": "L"
      },
      {
        "state": "SA",
        "price": "1000",
        "price_per_unit": "758",
        "price_unit": "L"
      },
      {
        "state": "TAS",
        "price": "1000",
        "price_per_unit": "758",
        "price_unit": "L"
      },
      {
        "state": "ACT",
        "price": "1000",
        "price_per_unit": "758",
        "price_unit": "L"
      },
      {
        "state": "NT",
        "price": "1000",
        "price_per_unit": "758",
        "price_unit": "L"
      }
    ]
  },
  {
    "source_url": "https://www.woolworths.com.au/shop/productdetails/248449/remedy-kombucha-pink-grapefruit",
    "name": "Remedy Kombucha Pink Grapefruit 750ml",
    "image_url": "https://cdn1.woolworths.media/content/wowproductimages/large/248449.jpg",
    "source_id": "Woolworths - 248449",
    "barcode": "9350271003639",
    "shop": "Woolworths",
    "weight": "1L",
    "prices": [
      {
        "state": "NSW",
        "price": "750",
        "price_per_unit": "1000",
        "price_unit": "L"
      },
      {
        "state": "WA",
        "price": "750",
        "price_per_unit": "1000",
        "price_unit": "L"
      },
      {
        "state": "SA",
        "price": "750",
        "price_per_unit": "1000",
        "price_unit": "L"
      },
      {
        "state": "TAS",
        "price": "750",
        "price_per_unit": "1000",
        "price_unit": "L"
      },
      {
        "state": "ACT",
        "price": "750",
        "price_per_unit": "1000",
        "price_unit": "L"
      },
      {
        "state": "NT",
        "price": "750",
        "price_per_unit": "1000",
        "price_unit": "L"
      }
    ]
  },
  {
    "source_url": "https://www.woolworths.com.au/shop/productdetails/391861/remedy-kombucha-pomegranate-kombucha-pomegranate",
    "name": "Remedy Kombucha Pomegranate Kombucha Pomegranate 750ml",
    "image_url": "https://cdn1.woolworths.media/content/wowproductimages/large/391861.jpg",
    "source_id": "Woolworths - 391861",
    "barcode": "9350271001765",
    "shop": "Woolworths",
    "weight": "1L",
    "prices": [
      {
        "state": "NSW",
        "price": "750",
        "price_per_unit": "1000",
        "price_unit": "L"
      },
      {
        "state": "VIC",
        "price": "750",
        "price_per_unit": "1000",
        "price_unit": "L"
      },
      {
        "state": "QLD",
        "price": "750",
        "price_per_unit": "1000",
        "price_unit": "L"
      },
      {
        "state": "WA",
        "price": "750",
        "price_per_unit": "1000",
        "price_unit": "L"
      },
      {
        "state": "SA",
        "price": "750",
        "price_per_unit": "1000",
        "price_unit": "L"
      },
      {
        "state": "TAS",
        "price": "750",
        "price_per_unit": "1000",
        "price_unit": "L"
      },
      {
        "state": "ACT",
        "price": "750",
        "price_per_unit": "1000",
        "price_unit": "L"
      },
      {
        "state": "NT",
        "price": "750",
        "price_per_unit": "1000",
        "price_unit": "L"
      }
    ]
  },
  {
    "source_url": "https://www.woolworths.com.au/shop/productdetails/624289/remedy-kombucha-raspberry-lemonade",
    "name": "Remedy Kombucha Raspberry Lemonade 330ml",
    "image_url": "https://cdn1.woolworths.media/content/wowproductimages/large/624289.jpg",
    "source_id": "Woolworths - 624289",
    "barcode": "9350271000089",
    "shop": "Woolworths",
    "weight": "1L",
    "prices": [
      {
        "state": "NSW",
        "price": "250",
        "price_per_unit": "758",
        "price_unit": "L"
      },
      {
        "state": "VIC",
        "price": "250",
        "price_per_unit": "758",
        "price_unit": "L"
      },
      {
        "state": "QLD",
        "price": "250",
        "price_per_unit": "758",
        "price_unit": "L"
      },
      {
        "state": "WA",
        "price": "250",
        "price_per_unit": "758",
        "price_unit": "L"
      },
      {
        "state": "SA",
        "price": "250",
        "price_per_unit": "758",
        "price_unit": "L"
      },
      {
        "state": "TAS",
        "price": "250",
        "price_per_unit": "758",
        "price_unit": "L"
      },
      {
        "state": "ACT",
        "price": "250",
        "price_per_unit": "758",
        "price_unit": "L"
      },
      {
        "state": "NT",
        "price": "250",
        "price_per_unit": "758",
        "price_unit": "L"
      }
    ]
  },
  {
    "source_url": "https://www.woolworths.com.au/shop/productdetails/124742/remedy-kombucha-wild-berry",
    "name": "Remedy Kombucha Wild Berry 750ml",
    "image_url": "https://cdn1.woolworths.media/content/wowproductimages/large/124742.jpg",
    "source_id": "Woolworths - 124742",
    "barcode": "9350271002120",
    "shop": "Woolworths",
    "weight": "1L",
    "prices": [
      {
        "state": "NSW",
        "price": "750",
        "price_per_unit": "1000",
        "price_unit": "L"
      },
      {
        "state": "VIC",
        "price": "750",
        "price_per_unit": "1000",
        "price_unit": "L"
      },
      {
        "state": "QLD",
        "price": "750",
        "price_per_unit": "1000",
        "price_unit": "L"
      },
      {
        "state": "WA",
        "price": "750",
        "price_per_unit": "1000",
        "price_unit": "L"
      },
      {
        "state": "SA",
        "price": "750",
        "price_per_unit": "1000",
        "price_unit": "L"
      },
      {
        "state": "TAS",
        "price": "750",
        "price_per_unit": "1000",
        "price_unit": "L"
      },
      {
        "state": "ACT",
        "price": "750",
        "price_per_unit": "1000",
        "price_unit": "L"
      },
      {
        "state": "NT",
        "price": "750",
        "price_per_unit": "1000",
        "price_unit": "L"
      }
    ]
  },
  {
    "source_url": "https://www.woolworths.com.au/shop/productdetails/662367/remedy-organic-kombucha-ginger-lemon",
    "name": "Remedy Organic Kombucha Ginger Lemon 750ml",
    "image_url": "https://cdn1.woolworths.media/content/wowproductimages/large/662367.jpg",
    "source_id": "Woolworths - 662367",
    "barcode": "9350271000034",
    "shop": "Woolworths",
    "weight": "1L",
    "prices": [
      {
        "state": "NSW",
        "price": "750",
        "price_per_unit": "1000",
        "price_unit": "L"
      },
      {
        "state": "VIC",
        "price": "750",
        "price_per_unit": "1000",
        "price_unit": "L"
      },
      {
        "state": "QLD",
        "price": "750",
        "price_per_unit": "1000",
        "price_unit": "L"
      },
      {
        "state": "WA",
        "price": "750",
        "price_per_unit": "1000",
        "price_unit": "L"
      },
      {
        "state": "SA",
        "price": "750",
        "price_per_unit": "1000",
        "price_unit": "L"
      },
      {
        "state": "TAS",
        "price": "750",
        "price_per_unit": "1000",
        "price_unit": "L"
      },
      {
        "state": "ACT",
        "price": "750",
        "price_per_unit": "1000",
        "price_unit": "L"
      },
      {
        "state": "NT",
        "price": "750",
        "price_per_unit": "1000",
        "price_unit": "L"
      }
    ]
  },
  {
    "source_url": "https://www.woolworths.com.au/shop/productdetails/430951/remedy-organic-kombucha-ginger-pear",
    "name": "Remedy Organic Kombucha Ginger Pear 750ml",
    "image_url": "https://cdn1.woolworths.media/content/wowproductimages/large/430951.jpg",
    "source_id": "Woolworths - 430951",
    "barcode": "9350271002533",
    "shop": "Woolworths",
    "weight": "1L",
    "prices": []
  },
  {
    "source_url": "https://www.woolworths.com.au/shop/productdetails/91082/remedy-organic-kombucha-mango-passion",
    "name": "Remedy Organic Kombucha Mango Passion 750ml",
    "image_url": "https://cdn1.woolworths.media/content/wowproductimages/large/091082.jpg",
    "source_id": "Woolworths - 91082",
    "barcode": "9350271001871",
    "shop": "Woolworths",
    "weight": "1L",
    "prices": [
      {
        "state": "NSW",
        "price": "750",
        "price_per_unit": "1000",
        "price_unit": "L"
      },
      {
        "state": "VIC",
        "price": "750",
        "price_per_unit": "1000",
        "price_unit": "L"
      },
      {
        "state": "QLD",
        "price": "750",
        "price_per_unit": "1000",
        "price_unit": "L"
      },
      {
        "state": "WA",
        "price": "750",
        "price_per_unit": "1000",
        "price_unit": "L"
      },
      {
        "state": "SA",
        "price": "750",
        "price_per_unit": "1000",
        "price_unit": "L"
      },
      {
        "state": "TAS",
        "price": "750",
        "price_per_unit": "1000",
        "price_unit": "L"
      },
      {
        "state": "ACT",
        "price": "750",
        "price_per_unit": "1000",
        "price_unit": "L"
      },
      {
        "state": "NT",
        "price": "750",
        "price_per_unit": "1000",
        "price_unit": "L"
      }
    ]
  },
  {
    "source_url": "https://www.woolworths.com.au/shop/productdetails/671437/remedy-organic-kombucha-raspberry-lemonade",
    "name": "Remedy Organic Kombucha Raspberry Lemonade 750ml",
    "image_url": "https://cdn1.woolworths.media/content/wowproductimages/large/671437.jpg",
    "source_id": "Woolworths - 671437",
    "barcode": "9350271000096",
    "shop": "Woolworths",
    "weight": "1L",
    "prices": [
      {
        "state": "NSW",
        "price": "750",
        "price_per_unit": "1000",
        "price_unit": "L"
      },
      {
        "state": "VIC",
        "price": "750",
        "price_per_unit": "1000",
        "price_unit": "L"
      },
      {
        "state": "QLD",
        "price": "750",
        "price_per_unit": "1000",
        "price_unit": "L"
      },
      {
        "state": "WA",
        "price": "750",
        "price_per_unit": "1000",
        "price_unit": "L"
      },
      {
        "state": "SA",
        "price": "750",
        "price_per_unit": "1000",
        "price_unit": "L"
      },
      {
        "state": "TAS",
        "price": "750",
        "price_per_unit": "1000",
        "price_unit": "L"
      },
      {
        "state": "ACT",
        "price": "750",
        "price_per_unit": "1000",
        "price_unit": "L"
      },
      {
        "state": "NT",
        "price": "750",
        "price_per_unit": "1000",
        "price_unit": "L"
      }
    ]
  },
  {
    "source_url": "https://www.woolworths.com.au/shop/productdetails/124746/remedy-organic-kombucha-wild-berry",
    "name": "Remedy Organic Kombucha Wild Berry 330ml",
    "image_url": "https://cdn1.woolworths.media/content/wowproductimages/large/124746.jpg",
    "source_id": "Woolworths - 124746",
    "barcode": "9350271002113",
    "shop": "Woolworths",
    "weight": "1L",
    "prices": [
      {
        "state": "NSW",
        "price": "250",
        "price_per_unit": "758",
        "price_unit": "L"
      },
      {
        "state": "VIC",
        "price": "250",
        "price_per_unit": "758",
        "price_unit": "L"
      },
      {
        "state": "QLD",
        "price": "250",
        "price_per_unit": "758",
        "price_unit": "L"
      },
      {
        "state": "WA",
        "price": "250",
        "price_per_unit": "758",
        "price_unit": "L"
      },
      {
        "state": "SA",
        "price": "250",
        "price_per_unit": "758",
        "price_unit": "L"
      },
      {
        "state": "TAS",
        "price": "250",
        "price_per_unit": "758",
        "price_unit": "L"
      },
      {
        "state": "ACT",
        "price": "250",
        "price_per_unit": "758",
        "price_unit": "L"
      },
      {
        "state": "NT",
        "price": "250",
        "price_per_unit": "758",
        "price_unit": "L"
      }
    ]
  },
  {
    "source_url": "https://www.woolworths.com.au/shop/productdetails/270324/remedy-sodaly-passionfruit",
    "name": "Remedy Sodaly Passionfruit 330ml",
    "image_url": "https://cdn1.woolworths.media/content/wowproductimages/large/270324.jpg",
    "source_id": "Woolworths - 270324",
    "barcode": "9350271003691",
    "shop": "Woolworths",
    "weight": "1L",
    "prices": [
      {
        "state": "NSW",
        "price": "290",
        "price_per_unit": "879",
        "price_unit": "L"
      },
      {
        "state": "VIC",
        "price": "290",
        "price_per_unit": "879",
        "price_unit": "L"
      },
      {
        "state": "QLD",
        "price": "290",
        "price_per_unit": "879",
        "price_unit": "L"
      },
      {
        "state": "WA",
        "price": "290",
        "price_per_unit": "879",
        "price_unit": "L"
      },
      {
        "state": "SA",
        "price": "290",
        "price_per_unit": "879",
        "price_unit": "L"
      },
      {
        "state": "TAS",
        "price": "290",
        "price_per_unit": "879",
        "price_unit": "L"
      },
      {
        "state": "ACT",
        "price": "290",
        "price_per_unit": "879",
        "price_unit": "L"
      },
      {
        "state": "NT",
        "price": "290",
        "price_per_unit": "879",
        "price_unit": "L"
      }
    ]
  },
  {
    "source_url": "https://www.woolworths.com.au/shop/productdetails/270303/remedy-sodaly-raspberry",
    "name": "Remedy Sodaly Raspberry 330ml",
    "image_url": "https://cdn1.woolworths.media/content/wowproductimages/large/270303.jpg",
    "source_id": "Woolworths - 270303",
    "barcode": "9350271003684",
    "shop": "Woolworths",
    "weight": "1L",
    "prices": [
      {
        "state": "NSW",
        "price": "290",
        "price_per_unit": "879",
        "price_unit": "L"
      },
      {
        "state": "VIC",
        "price": "290",
        "price_per_unit": "879",
        "price_unit": "L"
      },
      {
        "state": "QLD",
        "price": "290",
        "price_per_unit": "879",
        "price_unit": "L"
      },
      {
        "state": "WA",
        "price": "290",
        "price_per_unit": "879",
        "price_unit": "L"
      },
      {
        "state": "SA",
        "price": "290",
        "price_per_unit": "879",
        "price_unit": "L"
      },
      {
        "state": "TAS",
        "price": "290",
        "price_per_unit": "879",
        "price_unit": "L"
      },
      {
        "state": "ACT",
        "price": "290",
        "price_per_unit": "879",
        "price_unit": "L"
      },
      {
        "state": "NT",
        "price": "290",
        "price_per_unit": "879",
        "price_unit": "L"
      }
    ]
  },
  {
    "source_url": "https://www.woolworths.com.au/shop/productdetails/972722/remedy-sodaly-yuzu-lemon",
    "name": "Remedy Sodaly Yuzu Lemon 330mL",
    "image_url": "https://cdn1.woolworths.media/content/wowproductimages/large/972722.jpg",
    "source_id": "Woolworths - 972722",
    "barcode": "9350271004940",
    "shop": "Woolworths",
    "weight": "1L",
    "prices": [
      {
        "state": "NSW",
        "price": "290",
        "price_per_unit": "879",
        "price_unit": "L"
      },
      {
        "state": "VIC",
        "price": "290",
        "price_per_unit": "879",
        "price_unit": "L"
      },
      {
        "state": "QLD",
        "price": "290",
        "price_per_unit": "879",
        "price_unit": "L"
      },
      {
        "state": "WA",
        "price": "290",
        "price_per_unit": "879",
        "price_unit": "L"
      },
      {
        "state": "SA",
        "price": "290",
        "price_per_unit": "879",
        "price_unit": "L"
      },
      {
        "state": "TAS",
        "price": "290",
        "price_per_unit": "879",
        "price_unit": "L"
      },
      {
        "state": "ACT",
        "price": "290",
        "price_per_unit": "879",
        "price_unit": "L"
      },
      {
        "state": "NT",
        "price": "290",
        "price_per_unit": "879",
        "price_unit": "L"
      }
    ]
  },
  {
    "source_url": "https://www.woolworths.com.au/shop/productdetails/189114/schweppes-blood-orange-mango-infused-mineral-water-cans-multipack",
    "name": "Schweppes Blood Orange Mango Infused Mineral Water Cans Multipack 375ml x 10 Pack",
    "image_url": "https://cdn1.woolworths.media/content/wowproductimages/large/189114.jpg",
    "source_id": "Woolworths - 189114",
    "barcode": "9315596007991",
    "shop": "Woolworths",
    "weight": "1L",
    "prices": [
      {
        "state": "NSW",
        "price": "900",
        "price_per_unit": "240",
        "price_unit": "L"
      },
      {
        "state": "VIC",
        "price": "900",
        "price_per_unit": "240",
        "price_unit": "L"
      },
      {
        "state": "QLD",
        "price": "900",
        "price_per_unit": "240",
        "price_unit": "L"
      },
      {
        "state": "WA",
        "price": "900",
        "price_per_unit": "240",
        "price_unit": "L"
      },
      {
        "state": "SA",
        "price": "900",
        "price_per_unit": "240",
        "price_unit": "L"
      },
      {
        "state": "TAS",
        "price": "900",
        "price_per_unit": "240",
        "price_unit": "L"
      },
      {
        "state": "ACT",
        "price": "900",
        "price_per_unit": "240",
        "price_unit": "L"
      },
      {
        "state": "NT",
        "price": "900",
        "price_per_unit": "240",
        "price_unit": "L"
      }
    ]
  },
  {
    "source_url": "https://www.woolworths.com.au/shop/productdetails/634299/schweppes-zero-sugar-lime-infused-mineral-water-bottle",
    "name": "Schweppes Zero Sugar Lime Infused Mineral Water Bottle 1.1l",
    "image_url": "https://cdn1.woolworths.media/content/wowproductimages/large/634299.jpg",
    "source_id": "Woolworths - 634299",
    "barcode": "9315596006468",
    "shop": "Woolworths",
    "weight": "1L",
    "prices": [
      {
        "state": "NSW",
        "price": "300",
        "price_per_unit": "273",
        "price_unit": "L"
      },
      {
        "state": "QLD",
        "price": "300",
        "price_per_unit": "273",
        "price_unit": "L"
      },
      {
        "state": "WA",
        "price": "300",
        "price_per_unit": "273",
        "price_unit": "L"
      },
      {
        "state": "SA",
        "price": "300",
        "price_per_unit": "273",
        "price_unit": "L"
      },
      {
        "state": "TAS",
        "price": "300",
        "price_per_unit": "273",
        "price_unit": "L"
      },
      {
        "state": "ACT",
        "price": "300",
        "price_per_unit": "273",
        "price_unit": "L"
      },
      {
        "state": "NT",
        "price": "315",
        "price_per_unit": "286",
        "price_unit": "L"
      }
    ]
  },
  {
    "source_url": "https://www.woolworths.com.au/shop/productdetails/282467/schweppes-zero-sugar-lime-infused-mineral-water-cans-multipack",
    "name": "Schweppes Zero Sugar Lime Infused Mineral Water Cans Multipack 375ml x 10 Pack",
    "image_url": "https://cdn1.woolworths.media/content/wowproductimages/large/282467.jpg",
    "source_id": "Woolworths - 282467",
    "barcode": "9315596008547",
    "shop": "Woolworths",
    "weight": "1L",
    "prices": [
      {
        "state": "NSW",
        "price": "900",
        "price_per_unit": "240",
        "price_unit": "L"
      },
      {
        "state": "VIC",
        "price": "900",
        "price_per_unit": "240",
        "price_unit": "L"
      },
      {
        "state": "QLD",
        "price": "900",
        "price_per_unit": "240",
        "price_unit": "L"
      },
      {
        "state": "WA",
        "price": "900",
        "price_per_unit": "240",
        "price_unit": "L"
      },
      {
        "state": "SA",
        "price": "900",
        "price_per_unit": "240",
        "price_unit": "L"
      },
      {
        "state": "TAS",
        "price": "900",
        "price_per_unit": "240",
        "price_unit": "L"
      },
      {
        "state": "ACT",
        "price": "900",
        "price_per_unit": "240",
        "price_unit": "L"
      },
      {
        "state": "NT",
        "price": "900",
        "price_per_unit": "240",
        "price_unit": "L"
      }
    ]
  },
  {
    "source_url": "https://www.woolworths.com.au/shop/productdetails/291038/strangelove-yuzu-sparkling-water-zero-sugar",
    "name": "StrangeLove Yuzu Sparkling Water Zero Sugar 330ml x 4 Pack",
    "image_url": "https://cdn1.woolworths.media/content/wowproductimages/large/291038.jpg",
    "source_id": "Woolworths - 291038",
    "barcode": "9349249004136",
    "shop": "Woolworths",
    "weight": "1L",
    "prices": [
      {
        "state": "NSW",
        "price": "560",
        "price_per_unit": "424",
        "price_unit": "L"
      },
      {
        "state": "VIC",
        "price": "560",
        "price_per_unit": "424",
        "price_unit": "L"
      },
      {
        "state": "QLD",
        "price": "560",
        "price_per_unit": "424",
        "price_unit": "L"
      },
      {
        "state": "SA",
        "price": "560",
        "price_per_unit": "424",
        "price_unit": "L"
      }
    ]
  },
  {
    "source_url": "https://www.woolworths.com.au/shop/productdetails/156874/the-juice-lab-focus-brain-power-super-shot",
    "name": "The Juice Lab Focus Brain Power Super Shot 60ml",
    "image_url": "https://cdn1.woolworths.media/content/wowproductimages/large/156874.jpg",
    "source_id": "Woolworths - 156874",
    "barcode": "93562850",
    "shop": "Woolworths",
    "weight": "1L",
    "prices": [
      {
        "state": "NSW",
        "price": "350",
        "price_per_unit": "5833",
        "price_unit": "L"
      },
      {
        "state": "VIC",
        "price": "350",
        "price_per_unit": "5833",
        "price_unit": "L"
      },
      {
        "state": "QLD",
        "price": "350",
        "price_per_unit": "5833",
        "price_unit": "L"
      },
      {
        "state": "WA",
        "price": "350",
        "price_per_unit": "5833",
        "price_unit": "L"
      },
      {
        "state": "SA",
        "price": "350",
        "price_per_unit": "5833",
        "price_unit": "L"
      },
      {
        "state": "ACT",
        "price": "350",
        "price_per_unit": "5833",
        "price_unit": "L"
      },
      {
        "state": "NT",
        "price": "350",
        "price_per_unit": "5833",
        "price_unit": "L"
      }
    ]
  },
  {
    "source_url": "https://www.woolworths.com.au/shop/productdetails/247557/the-juice-lab-well-immune-multidose-orange-turmeric-ginger",
    "name": "The Juice Lab Well Immune Multidose Orange Turmeric Ginger 350ml",
    "image_url": "https://cdn1.woolworths.media/content/wowproductimages/large/247557.jpg",
    "source_id": "Woolworths - 247557",
    "barcode": "9350142002112",
    "shop": "Woolworths",
    "weight": "1L",
    "prices": [
      {
        "state": "NSW",
        "price": "1200",
        "price_per_unit": "3429",
        "price_unit": "L"
      },
      {
        "state": "VIC",
        "price": "1200",
        "price_per_unit": "3429",
        "price_unit": "L"
      },
      {
        "state": "QLD",
        "price": "1200",
        "price_per_unit": "3429",
        "price_unit": "L"
      },
      {
        "state": "WA",
        "price": "1200",
        "price_per_unit": "3429",
        "price_unit": "L"
      },
      {
        "state": "SA",
        "price": "1200",
        "price_per_unit": "3429",
        "price_unit": "L"
      },
      {
        "state": "ACT",
        "price": "1200",
        "price_per_unit": "3429",
        "price_unit": "L"
      },
      {
        "state": "NT",
        "price": "1200",
        "price_per_unit": "3429",
        "price_unit": "L"
      }
    ]
  },
  {
    "source_url": "https://www.woolworths.com.au/shop/productdetails/157076/the-juice-lab-wellness-digest-gut-health-super-shot",
    "name": "The Juice Lab Wellness Digest Gut Health Super Shot 60ml",
    "image_url": "https://cdn1.woolworths.media/content/wowproductimages/large/157076.jpg",
    "source_id": "Woolworths - 157076",
    "barcode": "93562898",
    "shop": "Woolworths",
    "weight": "1L",
    "prices": [
      {
        "state": "NSW",
        "price": "350",
        "price_per_unit": "5833",
        "price_unit": "L"
      },
      {
        "state": "VIC",
        "price": "350",
        "price_per_unit": "5833",
        "price_unit": "L"
      },
      {
        "state": "QLD",
        "price": "350",
        "price_per_unit": "5833",
        "price_unit": "L"
      },
      {
        "state": "WA",
        "price": "350",
        "price_per_unit": "5833",
        "price_unit": "L"
      },
      {
        "state": "SA",
        "price": "350",
        "price_per_unit": "5833",
        "price_unit": "L"
      },
      {
        "state": "ACT",
        "price": "350",
        "price_per_unit": "5833",
        "price_unit": "L"
      },
      {
        "state": "NT",
        "price": "350",
        "price_per_unit": "5833",
        "price_unit": "L"
      }
    ]
  },
  {
    "source_url": "https://www.woolworths.com.au/shop/productdetails/156070/the-juice-lab-wellness-immune-vitality-super-shot",
    "name": "The Juice Lab Wellness Immune Vitality Super Shot 60ml",
    "image_url": "https://cdn1.woolworths.media/content/wowproductimages/large/156070.jpg",
    "source_id": "Woolworths - 156070",
    "barcode": "93562843",
    "shop": "Woolworths",
    "weight": "1L",
    "prices": [
      {
        "state": "NSW",
        "price": "350",
        "price_per_unit": "5833",
        "price_unit": "L"
      },
      {
        "state": "VIC",
        "price": "350",
        "price_per_unit": "5833",
        "price_unit": "L"
      },
      {
        "state": "QLD",
        "price": "350",
        "price_per_unit": "5833",
        "price_unit": "L"
      },
      {
        "state": "WA",
        "price": "350",
        "price_per_unit": "5833",
        "price_unit": "L"
      },
      {
        "state": "SA",
        "price": "350",
        "price_per_unit": "5833",
        "price_unit": "L"
      },
      {
        "state": "ACT",
        "price": "350",
        "price_per_unit": "5833",
        "price_unit": "L"
      },
      {
        "state": "NT",
        "price": "350",
        "price_per_unit": "5833",
        "price_unit": "L"
      }
    ]
  },
  {
    "source_url": "https://www.woolworths.com.au/shop/productdetails/227257/the-juice-lab-wellness-shot-calm",
    "name": "The Juice Lab Wellness Shot Calm 60ml",
    "image_url": "https://cdn1.woolworths.media/content/wowproductimages/large/227257.jpg",
    "source_id": "Woolworths - 227257",
    "barcode": "93562881",
    "shop": "Woolworths",
    "weight": "1L",
    "prices": [
      {
        "state": "NSW",
        "price": "350",
        "price_per_unit": "5833",
        "price_unit": "L"
      },
      {
        "state": "VIC",
        "price": "350",
        "price_per_unit": "5833",
        "price_unit": "L"
      },
      {
        "state": "QLD",
        "price": "350",
        "price_per_unit": "5833",
        "price_unit": "L"
      },
      {
        "state": "WA",
        "price": "350",
        "price_per_unit": "5833",
        "price_unit": "L"
      },
      {
        "state": "SA",
        "price": "350",
        "price_per_unit": "5833",
        "price_unit": "L"
      },
      {
        "state": "ACT",
        "price": "350",
        "price_per_unit": "5833",
        "price_unit": "L"
      },
      {
        "state": "NT",
        "price": "350",
        "price_per_unit": "5833",
        "price_unit": "L"
      }
    ]
  },
  {
    "source_url": "https://www.woolworths.com.au/shop/productdetails/546615/woolworths-100-pure-coconut-water",
    "name": "Woolworths 100% Pure Coconut Water 1l",
    "image_url": "https://cdn1.woolworths.media/content/wowproductimages/large/546615.jpg",
    "source_id": "Woolworths - 546615",
    "barcode": "9300633626211",
    "shop": "Woolworths",
    "weight": "1L",
    "prices": [
      {
        "state": "NSW",
        "price": "280",
        "price_per_unit": "280",
        "price_unit": "L"
      },
      {
        "state": "VIC",
        "price": "280",
        "price_per_unit": "280",
        "price_unit": "L"
      },
      {
        "state": "QLD",
        "price": "280",
        "price_per_unit": "280",
        "price_unit": "L"
      },
      {
        "state": "WA",
        "price": "280",
        "price_per_unit": "280",
        "price_unit": "L"
      },
      {
        "state": "SA",
        "price": "280",
        "price_per_unit": "280",
        "price_unit": "L"
      },
      {
        "state": "TAS",
        "price": "280",
        "price_per_unit": "280",
        "price_unit": "L"
      },
      {
        "state": "ACT",
        "price": "280",
        "price_per_unit": "280",
        "price_unit": "L"
      },
      {
        "state": "NT",
        "price": "280",
        "price_per_unit": "280",
        "price_unit": "L"
      }
    ]
  },
  {
    "source_url": "https://www.woolworths.com.au/shop/productdetails/546840/woolworths-100-pure-coconut-water",
    "name": "Woolworths 100% Pure Coconut Water 1l x4 Pack",
    "image_url": "https://cdn1.woolworths.media/content/wowproductimages/large/546840.jpg",
    "source_id": "Woolworths - 546840",
    "barcode": "9300633626228",
    "shop": "Woolworths",
    "weight": "1L",
    "prices": [
      {
        "state": "NSW",
        "price": "1000",
        "price_per_unit": "250",
        "price_unit": "L"
      },
      {
        "state": "VIC",
        "price": "1000",
        "price_per_unit": "250",
        "price_unit": "L"
      },
      {
        "state": "QLD",
        "price": "1000",
        "price_per_unit": "250",
        "price_unit": "L"
      },
      {
        "state": "WA",
        "price": "1000",
        "price_per_unit": "250",
        "price_unit": "L"
      },
      {
        "state": "SA",
        "price": "1000",
        "price_per_unit": "250",
        "price_unit": "L"
      },
      {
        "state": "TAS",
        "price": "1000",
        "price_per_unit": "250",
        "price_unit": "L"
      },
      {
        "state": "ACT",
        "price": "1000",
        "price_per_unit": "250",
        "price_unit": "L"
      },
      {
        "state": "NT",
        "price": "1000",
        "price_per_unit": "250",
        "price_unit": "L"
      }
    ]
  },
  {
    "source_url": "https://www.woolworths.com.au/shop/productdetails/756089/woolworths-lightly-sparkling-lime-water",
    "name": "Woolworths Lightly Sparkling Lime Water 1.25l",
    "image_url": "https://cdn1.woolworths.media/content/wowproductimages/large/756089.jpg",
    "source_id": "Woolworths - 756089",
    "barcode": "9300633417918",
    "shop": "Woolworths",
    "weight": "1L",
    "prices": [
      {
        "state": "NSW",
        "price": "180",
        "price_per_unit": "144",
        "price_unit": "L"
      },
      {
        "state": "VIC",
        "price": "180",
        "price_per_unit": "144",
        "price_unit": "L"
      },
      {
        "state": "QLD",
        "price": "180",
        "price_per_unit": "144",
        "price_unit": "L"
      },
      {
        "state": "WA",
        "price": "180",
        "price_per_unit": "144",
        "price_unit": "L"
      },
      {
        "state": "SA",
        "price": "180",
        "price_per_unit": "144",
        "price_unit": "L"
      },
      {
        "state": "TAS",
        "price": "180",
        "price_per_unit": "144",
        "price_unit": "L"
      },
      {
        "state": "NT",
        "price": "180",
        "price_per_unit": "144",
        "price_unit": "L"
      }
    ]
  },
  {
    "source_url": "https://www.woolworths.com.au/shop/productdetails/696531/bubly-watermelon-sparkling-water-no-sugar-multipack-cans",
    "name": "Bubly Watermelon Sparkling Water No Sugar Multipack Cans 375mL x 8 pack",
    "image_url": "https://cdn1.woolworths.media/content/wowproductimages/large/696531.jpg",
    "source_id": "Woolworths - 696531",
    "barcode": "9313820003054",
    "shop": "Woolworths",
    "weight": "1L",
    "prices": [
      {
        "state": "VIC",
        "price": "1650",
        "price_per_unit": "550",
        "price_unit": "L"
      },
      {
        "state": "WA",
        "price": "1650",
        "price_per_unit": "550",
        "price_unit": "L"
      },
      {
        "state": "SA",
        "price": "1650",
        "price_per_unit": "550",
        "price_unit": "L"
      },
      {
        "state": "TAS",
        "price": "1500",
        "price_per_unit": "500",
        "price_unit": "L"
      },
      {
        "state": "ACT",
        "price": "1650",
        "price_per_unit": "550",
        "price_unit": "L"
      }
    ]
  },
  {
    "source_url": "https://www.woolworths.com.au/shop/productdetails/928581/dash-water-grapefruit-infused-sparkling-water-no-sugar",
    "name": "Dash Water Grapefruit Infused Sparkling Water No Sugar 4 x 300mL",
    "image_url": "https://cdn1.woolworths.media/content/wowproductimages/large/928581.jpg",
    "source_id": "Woolworths - 928581",
    "barcode": "5060489730848",
    "shop": "Woolworths",
    "weight": "1L",
    "prices": [
      {
        "state": "VIC",
        "price": "550",
        "price_per_unit": "458",
        "price_unit": "L"
      },
      {
        "state": "WA",
        "price": "550",
        "price_per_unit": "458",
        "price_unit": "L"
      },
      {
        "state": "SA",
        "price": "550",
        "price_per_unit": "458",
        "price_unit": "L"
      },
      {
        "state": "TAS",
        "price": "550",
        "price_per_unit": "458",
        "price_unit": "L"
      },
      {
        "state": "ACT",
        "price": "550",
        "price_per_unit": "458",
        "price_unit": "L"
      }
    ]
  },
  {
    "source_url": "https://www.woolworths.com.au/shop/productdetails/178233/dash-water-lemon-infused-sparkling-water-no-sugar",
    "name": "Dash Water Lemon Infused Sparkling Water No Sugar 4 x 300mL",
    "image_url": "https://cdn1.woolworths.media/content/wowproductimages/large/178233.jpg",
    "source_id": "Woolworths - 178233",
    "barcode": "5060489730466",
    "shop": "Woolworths",
    "weight": "1L",
    "prices": [
      {
        "state": "VIC",
        "price": "550",
        "price_per_unit": "458",
        "price_unit": "L"
      },
      {
        "state": "WA",
        "price": "550",
        "price_per_unit": "458",
        "price_unit": "L"
      },
      {
        "state": "SA",
        "price": "550",
        "price_per_unit": "458",
        "price_unit": "L"
      },
      {
        "state": "TAS",
        "price": "550",
        "price_per_unit": "458",
        "price_unit": "L"
      },
      {
        "state": "ACT",
        "price": "550",
        "price_per_unit": "458",
        "price_unit": "L"
      }
    ]
  },
  {
    "source_url": "https://www.woolworths.com.au/shop/productdetails/388274/dash-water-lime-infused-sparkling-water-no-sugar",
    "name": "Dash Water Lime Infused Sparkling Water No Sugar 4 x 300mL",
    "image_url": "https://cdn1.woolworths.media/content/wowproductimages/large/388274.jpg",
    "source_id": "Woolworths - 388274",
    "barcode": "5060489730688",
    "shop": "Woolworths",
    "weight": "1L",
    "prices": [
      {
        "state": "VIC",
        "price": "550",
        "price_per_unit": "458",
        "price_unit": "L"
      },
      {
        "state": "WA",
        "price": "550",
        "price_per_unit": "458",
        "price_unit": "L"
      },
      {
        "state": "SA",
        "price": "550",
        "price_per_unit": "458",
        "price_unit": "L"
      },
      {
        "state": "TAS",
        "price": "550",
        "price_per_unit": "458",
        "price_unit": "L"
      },
      {
        "state": "ACT",
        "price": "550",
        "price_per_unit": "458",
        "price_unit": "L"
      }
    ]
  },
  {
    "source_url": "https://www.woolworths.com.au/shop/productdetails/176831/dash-water-peach-infused-sparkling-water-no-sugar",
    "name": "Dash Water Peach Infused Sparkling Water No Sugar 4 x 300mL",
    "image_url": "https://cdn1.woolworths.media/content/wowproductimages/large/176831.jpg",
    "source_id": "Woolworths - 176831",
    "barcode": "5060489730473",
    "shop": "Woolworths",
    "weight": "1L",
    "prices": [
      {
        "state": "VIC",
        "price": "550",
        "price_per_unit": "458",
        "price_unit": "L"
      },
      {
        "state": "WA",
        "price": "550",
        "price_per_unit": "458",
        "price_unit": "L"
      },
      {
        "state": "SA",
        "price": "550",
        "price_per_unit": "458",
        "price_unit": "L"
      },
      {
        "state": "TAS",
        "price": "550",
        "price_per_unit": "458",
        "price_unit": "L"
      }
    ]
  },
  {
    "source_url": "https://www.woolworths.com.au/shop/productdetails/176897/dash-water-raspberry-infused-sparkling-water-no-sugar",
    "name": "Dash Water Raspberry Infused Sparkling Water No Sugar 4 x 300mL",
    "image_url": "https://cdn1.woolworths.media/content/wowproductimages/large/176897.jpg",
    "source_id": "Woolworths - 176897",
    "barcode": "5060489730480",
    "shop": "Woolworths",
    "weight": "1L",
    "prices": [
      {
        "state": "VIC",
        "price": "550",
        "price_per_unit": "458",
        "price_unit": "L"
      },
      {
        "state": "WA",
        "price": "550",
        "price_per_unit": "458",
        "price_unit": "L"
      },
      {
        "state": "SA",
        "price": "550",
        "price_per_unit": "458",
        "price_unit": "L"
      },
      {
        "state": "TAS",
        "price": "550",
        "price_per_unit": "458",
        "price_unit": "L"
      },
      {
        "state": "ACT",
        "price": "550",
        "price_per_unit": "458",
        "price_unit": "L"
      }
    ]
  },
  {
    "source_url": "https://www.woolworths.com.au/shop/productdetails/802510/gatorade-g-active-sports-drinks-mango-water-electrolytes-vitamins",
    "name": "Gatorade G Active Sports Drinks Mango Water Electrolytes & Vitamins 600ml",
    "image_url": "https://cdn1.woolworths.media/content/wowproductimages/large/802510.jpg",
    "source_id": "Woolworths - 802510",
    "barcode": "9310640000966",
    "shop": "Woolworths",
    "weight": "1L",
    "prices": [
      {
        "state": "VIC",
        "price": "400",
        "price_per_unit": "667",
        "price_unit": "L"
      },
      {
        "state": "QLD",
        "price": "400",
        "price_per_unit": "667",
        "price_unit": "L"
      },
      {
        "state": "WA",
        "price": "400",
        "price_per_unit": "667",
        "price_unit": "L"
      },
      {
        "state": "SA",
        "price": "400",
        "price_per_unit": "667",
        "price_unit": "L"
      },
      {
        "state": "TAS",
        "price": "385",
        "price_per_unit": "642",
        "price_unit": "L"
      },
      {
        "state": "ACT",
        "price": "400",
        "price_per_unit": "667",
        "price_unit": "L"
      },
      {
        "state": "NT",
        "price": "400",
        "price_per_unit": "667",
        "price_unit": "L"
      }
    ]
  },
  {
    "source_url": "https://www.woolworths.com.au/shop/productdetails/203351/jiva-kombucha-pomegranate",
    "name": "Jiva Kombucha Pomegranate 750ml",
    "image_url": "https://cdn1.woolworths.media/content/wowproductimages/large/203351.jpg",
    "source_id": "Woolworths - 203351",
    "barcode": "9351775000148",
    "shop": "Woolworths",
    "weight": "1L",
    "prices": [
      {
        "state": "VIC",
        "price": "600",
        "price_per_unit": "800",
        "price_unit": "L"
      },
      {
        "state": "SA",
        "price": "600",
        "price_per_unit": "800",
        "price_unit": "L"
      }
    ]
  },
  {
    "source_url": "https://www.woolworths.com.au/shop/productdetails/265211/lo-bros-kombucha-raspberry-blackcurrant",
    "name": "Lo Bros Kombucha Raspberry & Blackcurrant 750mL",
    "image_url": "https://cdn1.woolworths.media/content/wowproductimages/large/265211.jpg",
    "source_id": "Woolworths - 265211",
    "barcode": "9340784007477",
    "shop": "Woolworths",
    "weight": "1L",
    "prices": [
      {
        "state": "VIC",
        "price": "385",
        "price_per_unit": "513",
        "price_unit": "L"
      },
      {
        "state": "QLD",
        "price": "385",
        "price_per_unit": "513",
        "price_unit": "L"
      },
      {
        "state": "SA",
        "price": "385",
        "price_per_unit": "513",
        "price_unit": "L"
      },
      {
        "state": "TAS",
        "price": "385",
        "price_per_unit": "513",
        "price_unit": "L"
      },
      {
        "state": "ACT",
        "price": "385",
        "price_per_unit": "513",
        "price_unit": "L"
      },
      {
        "state": "NT",
        "price": "385",
        "price_per_unit": "513",
        "price_unit": "L"
      }
    ]
  },
  {
    "source_url": "https://www.woolworths.com.au/shop/productdetails/691635/mount-franklin-lightly-sparkling-peach-cans",
    "name": "Mount Franklin Lightly Sparkling Peach Cans 375mL x 10 pack",
    "image_url": "https://cdn1.woolworths.media/content/wowproductimages/large/691635.jpg",
    "source_id": "Woolworths - 691635",
    "barcode": "9300675094610",
    "shop": "Woolworths",
    "weight": "1L",
    "prices": [
      {
        "state": "VIC",
        "price": "1140",
        "price_per_unit": "304",
        "price_unit": "L"
      },
      {
        "state": "WA",
        "price": "1140",
        "price_per_unit": "304",
        "price_unit": "L"
      },
      {
        "state": "SA",
        "price": "1140",
        "price_per_unit": "304",
        "price_unit": "L"
      },
      {
        "state": "TAS",
        "price": "1070",
        "price_per_unit": "285",
        "price_unit": "L"
      },
      {
        "state": "ACT",
        "price": "1140",
        "price_per_unit": "304",
        "price_unit": "L"
      },
      {
        "state": "NT",
        "price": "1190",
        "price_per_unit": "317",
        "price_unit": "L"
      }
    ]
  },
  {
    "source_url": "https://www.woolworths.com.au/shop/productdetails/176210/mount-franklin-lightly-sparkling-water-mango",
    "name": "Mount Franklin Lightly Sparkling Water Mango 375ml x10 Pack",
    "image_url": "https://cdn1.woolworths.media/content/wowproductimages/large/176210.jpg",
    "source_id": "Woolworths - 176210",
    "barcode": "9300624034285",
    "shop": "Woolworths",
    "weight": "1L",
    "prices": [
      {
        "state": "VIC",
        "price": "1140",
        "price_per_unit": "304",
        "price_unit": "L"
      },
      {
        "state": "WA",
        "price": "1140",
        "price_per_unit": "304",
        "price_unit": "L"
      },
      {
        "state": "SA",
        "price": "1140",
        "price_per_unit": "304",
        "price_unit": "L"
      },
      {
        "state": "TAS",
        "price": "1070",
        "price_per_unit": "285",
        "price_unit": "L"
      },
      {
        "state": "ACT",
        "price": "1140",
        "price_per_unit": "304",
        "price_unit": "L"
      }
    ]
  },
  {
    "source_url": "https://www.woolworths.com.au/shop/productdetails/242089/mount-franklin-lightly-sparkling-water-mango-flavour-cans",
    "name": "Mount Franklin Lightly Sparkling Water Mango Flavour Cans 250ml x 6 Pack",
    "image_url": "https://cdn1.woolworths.media/content/wowproductimages/large/242089.jpg",
    "source_id": "Woolworths - 242089",
    "barcode": "9300624035596",
    "shop": "Woolworths",
    "weight": "1L",
    "prices": [
      {
        "state": "VIC",
        "price": "965",
        "price_per_unit": "643",
        "price_unit": "L"
      },
      {
        "state": "QLD",
        "price": "965",
        "price_per_unit": "643",
        "price_unit": "L"
      },
      {
        "state": "WA",
        "price": "965",
        "price_per_unit": "643",
        "price_unit": "L"
      },
      {
        "state": "SA",
        "price": "965",
        "price_per_unit": "643",
        "price_unit": "L"
      },
      {
        "state": "TAS",
        "price": "905",
        "price_per_unit": "603",
        "price_unit": "L"
      },
      {
        "state": "ACT",
        "price": "965",
        "price_per_unit": "643",
        "price_unit": "L"
      }
    ]
  },
  {
    "source_url": "https://www.woolworths.com.au/shop/productdetails/925726/mount-franklin-lightly-sparkling-water-pineapple",
    "name": "Mount Franklin Lightly Sparkling Water Pineapple 1.25L",
    "image_url": "https://cdn1.woolworths.media/content/wowproductimages/large/925726.jpg",
    "source_id": "Woolworths - 925726",
    "barcode": "9300675094818",
    "shop": "Woolworths",
    "weight": "1L",
    "prices": [
      {
        "state": "VIC",
        "price": "155",
        "price_per_unit": "124",
        "price_unit": "L"
      },
      {
        "state": "WA",
        "price": "155",
        "price_per_unit": "124",
        "price_unit": "L"
      },
      {
        "state": "SA",
        "price": "155",
        "price_per_unit": "124",
        "price_unit": "L"
      },
      {
        "state": "TAS",
        "price": "150",
        "price_per_unit": "120",
        "price_unit": "L"
      },
      {
        "state": "ACT",
        "price": "155",
        "price_per_unit": "124",
        "price_unit": "L"
      }
    ]
  },
  {
    "source_url": "https://www.woolworths.com.au/shop/productdetails/178132/mount-franklin-lightly-sparkling-water-raspberry",
    "name": "Mount Franklin Lightly Sparkling Water Raspberry 1.25L",
    "image_url": "https://cdn1.woolworths.media/content/wowproductimages/large/178132.jpg",
    "source_id": "Woolworths - 178132",
    "barcode": "9300624035046",
    "shop": "Woolworths",
    "weight": "1L",
    "prices": [
      {
        "state": "VIC",
        "price": "155",
        "price_per_unit": "124",
        "price_unit": "L"
      },
      {
        "state": "QLD",
        "price": "155",
        "price_per_unit": "124",
        "price_unit": "L"
      },
      {
        "state": "WA",
        "price": "155",
        "price_per_unit": "124",
        "price_unit": "L"
      },
      {
        "state": "SA",
        "price": "155",
        "price_per_unit": "124",
        "price_unit": "L"
      },
      {
        "state": "TAS",
        "price": "150",
        "price_per_unit": "120",
        "price_unit": "L"
      },
      {
        "state": "ACT",
        "price": "155",
        "price_per_unit": "124",
        "price_unit": "L"
      }
    ]
  },
  {
    "source_url": "https://www.woolworths.com.au/shop/productdetails/242611/mount-franklin-lightly-sparkling-water-raspberry-cans",
    "name": "Mount Franklin Lightly Sparkling Water Raspberry Cans 250ml x 6 Pack",
    "image_url": "https://cdn1.woolworths.media/content/wowproductimages/large/242611.jpg",
    "source_id": "Woolworths - 242611",
    "barcode": "9300624035602",
    "shop": "Woolworths",
    "weight": "1L",
    "prices": [
      {
        "state": "VIC",
        "price": "965",
        "price_per_unit": "643",
        "price_unit": "L"
      },
      {
        "state": "QLD",
        "price": "965",
        "price_per_unit": "643",
        "price_unit": "L"
      },
      {
        "state": "SA",
        "price": "965",
        "price_per_unit": "643",
        "price_unit": "L"
      },
      {
        "state": "TAS",
        "price": "905",
        "price_per_unit": "603",
        "price_unit": "L"
      },
      {
        "state": "ACT",
        "price": "965",
        "price_per_unit": "643",
        "price_unit": "L"
      }
    ]
  },
  {
    "source_url": "https://www.woolworths.com.au/shop/productdetails/220986/mount-franklin-no-sugar-lightly-sparkling-pineapple-water-cans",
    "name": "Mount Franklin No Sugar Lightly Sparkling Pineapple Water Cans 10 x375ml",
    "image_url": "https://cdn1.woolworths.media/content/wowproductimages/large/220986.jpg",
    "source_id": "Woolworths - 220986",
    "barcode": "9300624035176",
    "shop": "Woolworths",
    "weight": "1L",
    "prices": [
      {
        "state": "VIC",
        "price": "1140",
        "price_per_unit": "304",
        "price_unit": "L"
      },
      {
        "state": "WA",
        "price": "1140",
        "price_per_unit": "304",
        "price_unit": "L"
      },
      {
        "state": "SA",
        "price": "1140",
        "price_per_unit": "304",
        "price_unit": "L"
      },
      {
        "state": "TAS",
        "price": "1070",
        "price_per_unit": "285",
        "price_unit": "L"
      },
      {
        "state": "ACT",
        "price": "1140",
        "price_per_unit": "304",
        "price_unit": "L"
      }
    ]
  },
  {
    "source_url": "https://www.woolworths.com.au/shop/productdetails/221713/mount-franklin-no-sugar-lightly-sparkling-watermelon-water-cans",
    "name": "Mount Franklin No Sugar Lightly Sparkling Watermelon Water Cans 10 x375ml",
    "image_url": "https://cdn1.woolworths.media/content/wowproductimages/large/221713.jpg",
    "source_id": "Woolworths - 221713",
    "barcode": "9300624035145",
    "shop": "Woolworths",
    "weight": "1L",
    "prices": [
      {
        "state": "VIC",
        "price": "1140",
        "price_per_unit": "304",
        "price_unit": "L"
      },
      {
        "state": "WA",
        "price": "1140",
        "price_per_unit": "304",
        "price_unit": "L"
      },
      {
        "state": "SA",
        "price": "1140",
        "price_per_unit": "304",
        "price_unit": "L"
      },
      {
        "state": "TAS",
        "price": "1070",
        "price_per_unit": "285",
        "price_unit": "L"
      },
      {
        "state": "ACT",
        "price": "1140",
        "price_per_unit": "304",
        "price_unit": "L"
      }
    ]
  },
  {
    "source_url": "https://www.woolworths.com.au/shop/productdetails/901661/raw-c-pure-natural-coconut-water-pineapple",
    "name": "Raw C Pure Natural Coconut Water Pineapple 325mL",
    "image_url": "https://cdn1.woolworths.media/content/wowproductimages/large/901661.jpg",
    "source_id": "Woolworths - 901661",
    "barcode": "9349622000380",
    "shop": "Woolworths",
    "weight": "1L",
    "prices": [
      {
        "state": "VIC",
        "price": "250",
        "price_per_unit": "769",
        "price_unit": "L"
      }
    ]
  },
  {
    "source_url": "https://www.woolworths.com.au/shop/productdetails/902973/raw-c-pure-natural-coconut-water-watermelon",
    "name": "Raw C Pure Natural Coconut Water Watermelon 325mL",
    "image_url": "https://cdn1.woolworths.media/content/wowproductimages/large/902973.jpg",
    "source_id": "Woolworths - 902973",
    "barcode": "9349622000397",
    "shop": "Woolworths",
    "weight": "1L",
    "prices": [
      {
        "state": "VIC",
        "price": "250",
        "price_per_unit": "769",
        "price_unit": "L"
      }
    ]
  },
  {
    "source_url": "https://www.woolworths.com.au/shop/productdetails/134651/remedy-switchel-pineapple",
    "name": "Remedy Switchel Pineapple 750ml",
    "image_url": "https://cdn1.woolworths.media/content/wowproductimages/large/134651.jpg",
    "source_id": "Woolworths - 134651",
    "barcode": "9350271002281",
    "shop": "Woolworths",
    "weight": "1L",
    "prices": []
  },
  {
    "source_url": "https://www.woolworths.com.au/shop/productdetails/896477/sanpellegrino-sparkling-mineral-water-blood-orange-black-raspberry-cans",
    "name": "Sanpellegrino Sparkling Mineral Water Blood Orange & Black Raspberry Cans 330mL x 4 pack",
    "image_url": "https://cdn1.woolworths.media/content/wowproductimages/large/896477.jpg",
    "source_id": "Woolworths - 896477",
    "barcode": "8002270176920",
    "shop": "Woolworths",
    "weight": "1L",
    "prices": [
      {
        "state": "VIC",
        "price": "595",
        "price_per_unit": "451",
        "price_unit": "L"
      },
      {
        "state": "SA",
        "price": "595",
        "price_per_unit": "451",
        "price_unit": "L"
      },
      {
        "state": "TAS",
        "price": "595",
        "price_per_unit": "451",
        "price_unit": "L"
      },
      {
        "state": "ACT",
        "price": "595",
        "price_per_unit": "451",
        "price_unit": "L"
      }
    ]
  },
  {
    "source_url": "https://www.woolworths.com.au/shop/productdetails/893644/sanpellegrino-sparkling-mineral-water-lemon-lemon-zest-cans",
    "name": "Sanpellegrino Sparkling Mineral Water Lemon & Lemon Zest Cans 330mL x 4 pack",
    "image_url": "https://cdn1.woolworths.media/content/wowproductimages/large/893644.jpg",
    "source_id": "Woolworths - 893644",
    "barcode": "8002270116919",
    "shop": "Woolworths",
    "weight": "1L",
    "prices": [
      {
        "state": "VIC",
        "price": "595",
        "price_per_unit": "595",
        "price_unit": "L"
      },
      {
        "state": "WA",
        "price": "595",
        "price_per_unit": "595",
        "price_unit": "L"
      },
      {
        "state": "SA",
        "price": "595",
        "price_per_unit": "595",
        "price_unit": "L"
      }
    ]
  },
  {
    "source_url": "https://www.woolworths.com.au/shop/productdetails/80533/schweppes-zero-sugar-blood-orange-mango-infused-mineral-water-bottle",
    "name": "Schweppes Zero Sugar Blood Orange Mango Infused Mineral Water Bottle 1.1l",
    "image_url": "https://cdn1.woolworths.media/content/wowproductimages/large/080533.jpg",
    "source_id": "Woolworths - 80533",
    "barcode": "9315596007564",
    "shop": "Woolworths",
    "weight": "1L",
    "prices": [
      {
        "state": "VIC",
        "price": "300",
        "price_per_unit": "273",
        "price_unit": "L"
      },
      {
        "state": "WA",
        "price": "300",
        "price_per_unit": "273",
        "price_unit": "L"
      },
      {
        "state": "SA",
        "price": "300",
        "price_per_unit": "273",
        "price_unit": "L"
      },
      {
        "state": "TAS",
        "price": "300",
        "price_per_unit": "273",
        "price_unit": "L"
      },
      {
        "state": "ACT",
        "price": "300",
        "price_per_unit": "273",
        "price_unit": "L"
      }
    ]
  },
  {
    "source_url": "https://www.woolworths.com.au/shop/productdetails/280288/schweppes-zero-sugar-passionfruit-pineapple-infused-water-cans",
    "name": "Schweppes Zero Sugar Passionfruit Pineapple Infused Water Cans 375ml x 10 Pack",
    "image_url": "https://cdn1.woolworths.media/content/wowproductimages/large/280288.jpg",
    "source_id": "Woolworths - 280288",
    "barcode": "9315596008561",
    "shop": "Woolworths",
    "weight": "1L",
    "prices": [
      {
        "state": "VIC",
        "price": "900",
        "price_per_unit": "240",
        "price_unit": "L"
      },
      {
        "state": "WA",
        "price": "900",
        "price_per_unit": "240",
        "price_unit": "L"
      },
      {
        "state": "SA",
        "price": "900",
        "price_per_unit": "240",
        "price_unit": "L"
      },
      {
        "state": "TAS",
        "price": "900",
        "price_per_unit": "240",
        "price_unit": "L"
      },
      {
        "state": "ACT",
        "price": "900",
        "price_per_unit": "240",
        "price_unit": "L"
      }
    ]
  },
  {
    "source_url": "https://www.woolworths.com.au/shop/productdetails/229781/strangelove-pineapple-sparkling-water-zero-sugar-all-natural-cans",
    "name": "StrangeLove Pineapple Sparkling Water Zero Sugar All Natural Cans 4 x330ml",
    "image_url": "https://cdn1.woolworths.media/content/wowproductimages/large/229781.jpg",
    "source_id": "Woolworths - 229781",
    "barcode": "9349249002200",
    "shop": "Woolworths",
    "weight": "1L",
    "prices": [
      {
        "state": "VIC",
        "price": "560",
        "price_per_unit": "424",
        "price_unit": "L"
      },
      {
        "state": "SA",
        "price": "560",
        "price_per_unit": "424",
        "price_unit": "L"
      }
    ]
  },
  {
    "source_url": "https://www.woolworths.com.au/shop/productdetails/394268/strangelove-sparkling-water-tangerine",
    "name": "StrangeLove Sparkling Water Tangerine 330ml x 4 Pack",
    "image_url": "https://cdn1.woolworths.media/content/wowproductimages/large/394268.jpg",
    "source_id": "Woolworths - 394268",
    "barcode": "9349249004099",
    "shop": "Woolworths",
    "weight": "1L",
    "prices": [
      {
        "state": "VIC",
        "price": "560",
        "price_per_unit": "424",
        "price_unit": "L"
      },
      {
        "state": "SA",
        "price": "560",
        "price_per_unit": "424",
        "price_unit": "L"
      }
    ]
  },
  {
    "source_url": "https://www.woolworths.com.au/shop/productdetails/821995/waterfords-lite-fruity-blackcurrant",
    "name": "Waterfords Lite & Fruity Blackcurrant 1l",
    "image_url": "https://cdn1.woolworths.media/content/wowproductimages/large/821995.jpg",
    "source_id": "Woolworths - 821995",
    "barcode": "9345905007015",
    "shop": "Woolworths",
    "weight": "1L",
    "prices": [
      {
        "state": "VIC",
        "price": "200",
        "price_per_unit": "200",
        "price_unit": "L"
      },
      {
        "state": "WA",
        "price": "185",
        "price_per_unit": "185",
        "price_unit": "L"
      },
      {
        "state": "SA",
        "price": "200",
        "price_per_unit": "200",
        "price_unit": "L"
      },
      {
        "state": "ACT",
        "price": "200",
        "price_per_unit": "200",
        "price_unit": "L"
      }
    ]
  },
  {
    "source_url": "https://www.woolworths.com.au/shop/productdetails/697308/waterfords-lite-fruity-orange-passion",
    "name": "Waterfords Lite & Fruity Orange Passion 1l",
    "image_url": "https://cdn1.woolworths.media/content/wowproductimages/large/697308.jpg",
    "source_id": "Woolworths - 697308",
    "barcode": "9345905006148",
    "shop": "Woolworths",
    "weight": "1L",
    "prices": [
      {
        "state": "VIC",
        "price": "200",
        "price_per_unit": "200",
        "price_unit": "L"
      },
      {
        "state": "WA",
        "price": "185",
        "price_per_unit": "185",
        "price_unit": "L"
      },
      {
        "state": "SA",
        "price": "200",
        "price_per_unit": "200",
        "price_unit": "L"
      },
      {
        "state": "ACT",
        "price": "200",
        "price_per_unit": "200",
        "price_unit": "L"
      },
      {
        "state": "NT",
        "price": "210",
        "price_per_unit": "210",
        "price_unit": "L"
      }
    ]
  },
  {
    "source_url": "https://www.woolworths.com.au/shop/productdetails/130685/woolworths-diet-apple-berry-flavoured-sparkling-mineral-water",
    "name": "Woolworths Diet Apple & Berry Flavoured Sparkling Mineral Water 1.25l",
    "image_url": "https://cdn1.woolworths.media/content/wowproductimages/large/130685.jpg",
    "source_id": "Woolworths - 130685",
    "barcode": "9339687219629",
    "shop": "Woolworths",
    "weight": "1L",
    "prices": [
      {
        "state": "VIC",
        "price": "130",
        "price_per_unit": "104",
        "price_unit": "L"
      },
      {
        "state": "QLD",
        "price": "130",
        "price_per_unit": "104",
        "price_unit": "L"
      },
      {
        "state": "WA",
        "price": "130",
        "price_per_unit": "104",
        "price_unit": "L"
      },
      {
        "state": "ACT",
        "price": "130",
        "price_per_unit": "104",
        "price_unit": "L"
      },
      {
        "state": "NT",
        "price": "130",
        "price_per_unit": "104",
        "price_unit": "L"
      }
    ]
  },
  {
    "source_url": "https://www.woolworths.com.au/shop/productdetails/756078/woolworths-diet-blood-orange-sparkling-mineral-water",
    "name": "Woolworths Diet Blood Orange Sparkling Mineral Water 1.25l",
    "image_url": "https://cdn1.woolworths.media/content/wowproductimages/large/756078.jpg",
    "source_id": "Woolworths - 756078",
    "barcode": "9339687219452",
    "shop": "Woolworths",
    "weight": "1L",
    "prices": [
      {
        "state": "VIC",
        "price": "130",
        "price_per_unit": "104",
        "price_unit": "L"
      },
      {
        "state": "WA",
        "price": "130",
        "price_per_unit": "104",
        "price_unit": "L"
      },
      {
        "state": "NT",
        "price": "130",
        "price_per_unit": "104",
        "price_unit": "L"
      }
    ]
  },
  {
    "source_url": "https://www.woolworths.com.au/shop/productdetails/756077/woolworths-diet-orange-passionfruit-sparkling-mineral-water",
    "name": "Woolworths Diet Orange & Passionfruit Sparkling Mineral Water 1.25l",
    "image_url": "https://cdn1.woolworths.media/content/wowproductimages/large/756077.jpg",
    "source_id": "Woolworths - 756077",
    "barcode": "9339687219445",
    "shop": "Woolworths",
    "weight": "1L",
    "prices": [
      {
        "state": "VIC",
        "price": "130",
        "price_per_unit": "104",
        "price_unit": "L"
      },
      {
        "state": "WA",
        "price": "130",
        "price_per_unit": "104",
        "price_unit": "L"
      },
      {
        "state": "NT",
        "price": "130",
        "price_per_unit": "104",
        "price_unit": "L"
      }
    ]
  },
  {
    "source_url": "https://www.woolworths.com.au/shop/productdetails/756087/woolworths-lightly-sparkling-water-with-lemon",
    "name": "Woolworths Lightly Sparkling Water With Lemon 1.25l",
    "image_url": "https://cdn1.woolworths.media/content/wowproductimages/large/756087.jpg",
    "source_id": "Woolworths - 756087",
    "barcode": "9300633417901",
    "shop": "Woolworths",
    "weight": "1L",
    "prices": [
      {
        "state": "VIC",
        "price": "180",
        "price_per_unit": "144",
        "price_unit": "L"
      },
      {
        "state": "WA",
        "price": "180",
        "price_per_unit": "144",
        "price_unit": "L"
      },
      {
        "state": "SA",
        "price": "180",
        "price_per_unit": "144",
        "price_unit": "L"
      },
      {
        "state": "TAS",
        "price": "180",
        "price_per_unit": "144",
        "price_unit": "L"
      }
    ]
  },
  {
    "source_url": "https://www.woolworths.com.au/shop/productdetails/390746/hello-sunshine-20g-protein-shot-iced-coffee",
    "name": "Hello Sunshine 20g Protein Shot Iced Coffee 100ml",
    "image_url": "https://cdn1.woolworths.media/content/wowproductimages/large/390746.jpg",
    "source_id": "Woolworths - 390746",
    "barcode": "9348470001242",
    "shop": "Woolworths",
    "weight": "1L",
    "prices": [
      {
        "state": "ACT",
        "price": "360",
        "price_per_unit": "3600",
        "price_unit": "L"
      }
    ]
  },
  {
    "source_url": "https://www.woolworths.com.au/shop/productdetails/190085/rok-kombucha-berry-beats-bottle",
    "name": "Rok Kombucha Berry Beats Bottle 330ml",
    "image_url": "https://cdn1.woolworths.media/content/wowproductimages/large/190085.jpg",
    "source_id": "Woolworths - 190085",
    "barcode": "9352506000284",
    "shop": "Woolworths",
    "weight": "1L",
    "prices": [
      {
        "state": "WA",
        "price": "470",
        "price_per_unit": "1424",
        "price_unit": "L"
      }
    ]
  },
  {
    "source_url": "https://www.woolworths.com.au/shop/productdetails/190716/rok-kombucha-ginger-pop",
    "name": "Rok Kombucha Ginger Pop 330ml",
    "image_url": "https://cdn1.woolworths.media/content/wowproductimages/large/190716.jpg",
    "source_id": "Woolworths - 190716",
    "barcode": "9352506000277",
    "shop": "Woolworths",
    "weight": "1L",
    "prices": [
      {
        "state": "WA",
        "price": "470",
        "price_per_unit": "1424",
        "price_unit": "L"
      }
    ]
  },
  {
    "source_url": "https://www.woolworths.com.au/shop/productdetails/190947/rok-kombucha-passionfruit-rap",
    "name": "Rok Kombucha Passionfruit Rap 330ml",
    "image_url": "https://cdn1.woolworths.media/content/wowproductimages/large/190947.jpg",
    "source_id": "Woolworths - 190947",
    "barcode": "9352506000291",
    "shop": "Woolworths",
    "weight": "1L",
    "prices": [
      {
        "state": "WA",
        "price": "470",
        "price_per_unit": "1424",
        "price_unit": "L"
      }
    ]
  },
  {
    "source_url": "https://www.woolworths.com.au/shop/productdetails/672554/waterfords-mineral-water-apple-berry",
    "name": "Waterfords Mineral Water Apple Berry 1l",
    "image_url": "https://cdn1.woolworths.media/content/wowproductimages/large/672554.jpg",
    "source_id": "Woolworths - 672554",
    "barcode": "9345905006124",
    "shop": "Woolworths",
    "weight": "1L",
    "prices": [
      {
        "state": "WA",
        "price": "185",
        "price_per_unit": "185",
        "price_unit": "L"
      },
      {
        "state": "SA",
        "price": "200",
        "price_per_unit": "200",
        "price_unit": "L"
      },
      {
        "state": "ACT",
        "price": "200",
        "price_per_unit": "200",
        "price_unit": "L"
      },
      {
        "state": "NT",
        "price": "210",
        "price_per_unit": "210",
        "price_unit": "L"
      }
    ]
  },
  {
    "source_url": "https://www.woolworths.com.au/shop/productdetails/672553/waterfords-mineral-water-lemon-lime-bitters",
    "name": "Waterfords Mineral Water Lemon Lime & Bitters 1l",
    "image_url": "https://cdn1.woolworths.media/content/wowproductimages/large/672553.jpg",
    "source_id": "Woolworths - 672553",
    "barcode": "9345905006155",
    "shop": "Woolworths",
    "weight": "1L",
    "prices": [
      {
        "state": "WA",
        "price": "185",
        "price_per_unit": "185",
        "price_unit": "L"
      },
      {
        "state": "SA",
        "price": "200",
        "price_per_unit": "200",
        "price_unit": "L"
      },
      {
        "state": "ACT",
        "price": "200",
        "price_per_unit": "200",
        "price_unit": "L"
      },
      {
        "state": "NT",
        "price": "210",
        "price_per_unit": "210",
        "price_unit": "L"
      }
    ]
  },
  {
    "source_url": "https://www.woolworths.com.au/shop/productdetails/672555/waterfords-mineral-water-tahitian-lime",
    "name": "Waterfords Mineral Water Tahitian Lime 1l",
    "image_url": "https://cdn1.woolworths.media/content/wowproductimages/large/672555.jpg",
    "source_id": "Woolworths - 672555",
    "barcode": "9345905006131",
    "shop": "Woolworths",
    "weight": "1L",
    "prices": [
      {
        "state": "WA",
        "price": "185",
        "price_per_unit": "185",
        "price_unit": "L"
      },
      {
        "state": "ACT",
        "price": "200",
        "price_per_unit": "200",
        "price_unit": "L"
      },
      {
        "state": "NT",
        "price": "210",
        "price_per_unit": "210",
        "price_unit": "L"
      }
    ]
  },
  {
    "source_url": "https://www.woolworths.com.au/shop/productdetails/130686/woolworths-lightly-sparkling-berry-infusions-spring-water",
    "name": "Woolworths Lightly Sparkling Berry Infusions Spring Water 1.25l",
    "image_url": "https://cdn1.woolworths.media/content/wowproductimages/large/130686.jpg",
    "source_id": "Woolworths - 130686",
    "barcode": "9339687219636",
    "shop": "Woolworths",
    "weight": "1L",
    "prices": [
      {
        "state": "WA",
        "price": "180",
        "price_per_unit": "144",
        "price_unit": "L"
      }
    ]
  },
  {
    "source_url": "https://www.woolworths.com.au/shop/productdetails/36201/jiva-kombucha-watermelon-mint",
    "name": "Jiva Kombucha Watermelon & Mint 750ml",
    "image_url": "https://cdn1.woolworths.media/content/wowproductimages/large/036201.jpg",
    "source_id": "Woolworths - 36201",
    "barcode": "784927331200",
    "shop": "Woolworths",
    "weight": "1L",
    "prices": [
      {
        "state": "SA",
        "price": "600",
        "price_per_unit": "800",
        "price_unit": "L"
      },
      {
        "state": "TAS",
        "price": "600",
        "price_per_unit": "800",
        "price_unit": "L"
      }
    ]
  }
]