[
  {
    "source_url": "https://www.woolworths.com.au/shop/productdetails/78648/air-wick-botanica-caribbean-vetiver-sandalwood-candle",
    "name": "Air Wick Botanica Caribbean Vetiver & Sandalwood Candle 205g",
    "image_url": "https://cdn1.woolworths.media/content/wowproductimages/large/078648.jpg",
    "source_id": "Woolworths - 78648",
    "barcode": "9300701111946",
    "category_id": "1_2432B58",
    "shop": "Woolworths",
    "weight": "1EA",
    "prices": [
      {
        "state": "NSW",
        "price": "2000",
        "price_per_unit": "2000",
        "price_unit": "EA"
      },
      {
        "state": "VIC",
        "price": "2000",
        "price_per_unit": "2000",
        "price_unit": "EA"
      },
      {
        "state": "QLD",
        "price": "2000",
        "price_per_unit": "2000",
        "price_unit": "EA"
      },
      {
        "state": "WA",
        "price": "2000",
        "price_per_unit": "2000",
        "price_unit": "EA"
      },
      {
        "state": "SA",
        "price": "2000",
        "price_per_unit": "2000",
        "price_unit": "EA"
      },
      {
        "state": "TAS",
        "price": "2000",
        "price_per_unit": "2000",
        "price_unit": "EA"
      },
      {
        "state": "ACT",
        "price": "2000",
        "price_per_unit": "2000",
        "price_unit": "EA"
      },
      {
        "state": "NT",
        "price": "2000",
        "price_per_unit": "2000",
        "price_unit": "EA"
      }
    ]
  },
  {
    "source_url": "https://www.woolworths.com.au/shop/productdetails/264166/air-wick-botanica-jasmine-cinnamon-automatic-air-freshener",
    "name": "Air Wick Botanica Jasmine & Cinnamon Automatic Air Freshener 224mL",
    "image_url": "https://cdn1.woolworths.media/content/wowproductimages/large/264166.jpg",
    "source_id": "Woolworths - 264166",
    "barcode": "9300701790028",
    "category_id": "1_2432B58",
    "shop": "Woolworths",
    "weight": "100ML",
    "prices": [
      {
        "state": "NSW",
        "price": "2600",
        "price_per_unit": "1161",
        "price_unit": "ML"
      },
      {
        "state": "VIC",
        "price": "2600",
        "price_per_unit": "1161",
        "price_unit": "ML"
      },
      {
        "state": "QLD",
        "price": "2600",
        "price_per_unit": "1161",
        "price_unit": "ML"
      },
      {
        "state": "WA",
        "price": "2600",
        "price_per_unit": "1161",
        "price_unit": "ML"
      },
      {
        "state": "SA",
        "price": "2600",
        "price_per_unit": "1161",
        "price_unit": "ML"
      },
      {
        "state": "TAS",
        "price": "2600",
        "price_per_unit": "1161",
        "price_unit": "ML"
      },
      {
        "state": "ACT",
        "price": "2600",
        "price_per_unit": "1161",
        "price_unit": "ML"
      },
      {
        "state": "NT",
        "price": "2730",
        "price_per_unit": "1219",
        "price_unit": "ML"
      }
    ]
  },
  {
    "source_url": "https://www.woolworths.com.au/shop/productdetails/264159/air-wick-botanica-vanilla-magnolia-automatic-air-freshener",
    "name": "Air Wick Botanica Vanilla & Magnolia Automatic Air Freshener 224mL",
    "image_url": "https://cdn1.woolworths.media/content/wowproductimages/large/264159.jpg",
    "source_id": "Woolworths - 264159",
    "barcode": "9300701790011",
    "category_id": "1_2432B58",
    "shop": "Woolworths",
    "weight": "100ML",
    "prices": [
      {
        "state": "NSW",
        "price": "2600",
        "price_per_unit": "1161",
        "price_unit": "ML"
      },
      {
        "state": "VIC",
        "price": "2600",
        "price_per_unit": "1161",
        "price_unit": "ML"
      },
      {
        "state": "QLD",
        "price": "2600",
        "price_per_unit": "1161",
        "price_unit": "ML"
      },
      {
        "state": "WA",
        "price": "2600",
        "price_per_unit": "1161",
        "price_unit": "ML"
      },
      {
        "state": "SA",
        "price": "2600",
        "price_per_unit": "1161",
        "price_unit": "ML"
      },
      {
        "state": "TAS",
        "price": "2600",
        "price_per_unit": "1161",
        "price_unit": "ML"
      },
      {
        "state": "ACT",
        "price": "2600",
        "price_per_unit": "1161",
        "price_unit": "ML"
      },
      {
        "state": "NT",
        "price": "2730",
        "price_per_unit": "1219",
        "price_unit": "ML"
      }
    ]
  },
  {
    "source_url": "https://www.woolworths.com.au/shop/productdetails/264213/air-wick-botanica-vanilla-magnolia-automatic-air-freshener-refill",
    "name": "Air Wick Botanica Vanilla & Magnolia Automatic Air Freshener Refill 224mL",
    "image_url": "https://cdn1.woolworths.media/content/wowproductimages/large/264213.jpg",
    "source_id": "Woolworths - 264213",
    "barcode": "9300701790035",
    "category_id": "1_2432B58",
    "shop": "Woolworths",
    "weight": "100ML",
    "prices": [
      {
        "state": "NSW",
        "price": "1500",
        "price_per_unit": "670",
        "price_unit": "ML"
      },
      {
        "state": "VIC",
        "price": "1500",
        "price_per_unit": "670",
        "price_unit": "ML"
      },
      {
        "state": "QLD",
        "price": "1500",
        "price_per_unit": "670",
        "price_unit": "ML"
      },
      {
        "state": "WA",
        "price": "1500",
        "price_per_unit": "670",
        "price_unit": "ML"
      },
      {
        "state": "SA",
        "price": "1500",
        "price_per_unit": "670",
        "price_unit": "ML"
      },
      {
        "state": "TAS",
        "price": "1500",
        "price_per_unit": "670",
        "price_unit": "ML"
      },
      {
        "state": "ACT",
        "price": "1500",
        "price_per_unit": "670",
        "price_unit": "ML"
      },
      {
        "state": "NT",
        "price": "1575",
        "price_per_unit": "703",
        "price_unit": "ML"
      }
    ]
  },
  {
    "source_url": "https://www.woolworths.com.au/shop/productdetails/264215/air-wick-botanica-vetiver-sandalwood-automatic-air-freshener-refill",
    "name": "Air Wick Botanica Vetiver & Sandalwood Automatic Air Freshener Refill 224mL",
    "image_url": "https://cdn1.woolworths.media/content/wowproductimages/large/264215.jpg",
    "source_id": "Woolworths - 264215",
    "barcode": "9300701790059",
    "category_id": "1_2432B58",
    "shop": "Woolworths",
    "weight": "100ML",
    "prices": [
      {
        "state": "NSW",
        "price": "1500",
        "price_per_unit": "670",
        "price_unit": "ML"
      },
      {
        "state": "VIC",
        "price": "1500",
        "price_per_unit": "670",
        "price_unit": "ML"
      },
      {
        "state": "QLD",
        "price": "1500",
        "price_per_unit": "670",
        "price_unit": "ML"
      },
      {
        "state": "SA",
        "price": "1500",
        "price_per_unit": "670",
        "price_unit": "ML"
      },
      {
        "state": "TAS",
        "price": "1500",
        "price_per_unit": "670",
        "price_unit": "ML"
      },
      {
        "state": "ACT",
        "price": "1500",
        "price_per_unit": "670",
        "price_unit": "ML"
      },
      {
        "state": "NT",
        "price": "1575",
        "price_per_unit": "703",
        "price_unit": "ML"
      }
    ]
  },
  {
    "source_url": "https://www.woolworths.com.au/shop/productdetails/907209/air-wick-cake-delights-reed-diffuser",
    "name": "Air Wick Cake Delights Reed Diffuser 30ml",
    "image_url": "https://cdn1.woolworths.media/content/wowproductimages/large/907209.jpg",
    "source_id": "Woolworths - 907209",
    "barcode": "9300701839703",
    "category_id": "1_2432B58",
    "shop": "Woolworths",
    "weight": "100ML",
    "prices": [
      {
        "state": "NSW",
        "price": "1400",
        "price_per_unit": "4667",
        "price_unit": "ML"
      },
      {
        "state": "VIC",
        "price": "1400",
        "price_per_unit": "4667",
        "price_unit": "ML"
      },
      {
        "state": "QLD",
        "price": "1400",
        "price_per_unit": "4667",
        "price_unit": "ML"
      },
      {
        "state": "WA",
        "price": "1400",
        "price_per_unit": "4667",
        "price_unit": "ML"
      },
      {
        "state": "SA",
        "price": "1400",
        "price_per_unit": "4667",
        "price_unit": "ML"
      },
      {
        "state": "TAS",
        "price": "1400",
        "price_per_unit": "4667",
        "price_unit": "ML"
      },
      {
        "state": "ACT",
        "price": "1400",
        "price_per_unit": "4667",
        "price_unit": "ML"
      },
      {
        "state": "NT",
        "price": "1470",
        "price_per_unit": "4900",
        "price_unit": "ML"
      }
    ]
  },
  {
    "source_url": "https://www.woolworths.com.au/shop/productdetails/741167/air-wick-essential-oils-blackberry-vanilla-silk-reed-diffuser",
    "name": "Air Wick Essential Oils Blackberry & Vanilla Silk Reed Diffuser 50ml",
    "image_url": "https://cdn1.woolworths.media/content/wowproductimages/large/741167.jpg",
    "source_id": "Woolworths - 741167",
    "barcode": "9300701005115",
    "category_id": "1_2432B58",
    "shop": "Woolworths",
    "weight": "10ML",
    "prices": [
      {
        "state": "NSW",
        "price": "700",
        "price_per_unit": "140",
        "price_unit": "ML"
      },
      {
        "state": "VIC",
        "price": "700",
        "price_per_unit": "140",
        "price_unit": "ML"
      },
      {
        "state": "QLD",
        "price": "700",
        "price_per_unit": "140",
        "price_unit": "ML"
      },
      {
        "state": "WA",
        "price": "700",
        "price_per_unit": "140",
        "price_unit": "ML"
      },
      {
        "state": "SA",
        "price": "700",
        "price_per_unit": "140",
        "price_unit": "ML"
      },
      {
        "state": "TAS",
        "price": "700",
        "price_per_unit": "140",
        "price_unit": "ML"
      },
      {
        "state": "ACT",
        "price": "700",
        "price_per_unit": "140",
        "price_unit": "ML"
      },
      {
        "state": "NT",
        "price": "735",
        "price_per_unit": "147",
        "price_unit": "ML"
      }
    ]
  },
  {
    "source_url": "https://www.woolworths.com.au/shop/productdetails/741135/air-wick-essential-oils-freesia-jasmine-reed-diffuser",
    "name": "Air Wick Essential Oils Freesia & Jasmine Reed Diffuser 50ml",
    "image_url": "https://cdn1.woolworths.media/content/wowproductimages/large/741135.jpg",
    "source_id": "Woolworths - 741135",
    "barcode": "9300701005061",
    "category_id": "1_2432B58",
    "shop": "Woolworths",
    "weight": "10ML",
    "prices": [
      {
        "state": "NSW",
        "price": "700",
        "price_per_unit": "140",
        "price_unit": "ML"
      },
      {
        "state": "VIC",
        "price": "700",
        "price_per_unit": "140",
        "price_unit": "ML"
      },
      {
        "state": "QLD",
        "price": "700",
        "price_per_unit": "140",
        "price_unit": "ML"
      },
      {
        "state": "WA",
        "price": "700",
        "price_per_unit": "140",
        "price_unit": "ML"
      },
      {
        "state": "SA",
        "price": "700",
        "price_per_unit": "140",
        "price_unit": "ML"
      },
      {
        "state": "TAS",
        "price": "700",
        "price_per_unit": "140",
        "price_unit": "ML"
      },
      {
        "state": "ACT",
        "price": "700",
        "price_per_unit": "140",
        "price_unit": "ML"
      },
      {
        "state": "NT",
        "price": "735",
        "price_per_unit": "147",
        "price_unit": "ML"
      }
    ]
  },
  {
    "source_url": "https://www.woolworths.com.au/shop/productdetails/844652/air-wick-essential-oils-freshmatic-moon-lily-air-freshener-refill",
    "name": "Air Wick Essential Oils Freshmatic Moon Lily Air Freshener Refill 174g",
    "image_url": "https://cdn1.woolworths.media/content/wowproductimages/large/844652.jpg",
    "source_id": "Woolworths - 844652",
    "barcode": "9300701741143",
    "category_id": "1_2432B58",
    "shop": "Woolworths",
    "weight": "100G",
    "prices": [
      {
        "state": "NSW",
        "price": "1100",
        "price_per_unit": "632",
        "price_unit": "G"
      },
      {
        "state": "VIC",
        "price": "1100",
        "price_per_unit": "632",
        "price_unit": "G"
      },
      {
        "state": "QLD",
        "price": "1100",
        "price_per_unit": "632",
        "price_unit": "G"
      },
      {
        "state": "WA",
        "price": "1100",
        "price_per_unit": "632",
        "price_unit": "G"
      },
      {
        "state": "SA",
        "price": "1100",
        "price_per_unit": "632",
        "price_unit": "G"
      },
      {
        "state": "TAS",
        "price": "1100",
        "price_per_unit": "632",
        "price_unit": "G"
      },
      {
        "state": "ACT",
        "price": "1100",
        "price_per_unit": "632",
        "price_unit": "G"
      },
      {
        "state": "NT",
        "price": "1100",
        "price_per_unit": "632",
        "price_unit": "G"
      }
    ]
  },
  {
    "source_url": "https://www.woolworths.com.au/shop/productdetails/817003/air-wick-essential-oils-freshmatic-vanilla-air-freshener",
    "name": "Air Wick Essential Oils Freshmatic Vanilla Air Freshener 174g",
    "image_url": "https://cdn1.woolworths.media/content/wowproductimages/large/817003.jpg",
    "source_id": "Woolworths - 817003",
    "barcode": "9300701495176",
    "category_id": "1_2432B58",
    "shop": "Woolworths",
    "weight": "100G",
    "prices": [
      {
        "state": "NSW",
        "price": "1100",
        "price_per_unit": "632",
        "price_unit": "G"
      },
      {
        "state": "VIC",
        "price": "1100",
        "price_per_unit": "632",
        "price_unit": "G"
      },
      {
        "state": "QLD",
        "price": "1100",
        "price_per_unit": "632",
        "price_unit": "G"
      },
      {
        "state": "WA",
        "price": "1100",
        "price_per_unit": "632",
        "price_unit": "G"
      },
      {
        "state": "SA",
        "price": "1100",
        "price_per_unit": "632",
        "price_unit": "G"
      },
      {
        "state": "TAS",
        "price": "1100",
        "price_per_unit": "632",
        "price_unit": "G"
      },
      {
        "state": "ACT",
        "price": "1100",
        "price_per_unit": "632",
        "price_unit": "G"
      },
      {
        "state": "NT",
        "price": "1155",
        "price_per_unit": "664",
        "price_unit": "G"
      }
    ]
  },
  {
    "source_url": "https://www.woolworths.com.au/shop/productdetails/816991/air-wick-essential-oils-freshmatic-vanilla-air-freshener-refill",
    "name": "Air Wick Essential Oils Freshmatic Vanilla Air Freshener Refill 174g",
    "image_url": "https://cdn1.woolworths.media/content/wowproductimages/large/816991.jpg",
    "source_id": "Woolworths - 816991",
    "barcode": "9300701741129",
    "category_id": "1_2432B58",
    "shop": "Woolworths",
    "weight": "100G",
    "prices": [
      {
        "state": "NSW",
        "price": "1100",
        "price_per_unit": "632",
        "price_unit": "G"
      },
      {
        "state": "VIC",
        "price": "1100",
        "price_per_unit": "632",
        "price_unit": "G"
      },
      {
        "state": "QLD",
        "price": "1100",
        "price_per_unit": "632",
        "price_unit": "G"
      },
      {
        "state": "WA",
        "price": "1100",
        "price_per_unit": "632",
        "price_unit": "G"
      },
      {
        "state": "SA",
        "price": "1100",
        "price_per_unit": "632",
        "price_unit": "G"
      },
      {
        "state": "TAS",
        "price": "1100",
        "price_per_unit": "632",
        "price_unit": "G"
      },
      {
        "state": "ACT",
        "price": "1100",
        "price_per_unit": "632",
        "price_unit": "G"
      },
      {
        "state": "NT",
        "price": "1100",
        "price_per_unit": "632",
        "price_unit": "G"
      }
    ]
  },
  {
    "source_url": "https://www.woolworths.com.au/shop/productdetails/816967/air-wick-essential-oils-vanilla-soft-cashmere-plug-in-diffuser",
    "name": "Air Wick Essential Oils Vanilla & Soft Cashmere Plug-In Diffuser 21ml",
    "image_url": "https://cdn1.woolworths.media/content/wowproductimages/large/816967.jpg",
    "source_id": "Woolworths - 816967",
    "barcode": "9300701781033",
    "category_id": "1_2432B58",
    "shop": "Woolworths",
    "weight": "10ML",
    "prices": [
      {
        "state": "NSW",
        "price": "700",
        "price_per_unit": "333",
        "price_unit": "ML"
      },
      {
        "state": "VIC",
        "price": "700",
        "price_per_unit": "333",
        "price_unit": "ML"
      },
      {
        "state": "QLD",
        "price": "700",
        "price_per_unit": "333",
        "price_unit": "ML"
      },
      {
        "state": "WA",
        "price": "700",
        "price_per_unit": "333",
        "price_unit": "ML"
      },
      {
        "state": "SA",
        "price": "700",
        "price_per_unit": "333",
        "price_unit": "ML"
      },
      {
        "state": "TAS",
        "price": "700",
        "price_per_unit": "333",
        "price_unit": "ML"
      },
      {
        "state": "ACT",
        "price": "700",
        "price_per_unit": "333",
        "price_unit": "ML"
      },
      {
        "state": "NT",
        "price": "735",
        "price_per_unit": "350",
        "price_unit": "ML"
      }
    ]
  },
  {
    "source_url": "https://www.woolworths.com.au/shop/productdetails/326669/air-wick-essential-oils-vanilla-plug-in-diffuser-refill",
    "name": "Air Wick Essential Oils Vanilla Plug-In Diffuser Refill 21ml x 2 pack",
    "image_url": "https://cdn1.woolworths.media/content/wowproductimages/large/326669.jpg",
    "source_id": "Woolworths - 326669",
    "barcode": "9300701042417",
    "category_id": "1_2432B58",
    "shop": "Woolworths",
    "weight": "10ML",
    "prices": [
      {
        "state": "NSW",
        "price": "700",
        "price_per_unit": "167",
        "price_unit": "ML"
      },
      {
        "state": "VIC",
        "price": "700",
        "price_per_unit": "167",
        "price_unit": "ML"
      },
      {
        "state": "QLD",
        "price": "700",
        "price_per_unit": "167",
        "price_unit": "ML"
      },
      {
        "state": "WA",
        "price": "700",
        "price_per_unit": "167",
        "price_unit": "ML"
      },
      {
        "state": "SA",
        "price": "700",
        "price_per_unit": "167",
        "price_unit": "ML"
      },
      {
        "state": "TAS",
        "price": "700",
        "price_per_unit": "167",
        "price_unit": "ML"
      },
      {
        "state": "NT",
        "price": "735",
        "price_per_unit": "175",
        "price_unit": "ML"
      }
    ]
  },
  {
    "source_url": "https://www.woolworths.com.au/shop/productdetails/846998/air-wick-essential-oils-vanilla-plug-in-diffuser-refill",
    "name": "Air Wick Essential Oils Vanilla Plug-In Diffuser Refill 21ml x 3 pack",
    "image_url": "https://cdn1.woolworths.media/content/wowproductimages/large/846998.jpg",
    "source_id": "Woolworths - 846998",
    "barcode": "9300701755287",
    "category_id": "1_2432B58",
    "shop": "Woolworths",
    "weight": "10ML",
    "prices": [
      {
        "state": "NSW",
        "price": "1800",
        "price_per_unit": "286",
        "price_unit": "ML"
      },
      {
        "state": "VIC",
        "price": "1800",
        "price_per_unit": "286",
        "price_unit": "ML"
      },
      {
        "state": "QLD",
        "price": "1800",
        "price_per_unit": "286",
        "price_unit": "ML"
      },
      {
        "state": "SA",
        "price": "1800",
        "price_per_unit": "286",
        "price_unit": "ML"
      },
      {
        "state": "TAS",
        "price": "1800",
        "price_per_unit": "286",
        "price_unit": "ML"
      },
      {
        "state": "ACT",
        "price": "1800",
        "price_per_unit": "286",
        "price_unit": "ML"
      }
    ]
  },
  {
    "source_url": "https://www.woolworths.com.au/shop/productdetails/706072/air-wick-lavender-air-freshener-spray",
    "name": "Air Wick Lavender Air Freshener Spray 237g",
    "image_url": "https://cdn1.woolworths.media/content/wowproductimages/large/706072.jpg",
    "source_id": "Woolworths - 706072",
    "barcode": "9300701417482",
    "category_id": "1_2432B58",
    "shop": "Woolworths",
    "weight": "100G",
    "prices": [
      {
        "state": "NSW",
        "price": "350",
        "price_per_unit": "148",
        "price_unit": "G"
      },
      {
        "state": "VIC",
        "price": "350",
        "price_per_unit": "148",
        "price_unit": "G"
      },
      {
        "state": "QLD",
        "price": "350",
        "price_per_unit": "148",
        "price_unit": "G"
      },
      {
        "state": "WA",
        "price": "350",
        "price_per_unit": "148",
        "price_unit": "G"
      },
      {
        "state": "SA",
        "price": "350",
        "price_per_unit": "148",
        "price_unit": "G"
      },
      {
        "state": "TAS",
        "price": "350",
        "price_per_unit": "148",
        "price_unit": "G"
      },
      {
        "state": "ACT",
        "price": "350",
        "price_per_unit": "148",
        "price_unit": "G"
      },
      {
        "state": "NT",
        "price": "360",
        "price_per_unit": "152",
        "price_unit": "G"
      }
    ]
  },
  {
    "source_url": "https://www.woolworths.com.au/shop/productdetails/841713/air-wick-life-scents-mystical-garden-reed",
    "name": "Air Wick Life Scents Mystical Garden Reed 30ml",
    "image_url": "https://cdn1.woolworths.media/content/wowproductimages/large/841713.jpg",
    "source_id": "Woolworths - 841713",
    "barcode": "9300701082819",
    "category_id": "1_2432B58",
    "shop": "Woolworths",
    "weight": "10ML",
    "prices": [
      {
        "state": "NSW",
        "price": "1400",
        "price_per_unit": "467",
        "price_unit": "ML"
      },
      {
        "state": "VIC",
        "price": "1400",
        "price_per_unit": "467",
        "price_unit": "ML"
      },
      {
        "state": "QLD",
        "price": "1400",
        "price_per_unit": "467",
        "price_unit": "ML"
      },
      {
        "state": "WA",
        "price": "1400",
        "price_per_unit": "467",
        "price_unit": "ML"
      },
      {
        "state": "SA",
        "price": "1400",
        "price_per_unit": "467",
        "price_unit": "ML"
      },
      {
        "state": "TAS",
        "price": "1400",
        "price_per_unit": "467",
        "price_unit": "ML"
      },
      {
        "state": "ACT",
        "price": "1400",
        "price_per_unit": "467",
        "price_unit": "ML"
      },
      {
        "state": "NT",
        "price": "1470",
        "price_per_unit": "490",
        "price_unit": "ML"
      }
    ]
  },
  {
    "source_url": "https://www.woolworths.com.au/shop/productdetails/84126/air-wick-mini-scents-frangipani-decorative-air-fresheners",
    "name": "Air Wick Mini Scents Frangipani Decorative Air Fresheners 60g x 2 pack",
    "image_url": "https://cdn1.woolworths.media/content/wowproductimages/large/084126.jpg",
    "source_id": "Woolworths - 84126",
    "barcode": "9300701950552",
    "category_id": "1_2432B58",
    "shop": "Woolworths",
    "weight": "10G",
    "prices": [
      {
        "state": "NSW",
        "price": "500",
        "price_per_unit": "42",
        "price_unit": "G"
      },
      {
        "state": "VIC",
        "price": "500",
        "price_per_unit": "42",
        "price_unit": "G"
      },
      {
        "state": "QLD",
        "price": "500",
        "price_per_unit": "42",
        "price_unit": "G"
      },
      {
        "state": "WA",
        "price": "500",
        "price_per_unit": "42",
        "price_unit": "G"
      },
      {
        "state": "SA",
        "price": "500",
        "price_per_unit": "42",
        "price_unit": "G"
      },
      {
        "state": "TAS",
        "price": "500",
        "price_per_unit": "42",
        "price_unit": "G"
      },
      {
        "state": "ACT",
        "price": "500",
        "price_per_unit": "42",
        "price_unit": "G"
      },
      {
        "state": "NT",
        "price": "500",
        "price_per_unit": "42",
        "price_unit": "G"
      }
    ]
  },
  {
    "source_url": "https://www.woolworths.com.au/shop/productdetails/202573/air-wick-pure-blue-mountains-breeze-air-freshener-spray",
    "name": "Air Wick Pure Blue Mountains Breeze Air Freshener Spray 159g",
    "image_url": "https://cdn1.woolworths.media/content/wowproductimages/large/202573.jpg",
    "source_id": "Woolworths - 202573",
    "barcode": "9300701477776",
    "category_id": "1_2432B58",
    "shop": "Woolworths",
    "weight": "100G",
    "prices": [
      {
        "state": "NSW",
        "price": "800",
        "price_per_unit": "503",
        "price_unit": "G"
      },
      {
        "state": "VIC",
        "price": "800",
        "price_per_unit": "503",
        "price_unit": "G"
      },
      {
        "state": "QLD",
        "price": "800",
        "price_per_unit": "503",
        "price_unit": "G"
      },
      {
        "state": "WA",
        "price": "800",
        "price_per_unit": "503",
        "price_unit": "G"
      },
      {
        "state": "SA",
        "price": "800",
        "price_per_unit": "503",
        "price_unit": "G"
      },
      {
        "state": "TAS",
        "price": "800",
        "price_per_unit": "503",
        "price_unit": "G"
      },
      {
        "state": "ACT",
        "price": "800",
        "price_per_unit": "503",
        "price_unit": "G"
      },
      {
        "state": "NT",
        "price": "840",
        "price_per_unit": "528",
        "price_unit": "G"
      }
    ]
  },
  {
    "source_url": "https://www.woolworths.com.au/shop/productdetails/202942/air-wick-pure-blue-mountains-breeze-reed-diffuser",
    "name": "Air Wick Pure Blue Mountains Breeze Reed Diffuser 30ml",
    "image_url": "https://cdn1.woolworths.media/content/wowproductimages/large/202942.jpg",
    "source_id": "Woolworths - 202942",
    "barcode": "9300701036812",
    "category_id": "1_2432B58",
    "shop": "Woolworths",
    "weight": "10ML",
    "prices": [
      {
        "state": "NSW",
        "price": "700",
        "price_per_unit": "233",
        "price_unit": "ML"
      },
      {
        "state": "VIC",
        "price": "700",
        "price_per_unit": "233",
        "price_unit": "ML"
      },
      {
        "state": "QLD",
        "price": "700",
        "price_per_unit": "233",
        "price_unit": "ML"
      },
      {
        "state": "WA",
        "price": "700",
        "price_per_unit": "233",
        "price_unit": "ML"
      },
      {
        "state": "SA",
        "price": "700",
        "price_per_unit": "233",
        "price_unit": "ML"
      },
      {
        "state": "TAS",
        "price": "700",
        "price_per_unit": "233",
        "price_unit": "ML"
      },
      {
        "state": "ACT",
        "price": "700",
        "price_per_unit": "233",
        "price_unit": "ML"
      },
      {
        "state": "NT",
        "price": "735",
        "price_per_unit": "245",
        "price_unit": "ML"
      }
    ]
  },
  {
    "source_url": "https://www.woolworths.com.au/shop/productdetails/817000/air-wick-pure-cherry-blossom-plug-in-diffuser-refill",
    "name": "Air Wick Pure Cherry Blossom Plug-In Diffuser Refill 19ml x 2 pack",
    "image_url": "https://cdn1.woolworths.media/content/wowproductimages/large/817000.jpg",
    "source_id": "Woolworths - 817000",
    "barcode": "9300701744267",
    "category_id": "1_2432B58",
    "shop": "Woolworths",
    "weight": "10ML",
    "prices": [
      {
        "state": "NSW",
        "price": "1400",
        "price_per_unit": "737",
        "price_unit": "ML"
      },
      {
        "state": "VIC",
        "price": "1400",
        "price_per_unit": "737",
        "price_unit": "ML"
      },
      {
        "state": "WA",
        "price": "1400",
        "price_per_unit": "737",
        "price_unit": "ML"
      },
      {
        "state": "SA",
        "price": "1400",
        "price_per_unit": "737",
        "price_unit": "ML"
      },
      {
        "state": "ACT",
        "price": "1400",
        "price_per_unit": "737",
        "price_unit": "ML"
      },
      {
        "state": "NT",
        "price": "1470",
        "price_per_unit": "774",
        "price_unit": "ML"
      }
    ]
  },
  {
    "source_url": "https://www.woolworths.com.au/shop/productdetails/676392/air-wick-pure-freshmatic-cherry-blossom-air-freshener",
    "name": "Air Wick Pure Freshmatic Cherry Blossom Air Freshener 157g",
    "image_url": "https://cdn1.woolworths.media/content/wowproductimages/large/676392.jpg",
    "source_id": "Woolworths - 676392",
    "barcode": "9300701495190",
    "category_id": "1_2432B58",
    "shop": "Woolworths",
    "weight": "100G",
    "prices": [
      {
        "state": "NSW",
        "price": "2200",
        "price_per_unit": "1401",
        "price_unit": "G"
      },
      {
        "state": "VIC",
        "price": "2200",
        "price_per_unit": "1401",
        "price_unit": "G"
      },
      {
        "state": "QLD",
        "price": "2200",
        "price_per_unit": "1401",
        "price_unit": "G"
      },
      {
        "state": "WA",
        "price": "2200",
        "price_per_unit": "1401",
        "price_unit": "G"
      },
      {
        "state": "SA",
        "price": "2200",
        "price_per_unit": "1401",
        "price_unit": "G"
      },
      {
        "state": "TAS",
        "price": "2200",
        "price_per_unit": "1401",
        "price_unit": "G"
      },
      {
        "state": "ACT",
        "price": "2200",
        "price_per_unit": "1401",
        "price_unit": "G"
      },
      {
        "state": "NT",
        "price": "2310",
        "price_per_unit": "1471",
        "price_unit": "G"
      }
    ]
  },
  {
    "source_url": "https://www.woolworths.com.au/shop/productdetails/676388/air-wick-pure-freshmatic-cherry-blossom-air-freshener-refill",
    "name": "Air Wick Pure Freshmatic Cherry Blossom Air Freshener Refill 157g",
    "image_url": "https://cdn1.woolworths.media/content/wowproductimages/large/676388.jpg",
    "source_id": "Woolworths - 676388",
    "barcode": "9300701524470",
    "category_id": "1_2432B58",
    "shop": "Woolworths",
    "weight": "100G",
    "prices": [
      {
        "state": "NSW",
        "price": "850",
        "price_per_unit": "541",
        "price_unit": "G"
      },
      {
        "state": "VIC",
        "price": "850",
        "price_per_unit": "541",
        "price_unit": "G"
      },
      {
        "state": "QLD",
        "price": "850",
        "price_per_unit": "541",
        "price_unit": "G"
      },
      {
        "state": "WA",
        "price": "850",
        "price_per_unit": "541",
        "price_unit": "G"
      },
      {
        "state": "SA",
        "price": "850",
        "price_per_unit": "541",
        "price_unit": "G"
      },
      {
        "state": "TAS",
        "price": "850",
        "price_per_unit": "541",
        "price_unit": "G"
      },
      {
        "state": "ACT",
        "price": "850",
        "price_per_unit": "541",
        "price_unit": "G"
      },
      {
        "state": "NT",
        "price": "850",
        "price_per_unit": "541",
        "price_unit": "G"
      }
    ]
  },
  {
    "source_url": "https://www.woolworths.com.au/shop/productdetails/202505/air-wick-pure-tropical-great-barrier-reef-air-freshener-spray",
    "name": "Air Wick Pure Tropical Great Barrier Reef Air Freshener Spray 159g",
    "image_url": "https://cdn1.woolworths.media/content/wowproductimages/large/202505.jpg",
    "source_id": "Woolworths - 202505",
    "barcode": "9300701466664",
    "category_id": "1_2432B58",
    "shop": "Woolworths",
    "weight": "100G",
    "prices": [
      {
        "state": "NSW",
        "price": "800",
        "price_per_unit": "503",
        "price_unit": "G"
      },
      {
        "state": "VIC",
        "price": "800",
        "price_per_unit": "503",
        "price_unit": "G"
      },
      {
        "state": "QLD",
        "price": "800",
        "price_per_unit": "503",
        "price_unit": "G"
      },
      {
        "state": "WA",
        "price": "800",
        "price_per_unit": "503",
        "price_unit": "G"
      },
      {
        "state": "SA",
        "price": "800",
        "price_per_unit": "503",
        "price_unit": "G"
      },
      {
        "state": "TAS",
        "price": "800",
        "price_per_unit": "503",
        "price_unit": "G"
      },
      {
        "state": "ACT",
        "price": "800",
        "price_per_unit": "503",
        "price_unit": "G"
      },
      {
        "state": "NT",
        "price": "840",
        "price_per_unit": "528",
        "price_unit": "G"
      }
    ]
  },
  {
    "source_url": "https://www.woolworths.com.au/shop/productdetails/201830/air-wick-pure-tropical-great-barrier-reef-reed-diffuser",
    "name": "Air Wick Pure Tropical Great Barrier Reef Reed Diffuser 30ml",
    "image_url": "https://cdn1.woolworths.media/content/wowproductimages/large/201830.jpg",
    "source_id": "Woolworths - 201830",
    "barcode": "9300701073435",
    "category_id": "1_2432B58",
    "shop": "Woolworths",
    "weight": "10ML",
    "prices": [
      {
        "state": "NSW",
        "price": "700",
        "price_per_unit": "233",
        "price_unit": "ML"
      },
      {
        "state": "VIC",
        "price": "700",
        "price_per_unit": "233",
        "price_unit": "ML"
      },
      {
        "state": "QLD",
        "price": "700",
        "price_per_unit": "233",
        "price_unit": "ML"
      },
      {
        "state": "WA",
        "price": "700",
        "price_per_unit": "233",
        "price_unit": "ML"
      },
      {
        "state": "SA",
        "price": "700",
        "price_per_unit": "233",
        "price_unit": "ML"
      },
      {
        "state": "TAS",
        "price": "700",
        "price_per_unit": "233",
        "price_unit": "ML"
      },
      {
        "state": "ACT",
        "price": "700",
        "price_per_unit": "233",
        "price_unit": "ML"
      },
      {
        "state": "NT",
        "price": "735",
        "price_per_unit": "245",
        "price_unit": "ML"
      }
    ]
  },
  {
    "source_url": "https://www.woolworths.com.au/shop/productdetails/706047/air-wick-vanilla-air-freshener-spray",
    "name": "Air Wick Vanilla Air Freshener Spray 237g",
    "image_url": "https://cdn1.woolworths.media/content/wowproductimages/large/706047.jpg",
    "source_id": "Woolworths - 706047",
    "barcode": "9300701417499",
    "category_id": "1_2432B58",
    "shop": "Woolworths",
    "weight": "10G",
    "prices": [
      {
        "state": "NSW",
        "price": "350",
        "price_per_unit": "15",
        "price_unit": "G"
      },
      {
        "state": "VIC",
        "price": "350",
        "price_per_unit": "15",
        "price_unit": "G"
      },
      {
        "state": "QLD",
        "price": "350",
        "price_per_unit": "15",
        "price_unit": "G"
      },
      {
        "state": "WA",
        "price": "350",
        "price_per_unit": "15",
        "price_unit": "G"
      },
      {
        "state": "SA",
        "price": "350",
        "price_per_unit": "15",
        "price_unit": "G"
      },
      {
        "state": "TAS",
        "price": "350",
        "price_per_unit": "15",
        "price_unit": "G"
      },
      {
        "state": "ACT",
        "price": "350",
        "price_per_unit": "15",
        "price_unit": "G"
      },
      {
        "state": "NT",
        "price": "360",
        "price_per_unit": "15",
        "price_unit": "G"
      }
    ]
  },
  {
    "source_url": "https://www.woolworths.com.au/shop/productdetails/78657/botanica-caribbean-vetiver-sandalwood-reed-diffuser",
    "name": "Botanica Caribbean Vetiver & Sandalwood Reed Diffuser 80ml",
    "image_url": "https://cdn1.woolworths.media/content/wowproductimages/large/078657.jpg",
    "source_id": "Woolworths - 78657",
    "barcode": "9300701112011",
    "category_id": "1_2432B58",
    "shop": "Woolworths",
    "weight": "10ML",
    "prices": [
      {
        "state": "NSW",
        "price": "2000",
        "price_per_unit": "250",
        "price_unit": "ML"
      },
      {
        "state": "VIC",
        "price": "2000",
        "price_per_unit": "250",
        "price_unit": "ML"
      },
      {
        "state": "QLD",
        "price": "2000",
        "price_per_unit": "250",
        "price_unit": "ML"
      },
      {
        "state": "WA",
        "price": "2000",
        "price_per_unit": "250",
        "price_unit": "ML"
      },
      {
        "state": "SA",
        "price": "2000",
        "price_per_unit": "250",
        "price_unit": "ML"
      },
      {
        "state": "TAS",
        "price": "2000",
        "price_per_unit": "250",
        "price_unit": "ML"
      },
      {
        "state": "ACT",
        "price": "2000",
        "price_per_unit": "250",
        "price_unit": "ML"
      },
      {
        "state": "NT",
        "price": "2000",
        "price_per_unit": "250",
        "price_unit": "ML"
      }
    ]
  },
  {
    "source_url": "https://www.woolworths.com.au/shop/productdetails/237613/botanica-coconut-milk-indonesian-patchouli-reed-diffuser",
    "name": "Botanica Coconut Milk & Indonesian Patchouli Reed Diffuser 80ml",
    "image_url": "https://cdn1.woolworths.media/content/wowproductimages/large/237613.jpg",
    "source_id": "Woolworths - 237613",
    "barcode": "9300701067359",
    "category_id": "1_2432B58",
    "shop": "Woolworths",
    "weight": "10ML",
    "prices": [
      {
        "state": "NSW",
        "price": "2000",
        "price_per_unit": "250",
        "price_unit": "ML"
      },
      {
        "state": "VIC",
        "price": "2000",
        "price_per_unit": "250",
        "price_unit": "ML"
      },
      {
        "state": "QLD",
        "price": "2000",
        "price_per_unit": "250",
        "price_unit": "ML"
      },
      {
        "state": "WA",
        "price": "2000",
        "price_per_unit": "250",
        "price_unit": "ML"
      },
      {
        "state": "SA",
        "price": "2000",
        "price_per_unit": "250",
        "price_unit": "ML"
      },
      {
        "state": "TAS",
        "price": "2000",
        "price_per_unit": "250",
        "price_unit": "ML"
      },
      {
        "state": "ACT",
        "price": "2000",
        "price_per_unit": "250",
        "price_unit": "ML"
      },
      {
        "state": "NT",
        "price": "2000",
        "price_per_unit": "250",
        "price_unit": "ML"
      }
    ]
  },
  {
    "source_url": "https://www.woolworths.com.au/shop/productdetails/78656/botanica-island-rose-african-geranium-air-freshener-room-spray",
    "name": "Botanica Island Rose & African Geranium Air Freshener Room Spray 236ml",
    "image_url": "https://cdn1.woolworths.media/content/wowproductimages/large/078656.jpg",
    "source_id": "Woolworths - 78656",
    "barcode": "9300701150020",
    "category_id": "1_2432B58",
    "shop": "Woolworths",
    "weight": "100ML",
    "prices": [
      {
        "state": "NSW",
        "price": "900",
        "price_per_unit": "381",
        "price_unit": "ML"
      },
      {
        "state": "VIC",
        "price": "900",
        "price_per_unit": "381",
        "price_unit": "ML"
      },
      {
        "state": "QLD",
        "price": "900",
        "price_per_unit": "381",
        "price_unit": "ML"
      },
      {
        "state": "WA",
        "price": "900",
        "price_per_unit": "381",
        "price_unit": "ML"
      },
      {
        "state": "SA",
        "price": "900",
        "price_per_unit": "381",
        "price_unit": "ML"
      },
      {
        "state": "TAS",
        "price": "900",
        "price_per_unit": "381",
        "price_unit": "ML"
      },
      {
        "state": "ACT",
        "price": "900",
        "price_per_unit": "381",
        "price_unit": "ML"
      },
      {
        "state": "NT",
        "price": "950",
        "price_per_unit": "403",
        "price_unit": "ML"
      }
    ]
  },
  {
    "source_url": "https://www.woolworths.com.au/shop/productdetails/78823/botanica-vanilla-himalayan-magnolia-plug-in-diffuser",
    "name": "Botanica Vanilla & Himalayan Magnolia Plug-In Diffuser 19ml",
    "image_url": "https://cdn1.woolworths.media/content/wowproductimages/large/078823.jpg",
    "source_id": "Woolworths - 78823",
    "barcode": "9300701113582",
    "category_id": "1_2432B58",
    "shop": "Woolworths",
    "weight": "10ML",
    "prices": [
      {
        "state": "NSW",
        "price": "1700",
        "price_per_unit": "895",
        "price_unit": "ML"
      },
      {
        "state": "VIC",
        "price": "1700",
        "price_per_unit": "895",
        "price_unit": "ML"
      },
      {
        "state": "QLD",
        "price": "1700",
        "price_per_unit": "895",
        "price_unit": "ML"
      },
      {
        "state": "WA",
        "price": "1700",
        "price_per_unit": "895",
        "price_unit": "ML"
      },
      {
        "state": "SA",
        "price": "1700",
        "price_per_unit": "895",
        "price_unit": "ML"
      },
      {
        "state": "TAS",
        "price": "1700",
        "price_per_unit": "895",
        "price_unit": "ML"
      },
      {
        "state": "ACT",
        "price": "1700",
        "price_per_unit": "895",
        "price_unit": "ML"
      },
      {
        "state": "NT",
        "price": "1785",
        "price_per_unit": "939",
        "price_unit": "ML"
      }
    ]
  },
  {
    "source_url": "https://www.woolworths.com.au/shop/productdetails/78649/botanica-vanilla-himalayan-magnolia-plug-in-diffuser-refill",
    "name": "Botanica Vanilla & Himalayan Magnolia Plug-In Diffuser Refill 19ml x 2 Pack",
    "image_url": "https://cdn1.woolworths.media/content/wowproductimages/large/078649.jpg",
    "source_id": "Woolworths - 78649",
    "barcode": "9300701147662",
    "category_id": "1_2432B58",
    "shop": "Woolworths",
    "weight": "10ML",
    "prices": [
      {
        "state": "NSW",
        "price": "1550",
        "price_per_unit": "408",
        "price_unit": "ML"
      },
      {
        "state": "VIC",
        "price": "1550",
        "price_per_unit": "408",
        "price_unit": "ML"
      },
      {
        "state": "QLD",
        "price": "1550",
        "price_per_unit": "408",
        "price_unit": "ML"
      },
      {
        "state": "WA",
        "price": "1550",
        "price_per_unit": "408",
        "price_unit": "ML"
      },
      {
        "state": "SA",
        "price": "1550",
        "price_per_unit": "408",
        "price_unit": "ML"
      },
      {
        "state": "TAS",
        "price": "1550",
        "price_per_unit": "408",
        "price_unit": "ML"
      },
      {
        "state": "ACT",
        "price": "1550",
        "price_per_unit": "408",
        "price_unit": "ML"
      },
      {
        "state": "NT",
        "price": "1625",
        "price_per_unit": "428",
        "price_unit": "ML"
      }
    ]
  },
  {
    "source_url": "https://www.woolworths.com.au/shop/productdetails/78659/botanica-vanilla-himalayan-magnolia-reed-diffuser",
    "name": "Botanica Vanilla & Himalayan Magnolia Reed Diffuser 80ml",
    "image_url": "https://cdn1.woolworths.media/content/wowproductimages/large/078659.jpg",
    "source_id": "Woolworths - 78659",
    "barcode": "9300701112004",
    "category_id": "1_2432B58",
    "shop": "Woolworths",
    "weight": "10ML",
    "prices": [
      {
        "state": "NSW",
        "price": "2000",
        "price_per_unit": "250",
        "price_unit": "ML"
      },
      {
        "state": "VIC",
        "price": "2000",
        "price_per_unit": "250",
        "price_unit": "ML"
      },
      {
        "state": "QLD",
        "price": "2000",
        "price_per_unit": "250",
        "price_unit": "ML"
      },
      {
        "state": "WA",
        "price": "2000",
        "price_per_unit": "250",
        "price_unit": "ML"
      },
      {
        "state": "SA",
        "price": "2000",
        "price_per_unit": "250",
        "price_unit": "ML"
      },
      {
        "state": "TAS",
        "price": "2000",
        "price_per_unit": "250",
        "price_unit": "ML"
      },
      {
        "state": "ACT",
        "price": "2000",
        "price_per_unit": "250",
        "price_unit": "ML"
      },
      {
        "state": "NT",
        "price": "2000",
        "price_per_unit": "250",
        "price_unit": "ML"
      }
    ]
  },
  {
    "source_url": "https://www.woolworths.com.au/shop/productdetails/78677/clean-air-manual-spray-air-freshener-alpine-refill",
    "name": "Clean Air Manual Spray Air Freshener Alpine Refill 125g",
    "image_url": "https://cdn1.woolworths.media/content/wowproductimages/large/078677.jpg",
    "source_id": "Woolworths - 78677",
    "barcode": "9314145002005",
    "category_id": "1_2432B58",
    "shop": "Woolworths",
    "weight": "10G",
    "prices": [
      {
        "state": "NSW",
        "price": "400",
        "price_per_unit": "32",
        "price_unit": "G"
      },
      {
        "state": "VIC",
        "price": "400",
        "price_per_unit": "32",
        "price_unit": "G"
      },
      {
        "state": "QLD",
        "price": "400",
        "price_per_unit": "32",
        "price_unit": "G"
      },
      {
        "state": "WA",
        "price": "400",
        "price_per_unit": "32",
        "price_unit": "G"
      },
      {
        "state": "SA",
        "price": "400",
        "price_per_unit": "32",
        "price_unit": "G"
      },
      {
        "state": "TAS",
        "price": "400",
        "price_per_unit": "32",
        "price_unit": "G"
      },
      {
        "state": "ACT",
        "price": "400",
        "price_per_unit": "32",
        "price_unit": "G"
      },
      {
        "state": "NT",
        "price": "420",
        "price_per_unit": "34",
        "price_unit": "G"
      }
    ]
  },
  {
    "source_url": "https://www.woolworths.com.au/shop/productdetails/199666/glade-clean-linen-scented-gel-air-freshener",
    "name": "Glade Clean Linen Scented Gel Air Freshener 180g",
    "image_url": "https://cdn1.woolworths.media/content/wowproductimages/large/199666.jpg",
    "source_id": "Woolworths - 199666",
    "barcode": "9300622003306",
    "category_id": "1_2432B58",
    "shop": "Woolworths",
    "weight": "100G",
    "prices": [
      {
        "state": "NSW",
        "price": "375",
        "price_per_unit": "208",
        "price_unit": "G"
      },
      {
        "state": "VIC",
        "price": "375",
        "price_per_unit": "208",
        "price_unit": "G"
      },
      {
        "state": "QLD",
        "price": "375",
        "price_per_unit": "208",
        "price_unit": "G"
      },
      {
        "state": "WA",
        "price": "375",
        "price_per_unit": "208",
        "price_unit": "G"
      },
      {
        "state": "SA",
        "price": "375",
        "price_per_unit": "208",
        "price_unit": "G"
      },
      {
        "state": "TAS",
        "price": "375",
        "price_per_unit": "208",
        "price_unit": "G"
      },
      {
        "state": "NT",
        "price": "375",
        "price_per_unit": "208",
        "price_unit": "G"
      }
    ]
  },
  {
    "source_url": "https://www.woolworths.com.au/shop/productdetails/706652/glade-sense-spray-air-freshener-refill-hawaiian-breeze",
    "name": "Glade Sense & Spray Air Freshener Refill Hawaiian Breeze 12g",
    "image_url": "https://cdn1.woolworths.media/content/wowproductimages/large/706652.jpg",
    "source_id": "Woolworths - 706652",
    "barcode": "46500709395",
    "category_id": "1_2432B58",
    "shop": "Woolworths",
    "weight": "10G",
    "prices": [
      {
        "state": "NSW",
        "price": "750",
        "price_per_unit": "625",
        "price_unit": "G"
      },
      {
        "state": "VIC",
        "price": "750",
        "price_per_unit": "625",
        "price_unit": "G"
      },
      {
        "state": "QLD",
        "price": "750",
        "price_per_unit": "625",
        "price_unit": "G"
      },
      {
        "state": "WA",
        "price": "750",
        "price_per_unit": "625",
        "price_unit": "G"
      },
      {
        "state": "SA",
        "price": "750",
        "price_per_unit": "625",
        "price_unit": "G"
      },
      {
        "state": "TAS",
        "price": "750",
        "price_per_unit": "625",
        "price_unit": "G"
      },
      {
        "state": "ACT",
        "price": "750",
        "price_per_unit": "625",
        "price_unit": "G"
      },
      {
        "state": "NT",
        "price": "750",
        "price_per_unit": "625",
        "price_unit": "G"
      }
    ]
  },
  {
    "source_url": "https://www.woolworths.com.au/shop/productdetails/661184/glade-sense-spray-air-freshener-refill-sheer-vanilla-embrace",
    "name": "Glade Sense & Spray Air Freshener Refill Sheer Vanilla Embrace 12g",
    "image_url": "https://cdn1.woolworths.media/content/wowproductimages/large/661184.jpg",
    "source_id": "Woolworths - 661184",
    "barcode": "9300622714394",
    "category_id": "1_2432B58",
    "shop": "Woolworths",
    "weight": "10G",
    "prices": [
      {
        "state": "NSW",
        "price": "750",
        "price_per_unit": "625",
        "price_unit": "G"
      },
      {
        "state": "VIC",
        "price": "750",
        "price_per_unit": "625",
        "price_unit": "G"
      },
      {
        "state": "QLD",
        "price": "750",
        "price_per_unit": "625",
        "price_unit": "G"
      },
      {
        "state": "WA",
        "price": "750",
        "price_per_unit": "625",
        "price_unit": "G"
      },
      {
        "state": "SA",
        "price": "750",
        "price_per_unit": "625",
        "price_unit": "G"
      },
      {
        "state": "TAS",
        "price": "750",
        "price_per_unit": "625",
        "price_unit": "G"
      },
      {
        "state": "ACT",
        "price": "750",
        "price_per_unit": "625",
        "price_unit": "G"
      },
      {
        "state": "NT",
        "price": "750",
        "price_per_unit": "625",
        "price_unit": "G"
      }
    ]
  },
  {
    "source_url": "https://www.woolworths.com.au/shop/productdetails/660344/glade-sense-spray-automatic-air-freshener-sheer-vanilla",
    "name": "Glade Sense & Spray Automatic Air Freshener Sheer Vanilla 12g",
    "image_url": "https://cdn1.woolworths.media/content/wowproductimages/large/660344.jpg",
    "source_id": "Woolworths - 660344",
    "barcode": "9300622714417",
    "category_id": "1_2432B58",
    "shop": "Woolworths",
    "weight": "10G",
    "prices": [
      {
        "state": "NSW",
        "price": "875",
        "price_per_unit": "729",
        "price_unit": "G"
      },
      {
        "state": "VIC",
        "price": "875",
        "price_per_unit": "729",
        "price_unit": "G"
      },
      {
        "state": "QLD",
        "price": "875",
        "price_per_unit": "729",
        "price_unit": "G"
      },
      {
        "state": "WA",
        "price": "875",
        "price_per_unit": "729",
        "price_unit": "G"
      },
      {
        "state": "SA",
        "price": "875",
        "price_per_unit": "729",
        "price_unit": "G"
      },
      {
        "state": "TAS",
        "price": "875",
        "price_per_unit": "729",
        "price_unit": "G"
      },
      {
        "state": "ACT",
        "price": "875",
        "price_per_unit": "729",
        "price_unit": "G"
      },
      {
        "state": "NT",
        "price": "920",
        "price_per_unit": "767",
        "price_unit": "G"
      }
    ]
  },
  {
    "source_url": "https://www.woolworths.com.au/shop/productdetails/331029/glen-20-all-in-one-citrus-breeze-disinfectant-spray",
    "name": "Glen 20 All-In-One Citrus Breeze Disinfectant Spray 300g",
    "image_url": "https://cdn1.woolworths.media/content/wowproductimages/large/331029.jpg",
    "source_id": "Woolworths - 331029",
    "barcode": "9300701209032",
    "category_id": "1_2432B58",
    "shop": "Woolworths",
    "weight": "100G",
    "prices": [
      {
        "state": "NSW",
        "price": "950",
        "price_per_unit": "317",
        "price_unit": "G"
      },
      {
        "state": "VIC",
        "price": "950",
        "price_per_unit": "317",
        "price_unit": "G"
      },
      {
        "state": "QLD",
        "price": "950",
        "price_per_unit": "317",
        "price_unit": "G"
      },
      {
        "state": "WA",
        "price": "950",
        "price_per_unit": "317",
        "price_unit": "G"
      },
      {
        "state": "SA",
        "price": "950",
        "price_per_unit": "317",
        "price_unit": "G"
      },
      {
        "state": "TAS",
        "price": "950",
        "price_per_unit": "317",
        "price_unit": "G"
      },
      {
        "state": "ACT",
        "price": "950",
        "price_per_unit": "317",
        "price_unit": "G"
      },
      {
        "state": "NT",
        "price": "990",
        "price_per_unit": "330",
        "price_unit": "G"
      }
    ]
  },
  {
    "source_url": "https://www.woolworths.com.au/shop/productdetails/82503/glen-20-all-in-one-country-scent-disinfectant-spray",
    "name": "Glen 20 All-In-One Country Scent Disinfectant Spray 300g",
    "image_url": "https://cdn1.woolworths.media/content/wowproductimages/large/082503.jpg",
    "source_id": "Woolworths - 82503",
    "barcode": "9300701985455",
    "category_id": "1_2432B58",
    "shop": "Woolworths",
    "weight": "100G",
    "prices": [
      {
        "state": "NSW",
        "price": "950",
        "price_per_unit": "317",
        "price_unit": "G"
      },
      {
        "state": "VIC",
        "price": "950",
        "price_per_unit": "317",
        "price_unit": "G"
      },
      {
        "state": "QLD",
        "price": "950",
        "price_per_unit": "317",
        "price_unit": "G"
      },
      {
        "state": "WA",
        "price": "950",
        "price_per_unit": "317",
        "price_unit": "G"
      },
      {
        "state": "SA",
        "price": "950",
        "price_per_unit": "317",
        "price_unit": "G"
      },
      {
        "state": "TAS",
        "price": "950",
        "price_per_unit": "317",
        "price_unit": "G"
      },
      {
        "state": "ACT",
        "price": "950",
        "price_per_unit": "317",
        "price_unit": "G"
      },
      {
        "state": "NT",
        "price": "990",
        "price_per_unit": "330",
        "price_unit": "G"
      }
    ]
  },
  {
    "source_url": "https://www.woolworths.com.au/shop/productdetails/44727/glen-20-all-in-one-crisp-linen-disinfectant-spray",
    "name": "Glen 20 All-In-One Crisp Linen Disinfectant Spray 175g",
    "image_url": "https://cdn1.woolworths.media/content/wowproductimages/large/044727.jpg",
    "source_id": "Woolworths - 44727",
    "barcode": "9300701985448",
    "category_id": "1_2432B58",
    "shop": "Woolworths",
    "weight": "100G",
    "prices": [
      {
        "state": "NSW",
        "price": "450",
        "price_per_unit": "257",
        "price_unit": "G"
      },
      {
        "state": "VIC",
        "price": "450",
        "price_per_unit": "257",
        "price_unit": "G"
      },
      {
        "state": "QLD",
        "price": "450",
        "price_per_unit": "257",
        "price_unit": "G"
      },
      {
        "state": "WA",
        "price": "450",
        "price_per_unit": "257",
        "price_unit": "G"
      },
      {
        "state": "SA",
        "price": "450",
        "price_per_unit": "257",
        "price_unit": "G"
      },
      {
        "state": "TAS",
        "price": "450",
        "price_per_unit": "257",
        "price_unit": "G"
      },
      {
        "state": "ACT",
        "price": "450",
        "price_per_unit": "257",
        "price_unit": "G"
      },
      {
        "state": "NT",
        "price": "450",
        "price_per_unit": "257",
        "price_unit": "G"
      }
    ]
  },
  {
    "source_url": "https://www.woolworths.com.au/shop/productdetails/376857/glen-20-all-in-one-lavender-disinfectant-spray",
    "name": "Glen 20 All-In-One Lavender Disinfectant Spray 300g",
    "image_url": "https://cdn1.woolworths.media/content/wowproductimages/large/376857.jpg",
    "source_id": "Woolworths - 376857",
    "barcode": "9300701158392",
    "category_id": "1_2432B58",
    "shop": "Woolworths",
    "weight": "100G",
    "prices": [
      {
        "state": "NSW",
        "price": "950",
        "price_per_unit": "317",
        "price_unit": "G"
      },
      {
        "state": "VIC",
        "price": "950",
        "price_per_unit": "317",
        "price_unit": "G"
      },
      {
        "state": "QLD",
        "price": "950",
        "price_per_unit": "317",
        "price_unit": "G"
      },
      {
        "state": "WA",
        "price": "950",
        "price_per_unit": "317",
        "price_unit": "G"
      },
      {
        "state": "SA",
        "price": "950",
        "price_per_unit": "317",
        "price_unit": "G"
      },
      {
        "state": "TAS",
        "price": "950",
        "price_per_unit": "317",
        "price_unit": "G"
      },
      {
        "state": "ACT",
        "price": "950",
        "price_per_unit": "317",
        "price_unit": "G"
      },
      {
        "state": "NT",
        "price": "990",
        "price_per_unit": "330",
        "price_unit": "G"
      }
    ]
  },
  {
    "source_url": "https://www.woolworths.com.au/shop/productdetails/15587/glen-20-all-in-one-original-disinfectant-spray",
    "name": "Glen 20 All-In-One Original Disinfectant Spray 300g",
    "image_url": "https://cdn1.woolworths.media/content/wowproductimages/large/015587.jpg",
    "source_id": "Woolworths - 15587",
    "barcode": "9310045950255",
    "category_id": "1_2432B58",
    "shop": "Woolworths",
    "weight": "100G",
    "prices": [
      {
        "state": "NSW",
        "price": "950",
        "price_per_unit": "317",
        "price_unit": "G"
      },
      {
        "state": "VIC",
        "price": "950",
        "price_per_unit": "317",
        "price_unit": "G"
      },
      {
        "state": "QLD",
        "price": "950",
        "price_per_unit": "317",
        "price_unit": "G"
      },
      {
        "state": "WA",
        "price": "950",
        "price_per_unit": "317",
        "price_unit": "G"
      },
      {
        "state": "SA",
        "price": "950",
        "price_per_unit": "317",
        "price_unit": "G"
      },
      {
        "state": "TAS",
        "price": "950",
        "price_per_unit": "317",
        "price_unit": "G"
      },
      {
        "state": "ACT",
        "price": "950",
        "price_per_unit": "317",
        "price_unit": "G"
      },
      {
        "state": "NT",
        "price": "990",
        "price_per_unit": "330",
        "price_unit": "G"
      }
    ]
  },
  {
    "source_url": "https://www.woolworths.com.au/shop/productdetails/785902/glen-20-light-fresh-berry-breeze-disinfectant-spray",
    "name": "Glen 20 Light & Fresh Berry Breeze Disinfectant Spray 300g",
    "image_url": "https://cdn1.woolworths.media/content/wowproductimages/large/785902.jpg",
    "source_id": "Woolworths - 785902",
    "barcode": "9300701701499",
    "category_id": "1_2432B58",
    "shop": "Woolworths",
    "weight": "100G",
    "prices": [
      {
        "state": "NSW",
        "price": "950",
        "price_per_unit": "317",
        "price_unit": "G"
      },
      {
        "state": "VIC",
        "price": "950",
        "price_per_unit": "317",
        "price_unit": "G"
      },
      {
        "state": "QLD",
        "price": "950",
        "price_per_unit": "317",
        "price_unit": "G"
      },
      {
        "state": "WA",
        "price": "950",
        "price_per_unit": "317",
        "price_unit": "G"
      },
      {
        "state": "SA",
        "price": "950",
        "price_per_unit": "317",
        "price_unit": "G"
      },
      {
        "state": "TAS",
        "price": "950",
        "price_per_unit": "317",
        "price_unit": "G"
      },
      {
        "state": "ACT",
        "price": "950",
        "price_per_unit": "317",
        "price_unit": "G"
      },
      {
        "state": "NT",
        "price": "990",
        "price_per_unit": "330",
        "price_unit": "G"
      }
    ]
  },
  {
    "source_url": "https://www.woolworths.com.au/shop/productdetails/107085/glen-20-pure-fresh-water-disinfectant-spray",
    "name": "Glen 20 Pure Fresh Water Disinfectant Spray 283g",
    "image_url": "https://cdn1.woolworths.media/content/wowproductimages/large/107085.jpg",
    "source_id": "Woolworths - 107085",
    "barcode": "9300701127770",
    "category_id": "1_2432B58",
    "shop": "Woolworths",
    "weight": "100G",
    "prices": [
      {
        "state": "NSW",
        "price": "575",
        "price_per_unit": "203",
        "price_unit": "G"
      },
      {
        "state": "VIC",
        "price": "575",
        "price_per_unit": "203",
        "price_unit": "G"
      },
      {
        "state": "QLD",
        "price": "575",
        "price_per_unit": "203",
        "price_unit": "G"
      },
      {
        "state": "WA",
        "price": "575",
        "price_per_unit": "203",
        "price_unit": "G"
      },
      {
        "state": "SA",
        "price": "575",
        "price_per_unit": "203",
        "price_unit": "G"
      },
      {
        "state": "TAS",
        "price": "575",
        "price_per_unit": "203",
        "price_unit": "G"
      },
      {
        "state": "ACT",
        "price": "575",
        "price_per_unit": "203",
        "price_unit": "G"
      },
      {
        "state": "NT",
        "price": "575",
        "price_per_unit": "203",
        "price_unit": "G"
      }
    ]
  },
  {
    "source_url": "https://www.woolworths.com.au/shop/productdetails/108567/glen-20-pure-morning-breeze-disinfectant-spray",
    "name": "Glen 20 Pure Morning Breeze Disinfectant Spray 283g",
    "image_url": "https://cdn1.woolworths.media/content/wowproductimages/large/108567.jpg",
    "source_id": "Woolworths - 108567",
    "barcode": "9300701127787",
    "category_id": "1_2432B58",
    "shop": "Woolworths",
    "weight": "100G",
    "prices": [
      {
        "state": "NSW",
        "price": "575",
        "price_per_unit": "203",
        "price_unit": "G"
      },
      {
        "state": "VIC",
        "price": "575",
        "price_per_unit": "203",
        "price_unit": "G"
      },
      {
        "state": "QLD",
        "price": "575",
        "price_per_unit": "203",
        "price_unit": "G"
      },
      {
        "state": "WA",
        "price": "575",
        "price_per_unit": "203",
        "price_unit": "G"
      },
      {
        "state": "SA",
        "price": "575",
        "price_per_unit": "203",
        "price_unit": "G"
      },
      {
        "state": "ACT",
        "price": "575",
        "price_per_unit": "203",
        "price_unit": "G"
      },
      {
        "state": "NT",
        "price": "575",
        "price_per_unit": "203",
        "price_unit": "G"
      }
    ]
  },
  {
    "source_url": "https://www.woolworths.com.au/shop/productdetails/907298/green-nation-air-freshener-lemongrass",
    "name": "Green Nation Air Freshener Lemongrass 200ml",
    "image_url": "https://cdn1.woolworths.media/content/wowproductimages/large/907298.jpg",
    "source_id": "Woolworths - 907298",
    "barcode": "9357821002074",
    "category_id": "1_2432B58",
    "shop": "Woolworths",
    "weight": "100ML",
    "prices": [
      {
        "state": "NSW",
        "price": "500",
        "price_per_unit": "250",
        "price_unit": "ML"
      },
      {
        "state": "VIC",
        "price": "500",
        "price_per_unit": "250",
        "price_unit": "ML"
      },
      {
        "state": "QLD",
        "price": "500",
        "price_per_unit": "250",
        "price_unit": "ML"
      },
      {
        "state": "WA",
        "price": "500",
        "price_per_unit": "250",
        "price_unit": "ML"
      },
      {
        "state": "SA",
        "price": "500",
        "price_per_unit": "250",
        "price_unit": "ML"
      },
      {
        "state": "TAS",
        "price": "500",
        "price_per_unit": "250",
        "price_unit": "ML"
      },
      {
        "state": "ACT",
        "price": "500",
        "price_per_unit": "250",
        "price_unit": "ML"
      }
    ]
  },
  {
    "source_url": "https://www.woolworths.com.au/shop/productdetails/266666/green-nation-air-freshener-mandarin-lemon-myrtle",
    "name": "Green Nation Air Freshener Mandarin & Lemon Myrtle 200ml",
    "image_url": "https://cdn1.woolworths.media/content/wowproductimages/large/266666.jpg",
    "source_id": "Woolworths - 266666",
    "barcode": "9357821002142",
    "category_id": "1_2432B58",
    "shop": "Woolworths",
    "weight": "100ML",
    "prices": [
      {
        "state": "NSW",
        "price": "500",
        "price_per_unit": "250",
        "price_unit": "ML"
      },
      {
        "state": "VIC",
        "price": "500",
        "price_per_unit": "250",
        "price_unit": "ML"
      },
      {
        "state": "QLD",
        "price": "500",
        "price_per_unit": "250",
        "price_unit": "ML"
      },
      {
        "state": "WA",
        "price": "500",
        "price_per_unit": "250",
        "price_unit": "ML"
      },
      {
        "state": "SA",
        "price": "500",
        "price_per_unit": "250",
        "price_unit": "ML"
      },
      {
        "state": "ACT",
        "price": "500",
        "price_per_unit": "250",
        "price_unit": "ML"
      },
      {
        "state": "NT",
        "price": "500",
        "price_per_unit": "250",
        "price_unit": "ML"
      }
    ]
  },
  {
    "source_url": "https://www.woolworths.com.au/shop/productdetails/265137/green-nation-air-freshener-spray-vanilla-coconut",
    "name": "Green Nation Air Freshener Spray Vanilla + Coconut 200ml",
    "image_url": "https://cdn1.woolworths.media/content/wowproductimages/large/265137.jpg",
    "source_id": "Woolworths - 265137",
    "barcode": "9357821002098",
    "category_id": "1_2432B58",
    "shop": "Woolworths",
    "weight": "100ML",
    "prices": [
      {
        "state": "NSW",
        "price": "500",
        "price_per_unit": "250",
        "price_unit": "ML"
      },
      {
        "state": "VIC",
        "price": "500",
        "price_per_unit": "250",
        "price_unit": "ML"
      },
      {
        "state": "QLD",
        "price": "500",
        "price_per_unit": "250",
        "price_unit": "ML"
      },
      {
        "state": "WA",
        "price": "500",
        "price_per_unit": "250",
        "price_unit": "ML"
      },
      {
        "state": "SA",
        "price": "500",
        "price_per_unit": "250",
        "price_unit": "ML"
      },
      {
        "state": "TAS",
        "price": "500",
        "price_per_unit": "250",
        "price_unit": "ML"
      },
      {
        "state": "ACT",
        "price": "500",
        "price_per_unit": "250",
        "price_unit": "ML"
      },
      {
        "state": "NT",
        "price": "500",
        "price_per_unit": "250",
        "price_unit": "ML"
      }
    ]
  },
  {
    "source_url": "https://www.woolworths.com.au/shop/productdetails/266650/green-nation-vanilla-coconut-soy-wax-candle",
    "name": "Green Nation Vanilla & Coconut Soy Wax Candle Each",
    "image_url": "https://cdn1.woolworths.media/content/wowproductimages/large/266650.jpg",
    "source_id": "Woolworths - 266650",
    "barcode": "9357821002357",
    "category_id": "1_2432B58",
    "shop": "Woolworths",
    "weight": "100G",
    "prices": [
      {
        "state": "NSW",
        "price": "1400",
        "price_per_unit": "700",
        "price_unit": "G"
      },
      {
        "state": "VIC",
        "price": "1400",
        "price_per_unit": "700",
        "price_unit": "G"
      },
      {
        "state": "QLD",
        "price": "1400",
        "price_per_unit": "700",
        "price_unit": "G"
      },
      {
        "state": "WA",
        "price": "1400",
        "price_per_unit": "700",
        "price_unit": "G"
      },
      {
        "state": "SA",
        "price": "1400",
        "price_per_unit": "700",
        "price_unit": "G"
      },
      {
        "state": "TAS",
        "price": "1400",
        "price_per_unit": "700",
        "price_unit": "G"
      },
      {
        "state": "ACT",
        "price": "1400",
        "price_per_unit": "700",
        "price_unit": "G"
      },
      {
        "state": "NT",
        "price": "1400",
        "price_per_unit": "700",
        "price_unit": "G"
      }
    ]
  },
  {
    "source_url": "https://www.woolworths.com.au/shop/productdetails/159081/maison-muse-natural-soy-blend-candle-marilyn-wild-vanilla-caramel",
    "name": "Maison & Muse Natural Soy Blend Candle Marilyn Wild Vanilla & Caramel 350g",
    "image_url": "https://cdn1.woolworths.media/content/wowproductimages/large/159081.jpg",
    "source_id": "Woolworths - 159081",
    "barcode": "9421035730266",
    "category_id": "1_2432B58",
    "shop": "Woolworths",
    "weight": "100G",
    "prices": [
      {
        "state": "NSW",
        "price": "2500",
        "price_per_unit": "714",
        "price_unit": "G"
      },
      {
        "state": "VIC",
        "price": "2500",
        "price_per_unit": "714",
        "price_unit": "G"
      },
      {
        "state": "QLD",
        "price": "2500",
        "price_per_unit": "714",
        "price_unit": "G"
      },
      {
        "state": "SA",
        "price": "2500",
        "price_per_unit": "714",
        "price_unit": "G"
      },
      {
        "state": "ACT",
        "price": "2500",
        "price_per_unit": "714",
        "price_unit": "G"
      },
      {
        "state": "NT",
        "price": "2625",
        "price_per_unit": "750",
        "price_unit": "G"
      }
    ]
  },
  {
    "source_url": "https://www.woolworths.com.au/shop/productdetails/159112/maison-muse-natural-soy-blend-candle-whitney-guava-elderflower",
    "name": "Maison & Muse Natural Soy Blend Candle Whitney Guava & Elderflower 350g",
    "image_url": "https://cdn1.woolworths.media/content/wowproductimages/large/159112.jpg",
    "source_id": "Woolworths - 159112",
    "barcode": "9421035730273",
    "category_id": "1_2432B58",
    "shop": "Woolworths",
    "weight": "100G",
    "prices": [
      {
        "state": "NSW",
        "price": "2500",
        "price_per_unit": "714",
        "price_unit": "G"
      },
      {
        "state": "VIC",
        "price": "2500",
        "price_per_unit": "714",
        "price_unit": "G"
      },
      {
        "state": "QLD",
        "price": "2500",
        "price_per_unit": "714",
        "price_unit": "G"
      },
      {
        "state": "WA",
        "price": "2500",
        "price_per_unit": "714",
        "price_unit": "G"
      },
      {
        "state": "SA",
        "price": "2500",
        "price_per_unit": "714",
        "price_unit": "G"
      },
      {
        "state": "TAS",
        "price": "2500",
        "price_per_unit": "714",
        "price_unit": "G"
      },
      {
        "state": "ACT",
        "price": "2500",
        "price_per_unit": "714",
        "price_unit": "G"
      },
      {
        "state": "NT",
        "price": "2625",
        "price_per_unit": "750",
        "price_unit": "G"
      }
    ]
  },
  {
    "source_url": "https://www.woolworths.com.au/shop/productdetails/274973/maison-muse-reed-diffuser-diana-sweet-pea-peony",
    "name": "Maison & Muse Reed Diffuser Diana Sweet Pea & Peony 140mL",
    "image_url": "https://cdn1.woolworths.media/content/wowproductimages/large/274973.jpg",
    "source_id": "Woolworths - 274973",
    "barcode": "9421035732505",
    "category_id": "1_2432B58",
    "shop": "Woolworths",
    "weight": "100ML",
    "prices": [
      {
        "state": "NSW",
        "price": "2500",
        "price_per_unit": "1786",
        "price_unit": "ML"
      },
      {
        "state": "VIC",
        "price": "2500",
        "price_per_unit": "1786",
        "price_unit": "ML"
      },
      {
        "state": "QLD",
        "price": "2500",
        "price_per_unit": "1786",
        "price_unit": "ML"
      },
      {
        "state": "WA",
        "price": "2500",
        "price_per_unit": "1786",
        "price_unit": "ML"
      },
      {
        "state": "SA",
        "price": "2500",
        "price_per_unit": "1786",
        "price_unit": "ML"
      },
      {
        "state": "ACT",
        "price": "2500",
        "price_per_unit": "1786",
        "price_unit": "ML"
      },
      {
        "state": "NT",
        "price": "2625",
        "price_per_unit": "1875",
        "price_unit": "ML"
      }
    ]
  },
  {
    "source_url": "https://www.woolworths.com.au/shop/productdetails/274985/maison-muse-reed-diffuser-marilyn-wild-vanilla-caramel",
    "name": "Maison & Muse Reed Diffuser Marilyn Wild Vanilla & Caramel 140mL",
    "image_url": "https://cdn1.woolworths.media/content/wowproductimages/large/274985.jpg",
    "source_id": "Woolworths - 274985",
    "barcode": "9421035732499",
    "category_id": "1_2432B58",
    "shop": "Woolworths",
    "weight": "100ML",
    "prices": [
      {
        "state": "NSW",
        "price": "2500",
        "price_per_unit": "1786",
        "price_unit": "ML"
      },
      {
        "state": "QLD",
        "price": "2500",
        "price_per_unit": "1786",
        "price_unit": "ML"
      },
      {
        "state": "SA",
        "price": "2500",
        "price_per_unit": "1786",
        "price_unit": "ML"
      },
      {
        "state": "TAS",
        "price": "2500",
        "price_per_unit": "1786",
        "price_unit": "ML"
      },
      {
        "state": "ACT",
        "price": "2500",
        "price_per_unit": "1786",
        "price_unit": "ML"
      },
      {
        "state": "NT",
        "price": "2625",
        "price_per_unit": "1875",
        "price_unit": "ML"
      }
    ]
  },
  {
    "source_url": "https://www.woolworths.com.au/shop/productdetails/275675/mask-air-freshener-strawberry-smoothie",
    "name": "Mask Air Freshener Strawberry Smoothie 100ml",
    "image_url": "https://cdn1.woolworths.media/content/wowproductimages/large/275675.jpg",
    "source_id": "Woolworths - 275675",
    "barcode": "9359983000301",
    "category_id": "1_2432B58",
    "shop": "Woolworths",
    "weight": "100ML",
    "prices": [
      {
        "state": "NSW",
        "price": "1000",
        "price_per_unit": "1000",
        "price_unit": "ML"
      },
      {
        "state": "VIC",
        "price": "1000",
        "price_per_unit": "1000",
        "price_unit": "ML"
      },
      {
        "state": "QLD",
        "price": "1000",
        "price_per_unit": "1000",
        "price_unit": "ML"
      },
      {
        "state": "WA",
        "price": "1000",
        "price_per_unit": "1000",
        "price_unit": "ML"
      },
      {
        "state": "SA",
        "price": "1000",
        "price_per_unit": "1000",
        "price_unit": "ML"
      },
      {
        "state": "TAS",
        "price": "1000",
        "price_per_unit": "1000",
        "price_unit": "ML"
      },
      {
        "state": "ACT",
        "price": "1000",
        "price_per_unit": "1000",
        "price_unit": "ML"
      },
      {
        "state": "NT",
        "price": "1051",
        "price_per_unit": "1051",
        "price_unit": "ML"
      }
    ]
  },
  {
    "source_url": "https://www.woolworths.com.au/shop/productdetails/875113/naturoma-long-lasting-gel-air-freshener-assorted",
    "name": "Naturoma Long Lasting Gel Air Freshener Assorted 220g",
    "image_url": "https://cdn1.woolworths.media/content/wowproductimages/large/875113.jpg",
    "source_id": "Woolworths - 875113",
    "barcode": "813103021861",
    "category_id": "1_2432B58",
    "shop": "Woolworths",
    "weight": "100G",
    "prices": [
      {
        "state": "NSW",
        "price": "375",
        "price_per_unit": "170",
        "price_unit": "G"
      },
      {
        "state": "VIC",
        "price": "375",
        "price_per_unit": "170",
        "price_unit": "G"
      },
      {
        "state": "QLD",
        "price": "375",
        "price_per_unit": "170",
        "price_unit": "G"
      },
      {
        "state": "WA",
        "price": "375",
        "price_per_unit": "170",
        "price_unit": "G"
      },
      {
        "state": "SA",
        "price": "375",
        "price_per_unit": "170",
        "price_unit": "G"
      },
      {
        "state": "TAS",
        "price": "375",
        "price_per_unit": "170",
        "price_unit": "G"
      },
      {
        "state": "ACT",
        "price": "375",
        "price_per_unit": "170",
        "price_unit": "G"
      },
      {
        "state": "NT",
        "price": "375",
        "price_per_unit": "170",
        "price_unit": "G"
      }
    ]
  },
  {
    "source_url": "https://www.woolworths.com.au/shop/productdetails/361138/nilodor-concentrated-deodoriser-odour-neutralising-air-freshener",
    "name": "Nilodor Concentrated Deodoriser Odour Neutralising Air Freshener 7.5ml",
    "image_url": "https://cdn1.woolworths.media/content/wowproductimages/large/361138.jpg",
    "source_id": "Woolworths - 361138",
    "barcode": "9300615019710",
    "category_id": "1_2432B58",
    "shop": "Woolworths",
    "weight": "10ML",
    "prices": [
      {
        "state": "NSW",
        "price": "800",
        "price_per_unit": "1067",
        "price_unit": "ML"
      },
      {
        "state": "VIC",
        "price": "800",
        "price_per_unit": "1067",
        "price_unit": "ML"
      },
      {
        "state": "QLD",
        "price": "800",
        "price_per_unit": "1067",
        "price_unit": "ML"
      },
      {
        "state": "WA",
        "price": "800",
        "price_per_unit": "1067",
        "price_unit": "ML"
      },
      {
        "state": "SA",
        "price": "800",
        "price_per_unit": "1067",
        "price_unit": "ML"
      },
      {
        "state": "TAS",
        "price": "800",
        "price_per_unit": "1067",
        "price_unit": "ML"
      },
      {
        "state": "ACT",
        "price": "800",
        "price_per_unit": "1067",
        "price_unit": "ML"
      },
      {
        "state": "NT",
        "price": "800",
        "price_per_unit": "1067",
        "price_unit": "ML"
      }
    ]
  },
  {
    "source_url": "https://www.woolworths.com.au/shop/productdetails/906641/pan-aroma-odour-eliminating-candle",
    "name": "Pan Aroma Odour Eliminating Candle 85g",
    "image_url": "https://cdn1.woolworths.media/content/wowproductimages/large/906641.jpg",
    "source_id": "Woolworths - 906641",
    "barcode": "5053249274256",
    "category_id": "1_2432B58",
    "shop": "Woolworths",
    "weight": "100G",
    "prices": [
      {
        "state": "NSW",
        "price": "480",
        "price_per_unit": "565",
        "price_unit": "G"
      },
      {
        "state": "VIC",
        "price": "480",
        "price_per_unit": "565",
        "price_unit": "G"
      },
      {
        "state": "QLD",
        "price": "480",
        "price_per_unit": "565",
        "price_unit": "G"
      },
      {
        "state": "WA",
        "price": "480",
        "price_per_unit": "565",
        "price_unit": "G"
      },
      {
        "state": "SA",
        "price": "480",
        "price_per_unit": "565",
        "price_unit": "G"
      },
      {
        "state": "TAS",
        "price": "480",
        "price_per_unit": "565",
        "price_unit": "G"
      },
      {
        "state": "ACT",
        "price": "480",
        "price_per_unit": "565",
        "price_unit": "G"
      },
      {
        "state": "NT",
        "price": "500",
        "price_per_unit": "588",
        "price_unit": "G"
      }
    ]
  },
  {
    "source_url": "https://www.woolworths.com.au/shop/productdetails/908625/pan-aroma-scented-candle-apple-cinnamon",
    "name": "Pan Aroma Scented Candle Apple & Cinnamon 85g",
    "image_url": "https://cdn1.woolworths.media/content/wowproductimages/large/908625.jpg",
    "source_id": "Woolworths - 908625",
    "barcode": "5053249274317",
    "category_id": "1_2432B58",
    "shop": "Woolworths",
    "weight": "100G",
    "prices": [
      {
        "state": "NSW",
        "price": "480",
        "price_per_unit": "565",
        "price_unit": "G"
      },
      {
        "state": "VIC",
        "price": "480",
        "price_per_unit": "565",
        "price_unit": "G"
      },
      {
        "state": "QLD",
        "price": "480",
        "price_per_unit": "565",
        "price_unit": "G"
      },
      {
        "state": "WA",
        "price": "480",
        "price_per_unit": "565",
        "price_unit": "G"
      },
      {
        "state": "SA",
        "price": "480",
        "price_per_unit": "565",
        "price_unit": "G"
      },
      {
        "state": "TAS",
        "price": "480",
        "price_per_unit": "565",
        "price_unit": "G"
      },
      {
        "state": "ACT",
        "price": "480",
        "price_per_unit": "565",
        "price_unit": "G"
      },
      {
        "state": "NT",
        "price": "500",
        "price_per_unit": "588",
        "price_unit": "G"
      }
    ]
  },
  {
    "source_url": "https://www.woolworths.com.au/shop/productdetails/909043/pan-aroma-scented-candle-juicy-berries",
    "name": "Pan Aroma Scented Candle Juicy Berries 85g",
    "image_url": "https://cdn1.woolworths.media/content/wowproductimages/large/909043.jpg",
    "source_id": "Woolworths - 909043",
    "barcode": "5053249274287",
    "category_id": "1_2432B58",
    "shop": "Woolworths",
    "weight": "100G",
    "prices": [
      {
        "state": "NSW",
        "price": "480",
        "price_per_unit": "565",
        "price_unit": "G"
      },
      {
        "state": "VIC",
        "price": "480",
        "price_per_unit": "565",
        "price_unit": "G"
      },
      {
        "state": "QLD",
        "price": "480",
        "price_per_unit": "565",
        "price_unit": "G"
      },
      {
        "state": "WA",
        "price": "480",
        "price_per_unit": "565",
        "price_unit": "G"
      },
      {
        "state": "SA",
        "price": "480",
        "price_per_unit": "565",
        "price_unit": "G"
      },
      {
        "state": "TAS",
        "price": "480",
        "price_per_unit": "565",
        "price_unit": "G"
      },
      {
        "state": "ACT",
        "price": "480",
        "price_per_unit": "565",
        "price_unit": "G"
      },
      {
        "state": "NT",
        "price": "500",
        "price_per_unit": "588",
        "price_unit": "G"
      }
    ]
  },
  {
    "source_url": "https://www.woolworths.com.au/shop/productdetails/908528/pan-aroma-scented-candle-lavender-garden",
    "name": "Pan Aroma Scented Candle Lavender Garden 85g",
    "image_url": "https://cdn1.woolworths.media/content/wowproductimages/large/908528.jpg",
    "source_id": "Woolworths - 908528",
    "barcode": "5053249274348",
    "category_id": "1_2432B58",
    "shop": "Woolworths",
    "weight": "100G",
    "prices": [
      {
        "state": "NSW",
        "price": "480",
        "price_per_unit": "565",
        "price_unit": "G"
      },
      {
        "state": "VIC",
        "price": "480",
        "price_per_unit": "565",
        "price_unit": "G"
      },
      {
        "state": "QLD",
        "price": "480",
        "price_per_unit": "565",
        "price_unit": "G"
      },
      {
        "state": "WA",
        "price": "480",
        "price_per_unit": "565",
        "price_unit": "G"
      },
      {
        "state": "SA",
        "price": "480",
        "price_per_unit": "565",
        "price_unit": "G"
      },
      {
        "state": "TAS",
        "price": "480",
        "price_per_unit": "565",
        "price_unit": "G"
      },
      {
        "state": "ACT",
        "price": "480",
        "price_per_unit": "565",
        "price_unit": "G"
      },
      {
        "state": "NT",
        "price": "500",
        "price_per_unit": "588",
        "price_unit": "G"
      }
    ]
  },
  {
    "source_url": "https://www.woolworths.com.au/shop/productdetails/907642/pan-aroma-scented-candle-vanilla-bean",
    "name": "Pan Aroma Scented Candle Vanilla Bean 85g",
    "image_url": "https://cdn1.woolworths.media/content/wowproductimages/large/907642.jpg",
    "source_id": "Woolworths - 907642",
    "barcode": "5053249274379",
    "category_id": "1_2432B58",
    "shop": "Woolworths",
    "weight": "100G",
    "prices": [
      {
        "state": "NSW",
        "price": "480",
        "price_per_unit": "565",
        "price_unit": "G"
      },
      {
        "state": "VIC",
        "price": "480",
        "price_per_unit": "565",
        "price_unit": "G"
      },
      {
        "state": "QLD",
        "price": "480",
        "price_per_unit": "565",
        "price_unit": "G"
      },
      {
        "state": "WA",
        "price": "480",
        "price_per_unit": "565",
        "price_unit": "G"
      },
      {
        "state": "SA",
        "price": "480",
        "price_per_unit": "565",
        "price_unit": "G"
      },
      {
        "state": "TAS",
        "price": "480",
        "price_per_unit": "565",
        "price_unit": "G"
      },
      {
        "state": "ACT",
        "price": "480",
        "price_per_unit": "565",
        "price_unit": "G"
      },
      {
        "state": "NT",
        "price": "500",
        "price_per_unit": "588",
        "price_unit": "G"
      }
    ]
  },
  {
    "source_url": "https://www.woolworths.com.au/shop/productdetails/279742/strike-aerosol-disinfectant-hospital-grade-marine-fresh",
    "name": "Strike Aerosol Disinfectant Hospital Grade Marine Fresh 300g",
    "image_url": "https://cdn1.woolworths.media/content/wowproductimages/large/279742.jpg",
    "source_id": "Woolworths - 279742",
    "barcode": "9300633973872",
    "category_id": "1_2432B58",
    "shop": "Woolworths",
    "weight": "100G",
    "prices": [
      {
        "state": "NSW",
        "price": "350",
        "price_per_unit": "117",
        "price_unit": "G"
      },
      {
        "state": "VIC",
        "price": "350",
        "price_per_unit": "117",
        "price_unit": "G"
      },
      {
        "state": "WA",
        "price": "350",
        "price_per_unit": "117",
        "price_unit": "G"
      },
      {
        "state": "SA",
        "price": "350",
        "price_per_unit": "117",
        "price_unit": "G"
      },
      {
        "state": "TAS",
        "price": "350",
        "price_per_unit": "117",
        "price_unit": "G"
      },
      {
        "state": "ACT",
        "price": "350",
        "price_per_unit": "117",
        "price_unit": "G"
      },
      {
        "state": "NT",
        "price": "350",
        "price_per_unit": "117",
        "price_unit": "G"
      }
    ]
  },
  {
    "source_url": "https://www.woolworths.com.au/shop/productdetails/665353/strike-disinfectant-spray-eucalyptus",
    "name": "Strike Disinfectant Spray Eucalyptus 300g",
    "image_url": "https://cdn1.woolworths.media/content/wowproductimages/large/665353.jpg",
    "source_id": "Woolworths - 665353",
    "barcode": "9339687013487",
    "category_id": "1_2432B58",
    "shop": "Woolworths",
    "weight": "100G",
    "prices": [
      {
        "state": "NSW",
        "price": "350",
        "price_per_unit": "117",
        "price_unit": "G"
      },
      {
        "state": "VIC",
        "price": "350",
        "price_per_unit": "117",
        "price_unit": "G"
      },
      {
        "state": "QLD",
        "price": "350",
        "price_per_unit": "117",
        "price_unit": "G"
      },
      {
        "state": "WA",
        "price": "350",
        "price_per_unit": "117",
        "price_unit": "G"
      },
      {
        "state": "SA",
        "price": "350",
        "price_per_unit": "117",
        "price_unit": "G"
      },
      {
        "state": "TAS",
        "price": "350",
        "price_per_unit": "117",
        "price_unit": "G"
      },
      {
        "state": "ACT",
        "price": "350",
        "price_per_unit": "117",
        "price_unit": "G"
      },
      {
        "state": "NT",
        "price": "350",
        "price_per_unit": "117",
        "price_unit": "G"
      }
    ]
  },
  {
    "source_url": "https://www.woolworths.com.au/shop/productdetails/110399/woolworths-essentials-air-freshener-vanilla-coconut",
    "name": "Woolworths Essentials Air Freshener Vanilla & Coconut 237g",
    "image_url": "https://cdn1.woolworths.media/content/wowproductimages/large/110399.jpg",
    "source_id": "Woolworths - 110399",
    "barcode": "9339687201501",
    "category_id": "1_2432B58",
    "shop": "Woolworths",
    "weight": "100G",
    "prices": [
      {
        "state": "NSW",
        "price": "280",
        "price_per_unit": "118",
        "price_unit": "G"
      },
      {
        "state": "VIC",
        "price": "280",
        "price_per_unit": "118",
        "price_unit": "G"
      },
      {
        "state": "QLD",
        "price": "280",
        "price_per_unit": "118",
        "price_unit": "G"
      },
      {
        "state": "WA",
        "price": "280",
        "price_per_unit": "118",
        "price_unit": "G"
      },
      {
        "state": "SA",
        "price": "280",
        "price_per_unit": "118",
        "price_unit": "G"
      },
      {
        "state": "TAS",
        "price": "280",
        "price_per_unit": "118",
        "price_unit": "G"
      },
      {
        "state": "ACT",
        "price": "280",
        "price_per_unit": "118",
        "price_unit": "G"
      },
      {
        "state": "NT",
        "price": "280",
        "price_per_unit": "118",
        "price_unit": "G"
      }
    ]
  },
  {
    "source_url": "https://www.woolworths.com.au/shop/productdetails/89940/zenzone-air-freshener-odour-neutraliser-lavender-fields",
    "name": "ZenZone Air Freshener Odour Neutraliser Lavender Fields 150g",
    "image_url": "https://cdn1.woolworths.media/content/wowproductimages/large/089940.jpg",
    "source_id": "Woolworths - 89940",
    "barcode": "9339687168903",
    "category_id": "1_2432B58",
    "shop": "Woolworths",
    "weight": "10G",
    "prices": [
      {
        "state": "NSW",
        "price": "270",
        "price_per_unit": "18",
        "price_unit": "G"
      },
      {
        "state": "VIC",
        "price": "270",
        "price_per_unit": "18",
        "price_unit": "G"
      },
      {
        "state": "QLD",
        "price": "270",
        "price_per_unit": "18",
        "price_unit": "G"
      },
      {
        "state": "WA",
        "price": "270",
        "price_per_unit": "18",
        "price_unit": "G"
      },
      {
        "state": "SA",
        "price": "270",
        "price_per_unit": "18",
        "price_unit": "G"
      },
      {
        "state": "TAS",
        "price": "270",
        "price_per_unit": "18",
        "price_unit": "G"
      },
      {
        "state": "ACT",
        "price": "270",
        "price_per_unit": "18",
        "price_unit": "G"
      },
      {
        "state": "NT",
        "price": "270",
        "price_per_unit": "18",
        "price_unit": "G"
      }
    ]
  },
  {
    "source_url": "https://www.woolworths.com.au/shop/productdetails/576168/ambi-pur-car-air-freshener-mini-clip-thai-dragon-fruit",
    "name": "Ambi Pur Car Air Freshener Mini Clip Thai Dragon Fruit 2ml",
    "image_url": "https://cdn1.woolworths.media/content/wowproductimages/large/576168.jpg",
    "source_id": "Woolworths - 576168",
    "barcode": "4902430377423",
    "category_id": "1_2432B58",
    "shop": "Woolworths",
    "weight": "1EA",
    "prices": [
      {
        "state": "VIC",
        "price": "600",
        "price_per_unit": "600",
        "price_unit": "EA"
      },
      {
        "state": "QLD",
        "price": "600",
        "price_per_unit": "600",
        "price_unit": "EA"
      },
      {
        "state": "WA",
        "price": "600",
        "price_per_unit": "600",
        "price_unit": "EA"
      },
      {
        "state": "SA",
        "price": "600",
        "price_per_unit": "600",
        "price_unit": "EA"
      },
      {
        "state": "TAS",
        "price": "600",
        "price_per_unit": "600",
        "price_unit": "EA"
      },
      {
        "state": "ACT",
        "price": "600",
        "price_per_unit": "600",
        "price_unit": "EA"
      },
      {
        "state": "NT",
        "price": "600",
        "price_per_unit": "600",
        "price_unit": "EA"
      }
    ]
  },
  {
    "source_url": "https://www.woolworths.com.au/shop/productdetails/503678/ambi-pur-car-air-freshener-premium-clip-aqua",
    "name": "Ambi Pur Car Air Freshener Premium Clip Aqua 7.5ml",
    "image_url": "https://cdn1.woolworths.media/content/wowproductimages/large/503678.jpg",
    "source_id": "Woolworths - 503678",
    "barcode": "4902430571883",
    "category_id": "1_2432B58",
    "shop": "Woolworths",
    "weight": "10ML",
    "prices": [
      {
        "state": "VIC",
        "price": "880",
        "price_per_unit": "1173",
        "price_unit": "ML"
      },
      {
        "state": "QLD",
        "price": "880",
        "price_per_unit": "1173",
        "price_unit": "ML"
      },
      {
        "state": "WA",
        "price": "880",
        "price_per_unit": "1173",
        "price_unit": "ML"
      },
      {
        "state": "SA",
        "price": "880",
        "price_per_unit": "1173",
        "price_unit": "ML"
      },
      {
        "state": "TAS",
        "price": "880",
        "price_per_unit": "1173",
        "price_unit": "ML"
      },
      {
        "state": "ACT",
        "price": "880",
        "price_per_unit": "1173",
        "price_unit": "ML"
      },
      {
        "state": "NT",
        "price": "880",
        "price_per_unit": "1173",
        "price_unit": "ML"
      }
    ]
  },
  {
    "source_url": "https://www.woolworths.com.au/shop/productdetails/507554/ambi-pur-car-refill-aqua",
    "name": "Ambi Pur Car Refill Aqua 7.5ml",
    "image_url": "https://cdn1.woolworths.media/content/wowproductimages/large/507554.jpg",
    "source_id": "Woolworths - 507554",
    "barcode": "4902430571906",
    "category_id": "1_2432B58",
    "shop": "Woolworths",
    "weight": "10ML",
    "prices": [
      {
        "state": "VIC",
        "price": "1000",
        "price_per_unit": "1333",
        "price_unit": "ML"
      },
      {
        "state": "WA",
        "price": "1000",
        "price_per_unit": "1333",
        "price_unit": "ML"
      },
      {
        "state": "SA",
        "price": "890",
        "price_per_unit": "1187",
        "price_unit": "ML"
      },
      {
        "state": "TAS",
        "price": "1000",
        "price_per_unit": "1333",
        "price_unit": "ML"
      },
      {
        "state": "ACT",
        "price": "1000",
        "price_per_unit": "1333",
        "price_unit": "ML"
      },
      {
        "state": "NT",
        "price": "890",
        "price_per_unit": "1187",
        "price_unit": "ML"
      }
    ]
  },
  {
    "source_url": "https://www.woolworths.com.au/shop/productdetails/758141/ambi-pur-mini-clip-car-air-freshener-sky-breeze",
    "name": "Ambi Pur Mini Clip Car Air Freshener Sky Breeze 2ml",
    "image_url": "https://cdn1.woolworths.media/content/wowproductimages/large/758141.jpg",
    "source_id": "Woolworths - 758141",
    "barcode": "4902430377409",
    "category_id": "1_2432B58",
    "shop": "Woolworths",
    "weight": "1EA",
    "prices": [
      {
        "state": "VIC",
        "price": "600",
        "price_per_unit": "600",
        "price_unit": "EA"
      },
      {
        "state": "QLD",
        "price": "600",
        "price_per_unit": "600",
        "price_unit": "EA"
      },
      {
        "state": "WA",
        "price": "600",
        "price_per_unit": "600",
        "price_unit": "EA"
      },
      {
        "state": "SA",
        "price": "600",
        "price_per_unit": "600",
        "price_unit": "EA"
      },
      {
        "state": "TAS",
        "price": "600",
        "price_per_unit": "600",
        "price_unit": "EA"
      },
      {
        "state": "ACT",
        "price": "600",
        "price_per_unit": "600",
        "price_unit": "EA"
      },
      {
        "state": "NT",
        "price": "600",
        "price_per_unit": "600",
        "price_unit": "EA"
      }
    ]
  },
  {
    "source_url": "https://www.woolworths.com.au/shop/productdetails/106195/ambi-pur-mini-clip-car-mould-fighter-aqua-violet-jasmine",
    "name": "Ambi Pur Mini Clip Car Mould Fighter Aqua & Violet Jasmine Each",
    "image_url": "https://cdn1.woolworths.media/content/wowproductimages/large/106195.jpg",
    "source_id": "Woolworths - 106195",
    "barcode": "4902430190046",
    "category_id": "1_2432B58",
    "shop": "Woolworths",
    "weight": "10ML",
    "prices": [
      {
        "state": "VIC",
        "price": "600",
        "price_per_unit": "2727",
        "price_unit": "ML"
      },
      {
        "state": "QLD",
        "price": "600",
        "price_per_unit": "2727",
        "price_unit": "ML"
      },
      {
        "state": "WA",
        "price": "600",
        "price_per_unit": "2727",
        "price_unit": "ML"
      },
      {
        "state": "SA",
        "price": "600",
        "price_per_unit": "2727",
        "price_unit": "ML"
      },
      {
        "state": "TAS",
        "price": "600",
        "price_per_unit": "2727",
        "price_unit": "ML"
      },
      {
        "state": "ACT",
        "price": "600",
        "price_per_unit": "2727",
        "price_unit": "ML"
      },
      {
        "state": "NT",
        "price": "600",
        "price_per_unit": "2727",
        "price_unit": "ML"
      }
    ]
  },
  {
    "source_url": "https://www.woolworths.com.au/shop/productdetails/250458/ambi-pur-premium-clip-car-air-freshener-refill-vanilla-voyage",
    "name": "Ambi Pur Premium Clip Car Air Freshener Refill Vanilla Voyage 2 x7.5ml",
    "image_url": "https://cdn1.woolworths.media/content/wowproductimages/large/250458.jpg",
    "source_id": "Woolworths - 250458",
    "barcode": "4902430571760",
    "category_id": "1_2432B58",
    "shop": "Woolworths",
    "weight": "10ML",
    "prices": [
      {
        "state": "VIC",
        "price": "1000",
        "price_per_unit": "714",
        "price_unit": "ML"
      },
      {
        "state": "QLD",
        "price": "890",
        "price_per_unit": "636",
        "price_unit": "ML"
      },
      {
        "state": "WA",
        "price": "1000",
        "price_per_unit": "714",
        "price_unit": "ML"
      },
      {
        "state": "SA",
        "price": "890",
        "price_per_unit": "636",
        "price_unit": "ML"
      },
      {
        "state": "TAS",
        "price": "1000",
        "price_per_unit": "714",
        "price_unit": "ML"
      },
      {
        "state": "ACT",
        "price": "1000",
        "price_per_unit": "714",
        "price_unit": "ML"
      },
      {
        "state": "NT",
        "price": "890",
        "price_per_unit": "636",
        "price_unit": "ML"
      }
    ]
  },
  {
    "source_url": "https://www.woolworths.com.au/shop/productdetails/210226/ambi-pur-premium-clip-car-air-freshener-vanilla-voyage",
    "name": "Ambi Pur Premium Clip Car Air Freshener Vanilla Voyage 7.5ml",
    "image_url": "https://cdn1.woolworths.media/content/wowproductimages/large/210226.jpg",
    "source_id": "Woolworths - 210226",
    "barcode": "4902430571418",
    "category_id": "1_2432B58",
    "shop": "Woolworths",
    "weight": "10ML",
    "prices": [
      {
        "state": "VIC",
        "price": "880",
        "price_per_unit": "1257",
        "price_unit": "ML"
      },
      {
        "state": "QLD",
        "price": "880",
        "price_per_unit": "1257",
        "price_unit": "ML"
      },
      {
        "state": "WA",
        "price": "880",
        "price_per_unit": "1257",
        "price_unit": "ML"
      },
      {
        "state": "SA",
        "price": "880",
        "price_per_unit": "1257",
        "price_unit": "ML"
      },
      {
        "state": "TAS",
        "price": "880",
        "price_per_unit": "1257",
        "price_unit": "ML"
      },
      {
        "state": "ACT",
        "price": "880",
        "price_per_unit": "1257",
        "price_unit": "ML"
      },
      {
        "state": "NT",
        "price": "880",
        "price_per_unit": "1257",
        "price_unit": "ML"
      }
    ]
  },
  {
    "source_url": "https://www.woolworths.com.au/shop/productdetails/546054/air-wick-automatic-air-freshener-island-breeze",
    "name": "Air Wick Automatic Air Freshener Island Breeze 228mL",
    "image_url": "https://cdn1.woolworths.media/content/wowproductimages/large/546054.jpg",
    "source_id": "Woolworths - 546054",
    "barcode": "9300701775773",
    "category_id": "1_2432B58",
    "shop": "Woolworths",
    "weight": "100ML",
    "prices": [
      {
        "state": "VIC",
        "price": "1300",
        "price_per_unit": "570",
        "price_unit": "ML"
      },
      {
        "state": "QLD",
        "price": "1300",
        "price_per_unit": "570",
        "price_unit": "ML"
      },
      {
        "state": "WA",
        "price": "1300",
        "price_per_unit": "570",
        "price_unit": "ML"
      },
      {
        "state": "SA",
        "price": "1300",
        "price_per_unit": "570",
        "price_unit": "ML"
      },
      {
        "state": "TAS",
        "price": "1300",
        "price_per_unit": "570",
        "price_unit": "ML"
      },
      {
        "state": "ACT",
        "price": "1300",
        "price_per_unit": "570",
        "price_unit": "ML"
      },
      {
        "state": "NT",
        "price": "1365",
        "price_per_unit": "599",
        "price_unit": "ML"
      }
    ]
  },
  {
    "source_url": "https://www.woolworths.com.au/shop/productdetails/483891/air-wick-automatic-air-freshener-apple-blossom-cotton",
    "name": "Air Wick Automatic Air Freshener Apple Blossom & Cotton 228mL",
    "image_url": "https://cdn1.woolworths.media/content/wowproductimages/large/483891.jpg",
    "source_id": "Woolworths - 483891",
    "barcode": "9300701775766",
    "category_id": "1_2432B58",
    "shop": "Woolworths",
    "weight": "100ML",
    "prices": [
      {
        "state": "VIC",
        "price": "1300",
        "price_per_unit": "570",
        "price_unit": "ML"
      },
      {
        "state": "QLD",
        "price": "1300",
        "price_per_unit": "570",
        "price_unit": "ML"
      },
      {
        "state": "WA",
        "price": "1300",
        "price_per_unit": "570",
        "price_unit": "ML"
      },
      {
        "state": "SA",
        "price": "1300",
        "price_per_unit": "570",
        "price_unit": "ML"
      },
      {
        "state": "TAS",
        "price": "1300",
        "price_per_unit": "570",
        "price_unit": "ML"
      },
      {
        "state": "ACT",
        "price": "1300",
        "price_per_unit": "570",
        "price_unit": "ML"
      },
      {
        "state": "NT",
        "price": "1365",
        "price_per_unit": "599",
        "price_unit": "ML"
      }
    ]
  },
  {
    "source_url": "https://www.woolworths.com.au/shop/productdetails/497997/air-wick-automatic-air-freshener-refill-apple-blossom-cotton",
    "name": "Air Wick Automatic Air Freshener Refill Apple Blossom & Cotton 228mL",
    "image_url": "https://cdn1.woolworths.media/content/wowproductimages/large/497997.jpg",
    "source_id": "Woolworths - 497997",
    "barcode": "9300701769154",
    "category_id": "1_2432B58",
    "shop": "Woolworths",
    "weight": "100ML",
    "prices": [
      {
        "state": "VIC",
        "price": "1500",
        "price_per_unit": "658",
        "price_unit": "ML"
      },
      {
        "state": "QLD",
        "price": "1500",
        "price_per_unit": "658",
        "price_unit": "ML"
      },
      {
        "state": "WA",
        "price": "1500",
        "price_per_unit": "658",
        "price_unit": "ML"
      },
      {
        "state": "SA",
        "price": "1500",
        "price_per_unit": "658",
        "price_unit": "ML"
      },
      {
        "state": "TAS",
        "price": "1500",
        "price_per_unit": "658",
        "price_unit": "ML"
      },
      {
        "state": "ACT",
        "price": "1500",
        "price_per_unit": "658",
        "price_unit": "ML"
      },
      {
        "state": "NT",
        "price": "1570",
        "price_per_unit": "689",
        "price_unit": "ML"
      }
    ]
  },
  {
    "source_url": "https://www.woolworths.com.au/shop/productdetails/546084/air-wick-automatic-air-freshener-refill-island-breeze",
    "name": "Air Wick Automatic Air Freshener Refill Island Breeze 228mL",
    "image_url": "https://cdn1.woolworths.media/content/wowproductimages/large/546084.jpg",
    "source_id": "Woolworths - 546084",
    "barcode": "9300701769147",
    "category_id": "1_2432B58",
    "shop": "Woolworths",
    "weight": "100ML",
    "prices": [
      {
        "state": "VIC",
        "price": "1500",
        "price_per_unit": "658",
        "price_unit": "ML"
      },
      {
        "state": "QLD",
        "price": "1500",
        "price_per_unit": "658",
        "price_unit": "ML"
      },
      {
        "state": "WA",
        "price": "1500",
        "price_per_unit": "658",
        "price_unit": "ML"
      },
      {
        "state": "SA",
        "price": "1500",
        "price_per_unit": "658",
        "price_unit": "ML"
      },
      {
        "state": "TAS",
        "price": "1500",
        "price_per_unit": "658",
        "price_unit": "ML"
      },
      {
        "state": "ACT",
        "price": "1500",
        "price_per_unit": "658",
        "price_unit": "ML"
      },
      {
        "state": "NT",
        "price": "1570",
        "price_per_unit": "689",
        "price_unit": "ML"
      }
    ]
  },
  {
    "source_url": "https://www.woolworths.com.au/shop/productdetails/237583/air-wick-botanica-coconut-patchouli-plug-in-diffuser-refill",
    "name": "Air Wick Botanica Coconut & Patchouli Plug-In Diffuser Refill 19ml x 2 Pack",
    "image_url": "https://cdn1.woolworths.media/content/wowproductimages/large/237583.jpg",
    "source_id": "Woolworths - 237583",
    "barcode": "9300701068844",
    "category_id": "1_2432B58",
    "shop": "Woolworths",
    "weight": "10ML",
    "prices": [
      {
        "state": "VIC",
        "price": "1550",
        "price_per_unit": "408",
        "price_unit": "ML"
      },
      {
        "state": "WA",
        "price": "1550",
        "price_per_unit": "408",
        "price_unit": "ML"
      },
      {
        "state": "SA",
        "price": "1550",
        "price_per_unit": "408",
        "price_unit": "ML"
      },
      {
        "state": "ACT",
        "price": "1550",
        "price_per_unit": "408",
        "price_unit": "ML"
      },
      {
        "state": "NT",
        "price": "1625",
        "price_per_unit": "428",
        "price_unit": "ML"
      }
    ]
  },
  {
    "source_url": "https://www.woolworths.com.au/shop/productdetails/236714/air-wick-botanica-coconut-milk-indonesian-patchouli-candle",
    "name": "Air Wick Botanica Coconut Milk & Indonesian Patchouli Candle 205g",
    "image_url": "https://cdn1.woolworths.media/content/wowproductimages/large/236714.jpg",
    "source_id": "Woolworths - 236714",
    "barcode": "9300701070960",
    "category_id": "1_2432B58",
    "shop": "Woolworths",
    "weight": "100G",
    "prices": [
      {
        "state": "VIC",
        "price": "2000",
        "price_per_unit": "976",
        "price_unit": "G"
      },
      {
        "state": "WA",
        "price": "2000",
        "price_per_unit": "976",
        "price_unit": "G"
      },
      {
        "state": "SA",
        "price": "2000",
        "price_per_unit": "976",
        "price_unit": "G"
      },
      {
        "state": "ACT",
        "price": "2000",
        "price_per_unit": "976",
        "price_unit": "G"
      },
      {
        "state": "NT",
        "price": "2000",
        "price_per_unit": "976",
        "price_unit": "G"
      }
    ]
  },
  {
    "source_url": "https://www.woolworths.com.au/shop/productdetails/271874/air-wick-botanica-cypress-guava-air-freshener-room-spray",
    "name": "Air Wick Botanica Cypress & Guava Air Freshener Room Spray 236mL",
    "image_url": "https://cdn1.woolworths.media/content/wowproductimages/large/271874.jpg",
    "source_id": "Woolworths - 271874",
    "barcode": "9300701277475",
    "category_id": "1_2432B58",
    "shop": "Woolworths",
    "weight": "100ML",
    "prices": [
      {
        "state": "VIC",
        "price": "900",
        "price_per_unit": "381",
        "price_unit": "ML"
      },
      {
        "state": "WA",
        "price": "900",
        "price_per_unit": "381",
        "price_unit": "ML"
      },
      {
        "state": "SA",
        "price": "900",
        "price_per_unit": "381",
        "price_unit": "ML"
      },
      {
        "state": "ACT",
        "price": "900",
        "price_per_unit": "381",
        "price_unit": "ML"
      },
      {
        "state": "NT",
        "price": "950",
        "price_per_unit": "403",
        "price_unit": "ML"
      }
    ]
  },
  {
    "source_url": "https://www.woolworths.com.au/shop/productdetails/545903/air-wick-botanica-frangrance-refills-jasmine-cinnamon",
    "name": "Air Wick Botanica Frangrance Refills Jasmine & Cinnamon 2 Pack",
    "image_url": "https://cdn1.woolworths.media/content/wowproductimages/large/545903.jpg",
    "source_id": "Woolworths - 545903",
    "barcode": "9300701401252",
    "category_id": "1_2432B58",
    "shop": "Woolworths",
    "weight": "10ML",
    "prices": [
      {
        "state": "VIC",
        "price": "1550",
        "price_per_unit": "408",
        "price_unit": "ML"
      },
      {
        "state": "WA",
        "price": "1550",
        "price_per_unit": "408",
        "price_unit": "ML"
      },
      {
        "state": "SA",
        "price": "1550",
        "price_per_unit": "408",
        "price_unit": "ML"
      },
      {
        "state": "ACT",
        "price": "1550",
        "price_per_unit": "408",
        "price_unit": "ML"
      },
      {
        "state": "NT",
        "price": "1625",
        "price_per_unit": "428",
        "price_unit": "ML"
      }
    ]
  },
  {
    "source_url": "https://www.woolworths.com.au/shop/productdetails/84604/air-wick-botanica-french-lavender-air-freshener-room-spray",
    "name": "Air Wick Botanica French Lavender Air Freshener Room Spray 236ml",
    "image_url": "https://cdn1.woolworths.media/content/wowproductimages/large/084604.jpg",
    "source_id": "Woolworths - 84604",
    "barcode": "9300701150037",
    "category_id": "1_2432B58",
    "shop": "Woolworths",
    "weight": "100ML",
    "prices": [
      {
        "state": "VIC",
        "price": "900",
        "price_per_unit": "381",
        "price_unit": "ML"
      },
      {
        "state": "QLD",
        "price": "900",
        "price_per_unit": "381",
        "price_unit": "ML"
      },
      {
        "state": "WA",
        "price": "900",
        "price_per_unit": "381",
        "price_unit": "ML"
      },
      {
        "state": "SA",
        "price": "900",
        "price_per_unit": "381",
        "price_unit": "ML"
      },
      {
        "state": "TAS",
        "price": "900",
        "price_per_unit": "381",
        "price_unit": "ML"
      },
      {
        "state": "ACT",
        "price": "900",
        "price_per_unit": "381",
        "price_unit": "ML"
      },
      {
        "state": "NT",
        "price": "950",
        "price_per_unit": "403",
        "price_unit": "ML"
      }
    ]
  },
  {
    "source_url": "https://www.woolworths.com.au/shop/productdetails/267304/air-wick-botanica-ginger-mandarin-reed-diffuser",
    "name": "Air Wick Botanica Ginger & Mandarin Reed Diffuser 80mL",
    "image_url": "https://cdn1.woolworths.media/content/wowproductimages/large/267304.jpg",
    "source_id": "Woolworths - 267304",
    "barcode": "9300701273156",
    "category_id": "1_2432B58",
    "shop": "Woolworths",
    "weight": "10ML",
    "prices": [
      {
        "state": "VIC",
        "price": "2000",
        "price_per_unit": "250",
        "price_unit": "ML"
      },
      {
        "state": "QLD",
        "price": "2000",
        "price_per_unit": "250",
        "price_unit": "ML"
      },
      {
        "state": "WA",
        "price": "2000",
        "price_per_unit": "250",
        "price_unit": "ML"
      },
      {
        "state": "SA",
        "price": "2000",
        "price_per_unit": "250",
        "price_unit": "ML"
      },
      {
        "state": "ACT",
        "price": "2000",
        "price_per_unit": "250",
        "price_unit": "ML"
      }
    ]
  },
  {
    "source_url": "https://www.woolworths.com.au/shop/productdetails/79095/air-wick-botanica-island-rose-african-geranium-reed-diffuser",
    "name": "Air Wick Botanica Island Rose & African Geranium  Reed Diffuser 80mL",
    "image_url": "https://cdn1.woolworths.media/content/wowproductimages/large/079095.jpg",
    "source_id": "Woolworths - 79095",
    "barcode": "9300701111984",
    "category_id": "1_2432B58",
    "shop": "Woolworths",
    "weight": "10ML",
    "prices": [
      {
        "state": "VIC",
        "price": "2000",
        "price_per_unit": "250",
        "price_unit": "ML"
      },
      {
        "state": "QLD",
        "price": "2000",
        "price_per_unit": "250",
        "price_unit": "ML"
      },
      {
        "state": "WA",
        "price": "2000",
        "price_per_unit": "250",
        "price_unit": "ML"
      },
      {
        "state": "SA",
        "price": "2000",
        "price_per_unit": "250",
        "price_unit": "ML"
      },
      {
        "state": "TAS",
        "price": "2000",
        "price_per_unit": "250",
        "price_unit": "ML"
      },
      {
        "state": "ACT",
        "price": "2000",
        "price_per_unit": "250",
        "price_unit": "ML"
      },
      {
        "state": "NT",
        "price": "2000",
        "price_per_unit": "250",
        "price_unit": "ML"
      }
    ]
  },
  {
    "source_url": "https://www.woolworths.com.au/shop/productdetails/419423/armor-all-new-car-air-freshener",
    "name": "Armor All New Car Air Freshener Each",
    "image_url": "https://cdn1.woolworths.media/content/wowproductimages/large/419423.jpg",
    "source_id": "Woolworths - 419423",
    "barcode": "9345216001641",
    "category_id": "1_2432B58",
    "shop": "Woolworths",
    "weight": "10ML",
    "prices": [
      {
        "state": "VIC",
        "price": "1100",
        "price_per_unit": "4400",
        "price_unit": "ML"
      },
      {
        "state": "ACT",
        "price": "1100",
        "price_per_unit": "4400",
        "price_unit": "ML"
      },
      {
        "state": "NT",
        "price": "1100",
        "price_per_unit": "4400",
        "price_unit": "ML"
      }
    ]
  },
  {
    "source_url": "https://www.woolworths.com.au/shop/productdetails/265402/air-wick-botanica-jasmine-cinnamon-automatic-air-freshener-refill",
    "name": "Air Wick Botanica Jasmine & Cinnamon Automatic Air Freshener Refill 224ml",
    "image_url": "https://cdn1.woolworths.media/content/wowproductimages/large/265402.jpg",
    "source_id": "Woolworths - 265402",
    "barcode": "9300701790042",
    "category_id": "1_2432B58",
    "shop": "Woolworths",
    "weight": "100ML",
    "prices": [
      {
        "state": "VIC",
        "price": "1500",
        "price_per_unit": "670",
        "price_unit": "ML"
      },
      {
        "state": "QLD",
        "price": "1500",
        "price_per_unit": "670",
        "price_unit": "ML"
      },
      {
        "state": "WA",
        "price": "1500",
        "price_per_unit": "670",
        "price_unit": "ML"
      },
      {
        "state": "SA",
        "price": "1500",
        "price_per_unit": "670",
        "price_unit": "ML"
      },
      {
        "state": "TAS",
        "price": "1500",
        "price_per_unit": "670",
        "price_unit": "ML"
      },
      {
        "state": "ACT",
        "price": "1500",
        "price_per_unit": "670",
        "price_unit": "ML"
      },
      {
        "state": "NT",
        "price": "1575",
        "price_per_unit": "703",
        "price_unit": "ML"
      }
    ]
  },
  {
    "source_url": "https://www.woolworths.com.au/shop/productdetails/272132/air-wick-botanica-jasmine-cinnamon-plug-in-diffuser",
    "name": "Air Wick Botanica Jasmine & Cinnamon Plug-In Diffuser 19mL",
    "image_url": "https://cdn1.woolworths.media/content/wowproductimages/large/272132.jpg",
    "source_id": "Woolworths - 272132",
    "barcode": "9300701276058",
    "category_id": "1_2432B58",
    "shop": "Woolworths",
    "weight": "10ML",
    "prices": [
      {
        "state": "VIC",
        "price": "1700",
        "price_per_unit": "895",
        "price_unit": "ML"
      },
      {
        "state": "WA",
        "price": "1700",
        "price_per_unit": "895",
        "price_unit": "ML"
      },
      {
        "state": "SA",
        "price": "1700",
        "price_per_unit": "895",
        "price_unit": "ML"
      },
      {
        "state": "ACT",
        "price": "1700",
        "price_per_unit": "895",
        "price_unit": "ML"
      },
      {
        "state": "NT",
        "price": "1785",
        "price_per_unit": "939",
        "price_unit": "ML"
      }
    ]
  },
  {
    "source_url": "https://www.woolworths.com.au/shop/productdetails/265163/air-wick-botanica-mint-grapefruit-automatic-air-freshener-refill",
    "name": "Air Wick Botanica Mint & Grapefruit Automatic Air Freshener Refill 224ml",
    "image_url": "https://cdn1.woolworths.media/content/wowproductimages/large/265163.jpg",
    "source_id": "Woolworths - 265163",
    "barcode": "9300701790066",
    "category_id": "1_2432B58",
    "shop": "Woolworths",
    "weight": "100ML",
    "prices": [
      {
        "state": "VIC",
        "price": "1500",
        "price_per_unit": "670",
        "price_unit": "ML"
      },
      {
        "state": "WA",
        "price": "1500",
        "price_per_unit": "670",
        "price_unit": "ML"
      },
      {
        "state": "SA",
        "price": "1500",
        "price_per_unit": "670",
        "price_unit": "ML"
      },
      {
        "state": "ACT",
        "price": "1500",
        "price_per_unit": "670",
        "price_unit": "ML"
      },
      {
        "state": "NT",
        "price": "1575",
        "price_per_unit": "703",
        "price_unit": "ML"
      }
    ]
  },
  {
    "source_url": "https://www.woolworths.com.au/shop/productdetails/78662/air-wick-botanica-vanilla-himalayan-magnolia-candle",
    "name": "Air Wick Botanica Vanilla & Himalayan Magnolia Candle 205g",
    "image_url": "https://cdn1.woolworths.media/content/wowproductimages/large/078662.jpg",
    "source_id": "Woolworths - 78662",
    "barcode": "9300701111960",
    "category_id": "1_2432B58",
    "shop": "Woolworths",
    "weight": "100G",
    "prices": [
      {
        "state": "VIC",
        "price": "2000",
        "price_per_unit": "976",
        "price_unit": "G"
      },
      {
        "state": "QLD",
        "price": "2000",
        "price_per_unit": "976",
        "price_unit": "G"
      },
      {
        "state": "WA",
        "price": "2000",
        "price_per_unit": "976",
        "price_unit": "G"
      },
      {
        "state": "SA",
        "price": "2000",
        "price_per_unit": "976",
        "price_unit": "G"
      },
      {
        "state": "TAS",
        "price": "2000",
        "price_per_unit": "976",
        "price_unit": "G"
      },
      {
        "state": "ACT",
        "price": "2000",
        "price_per_unit": "976",
        "price_unit": "G"
      },
      {
        "state": "NT",
        "price": "2000",
        "price_per_unit": "976",
        "price_unit": "G"
      }
    ]
  },
  {
    "source_url": "https://www.woolworths.com.au/shop/productdetails/650088/armor-all-summer-melons-air-freshener",
    "name": "Armor All Summer Melons Air Freshener Each",
    "image_url": "https://cdn1.woolworths.media/content/wowproductimages/large/650088.jpg",
    "source_id": "Woolworths - 650088",
    "barcode": "9345216001825",
    "category_id": "1_2432B58",
    "shop": "Woolworths",
    "weight": "10ML",
    "prices": [
      {
        "state": "VIC",
        "price": "1100",
        "price_per_unit": "4400",
        "price_unit": "ML"
      },
      {
        "state": "ACT",
        "price": "1100",
        "price_per_unit": "4400",
        "price_unit": "ML"
      },
      {
        "state": "NT",
        "price": "1100",
        "price_per_unit": "4400",
        "price_unit": "ML"
      }
    ]
  },
  {
    "source_url": "https://www.woolworths.com.au/shop/productdetails/905528/air-wick-cake-delights-plug-in-diffuser-refill",
    "name": "Air Wick Cake Delights Plug in Diffuser Refill 19mL x 2 pack",
    "image_url": "https://cdn1.woolworths.media/content/wowproductimages/large/905528.jpg",
    "source_id": "Woolworths - 905528",
    "barcode": "9300701753832",
    "category_id": "1_2432B58",
    "shop": "Woolworths",
    "weight": "100ML",
    "prices": [
      {
        "state": "VIC",
        "price": "1400",
        "price_per_unit": "3684",
        "price_unit": "ML"
      },
      {
        "state": "QLD",
        "price": "1400",
        "price_per_unit": "3684",
        "price_unit": "ML"
      },
      {
        "state": "WA",
        "price": "1400",
        "price_per_unit": "3684",
        "price_unit": "ML"
      },
      {
        "state": "SA",
        "price": "1400",
        "price_per_unit": "3684",
        "price_unit": "ML"
      },
      {
        "state": "TAS",
        "price": "1400",
        "price_per_unit": "3684",
        "price_unit": "ML"
      },
      {
        "state": "ACT",
        "price": "1400",
        "price_per_unit": "3684",
        "price_unit": "ML"
      },
      {
        "state": "NT",
        "price": "1470",
        "price_per_unit": "3868",
        "price_unit": "ML"
      }
    ]
  },
  {
    "source_url": "https://www.woolworths.com.au/shop/productdetails/201824/air-wick-essential-mist-happiness-pineapple-diffuser",
    "name": "Air Wick Essential Mist Happiness Pineapple Diffuser 20ml",
    "image_url": "https://cdn1.woolworths.media/content/wowproductimages/large/201824.jpg",
    "source_id": "Woolworths - 201824",
    "barcode": "9300701026530",
    "category_id": "1_2432B58",
    "shop": "Woolworths",
    "weight": "10ML",
    "prices": [
      {
        "state": "VIC",
        "price": "1750",
        "price_per_unit": "875",
        "price_unit": "ML"
      },
      {
        "state": "QLD",
        "price": "1750",
        "price_per_unit": "875",
        "price_unit": "ML"
      },
      {
        "state": "WA",
        "price": "1750",
        "price_per_unit": "875",
        "price_unit": "ML"
      },
      {
        "state": "SA",
        "price": "1750",
        "price_per_unit": "875",
        "price_unit": "ML"
      },
      {
        "state": "TAS",
        "price": "1750",
        "price_per_unit": "875",
        "price_unit": "ML"
      },
      {
        "state": "ACT",
        "price": "1750",
        "price_per_unit": "875",
        "price_unit": "ML"
      },
      {
        "state": "NT",
        "price": "1750",
        "price_per_unit": "875",
        "price_unit": "ML"
      }
    ]
  },
  {
    "source_url": "https://www.woolworths.com.au/shop/productdetails/202152/air-wick-essential-mist-happiness-pineapple-diffuser-refill",
    "name": "Air Wick Essential Mist Happiness Pineapple Diffuser Refill 20ml",
    "image_url": "https://cdn1.woolworths.media/content/wowproductimages/large/202152.jpg",
    "source_id": "Woolworths - 202152",
    "barcode": "9300701035075",
    "category_id": "1_2432B58",
    "shop": "Woolworths",
    "weight": "10ML",
    "prices": [
      {
        "state": "VIC",
        "price": "900",
        "price_per_unit": "450",
        "price_unit": "ML"
      },
      {
        "state": "QLD",
        "price": "900",
        "price_per_unit": "450",
        "price_unit": "ML"
      },
      {
        "state": "WA",
        "price": "900",
        "price_per_unit": "450",
        "price_unit": "ML"
      },
      {
        "state": "SA",
        "price": "900",
        "price_per_unit": "450",
        "price_unit": "ML"
      },
      {
        "state": "TAS",
        "price": "900",
        "price_per_unit": "450",
        "price_unit": "ML"
      },
      {
        "state": "ACT",
        "price": "900",
        "price_per_unit": "450",
        "price_unit": "ML"
      },
      {
        "state": "NT",
        "price": "940",
        "price_per_unit": "470",
        "price_unit": "ML"
      }
    ]
  },
  {
    "source_url": "https://www.woolworths.com.au/shop/productdetails/201954/air-wick-essential-mist-peace-lavender-eucalyptus-diffuser-refill",
    "name": "Air Wick Essential Mist Peace Lavender & Eucalyptus Diffuser Refill 20ml",
    "image_url": "https://cdn1.woolworths.media/content/wowproductimages/large/201954.jpg",
    "source_id": "Woolworths - 201954",
    "barcode": "9300701026547",
    "category_id": "1_2432B58",
    "shop": "Woolworths",
    "weight": "10ML",
    "prices": [
      {
        "state": "VIC",
        "price": "900",
        "price_per_unit": "450",
        "price_unit": "ML"
      },
      {
        "state": "WA",
        "price": "900",
        "price_per_unit": "450",
        "price_unit": "ML"
      },
      {
        "state": "SA",
        "price": "900",
        "price_per_unit": "450",
        "price_unit": "ML"
      },
      {
        "state": "ACT",
        "price": "900",
        "price_per_unit": "450",
        "price_unit": "ML"
      },
      {
        "state": "NT",
        "price": "940",
        "price_per_unit": "470",
        "price_unit": "ML"
      }
    ]
  },
  {
    "source_url": "https://www.woolworths.com.au/shop/productdetails/841808/air-wick-essential-oils-frangipani-plug-in-diffuser-refill",
    "name": "Air Wick Essential Oils Frangipani Plug-In Diffuser Refill 19mL x 3 pack",
    "image_url": "https://cdn1.woolworths.media/content/wowproductimages/large/841808.jpg",
    "source_id": "Woolworths - 841808",
    "barcode": "9300701755317",
    "category_id": "1_2432B58",
    "shop": "Woolworths",
    "weight": "10ML",
    "prices": [
      {
        "state": "VIC",
        "price": "1800",
        "price_per_unit": "316",
        "price_unit": "ML"
      },
      {
        "state": "QLD",
        "price": "1800",
        "price_per_unit": "316",
        "price_unit": "ML"
      },
      {
        "state": "WA",
        "price": "1800",
        "price_per_unit": "316",
        "price_unit": "ML"
      },
      {
        "state": "SA",
        "price": "1800",
        "price_per_unit": "316",
        "price_unit": "ML"
      },
      {
        "state": "TAS",
        "price": "1800",
        "price_per_unit": "316",
        "price_unit": "ML"
      },
      {
        "state": "ACT",
        "price": "1800",
        "price_per_unit": "316",
        "price_unit": "ML"
      },
      {
        "state": "NT",
        "price": "1890",
        "price_per_unit": "332",
        "price_unit": "ML"
      }
    ]
  },
  {
    "source_url": "https://www.woolworths.com.au/shop/productdetails/817004/air-wick-essential-oils-freshmatic-air-freshener-frangipani-refill",
    "name": "Air Wick Essential Oils Freshmatic Air Freshener Frangipani Refill 174g",
    "image_url": "https://cdn1.woolworths.media/content/wowproductimages/large/817004.jpg",
    "source_id": "Woolworths - 817004",
    "barcode": "9300701741136",
    "category_id": "1_2432B58",
    "shop": "Woolworths",
    "weight": "100G",
    "prices": [
      {
        "state": "VIC",
        "price": "1100",
        "price_per_unit": "632",
        "price_unit": "G"
      },
      {
        "state": "QLD",
        "price": "1100",
        "price_per_unit": "632",
        "price_unit": "G"
      },
      {
        "state": "WA",
        "price": "1100",
        "price_per_unit": "632",
        "price_unit": "G"
      },
      {
        "state": "SA",
        "price": "1100",
        "price_per_unit": "632",
        "price_unit": "G"
      },
      {
        "state": "TAS",
        "price": "1100",
        "price_per_unit": "632",
        "price_unit": "G"
      },
      {
        "state": "ACT",
        "price": "1100",
        "price_per_unit": "632",
        "price_unit": "G"
      },
      {
        "state": "NT",
        "price": "1100",
        "price_per_unit": "632",
        "price_unit": "G"
      }
    ]
  },
  {
    "source_url": "https://www.woolworths.com.au/shop/productdetails/817005/air-wick-essential-oils-freshmatic-lavender-plug-in-diffuser",
    "name": "Air Wick Essential Oils Freshmatic Lavender Plug-In Diffuser 174g",
    "image_url": "https://cdn1.woolworths.media/content/wowproductimages/large/817005.jpg",
    "source_id": "Woolworths - 817005",
    "barcode": "9300701741150",
    "category_id": "1_2432B58",
    "shop": "Woolworths",
    "weight": "100G",
    "prices": [
      {
        "state": "VIC",
        "price": "1100",
        "price_per_unit": "632",
        "price_unit": "G"
      },
      {
        "state": "WA",
        "price": "1100",
        "price_per_unit": "632",
        "price_unit": "G"
      },
      {
        "state": "SA",
        "price": "1100",
        "price_per_unit": "632",
        "price_unit": "G"
      },
      {
        "state": "ACT",
        "price": "1100",
        "price_per_unit": "632",
        "price_unit": "G"
      },
      {
        "state": "NT",
        "price": "1100",
        "price_per_unit": "632",
        "price_unit": "G"
      }
    ]
  },
  {
    "source_url": "https://www.woolworths.com.au/shop/productdetails/274213/air-wick-essential-oils-lavender-plug-in-diffuser-refill",
    "name": "Air Wick Essential Oils Lavender Plug-In Diffuser Refill 19ml 3 Pack",
    "image_url": "https://cdn1.woolworths.media/content/wowproductimages/large/274213.jpg",
    "source_id": "Woolworths - 274213",
    "barcode": "9300701790080",
    "category_id": "1_2432B58",
    "shop": "Woolworths",
    "weight": "10ML",
    "prices": [
      {
        "state": "VIC",
        "price": "1800",
        "price_per_unit": "316",
        "price_unit": "ML"
      },
      {
        "state": "QLD",
        "price": "1800",
        "price_per_unit": "316",
        "price_unit": "ML"
      },
      {
        "state": "WA",
        "price": "1800",
        "price_per_unit": "316",
        "price_unit": "ML"
      },
      {
        "state": "SA",
        "price": "1800",
        "price_per_unit": "316",
        "price_unit": "ML"
      },
      {
        "state": "TAS",
        "price": "1800",
        "price_per_unit": "316",
        "price_unit": "ML"
      },
      {
        "state": "ACT",
        "price": "1800",
        "price_per_unit": "316",
        "price_unit": "ML"
      },
      {
        "state": "NT",
        "price": "1890",
        "price_per_unit": "332",
        "price_unit": "ML"
      }
    ]
  },
  {
    "source_url": "https://www.woolworths.com.au/shop/productdetails/263309/air-wick-essential-oils-sea-mist-plug-in-diffuser",
    "name": "Air Wick Essential Oils Sea Mist Plug-In Diffuser each",
    "image_url": "https://cdn1.woolworths.media/content/wowproductimages/large/263309.jpg",
    "source_id": "Woolworths - 263309",
    "barcode": "9300701790103",
    "category_id": "1_2432B58",
    "shop": "Woolworths",
    "weight": "10ML",
    "prices": [
      {
        "state": "VIC",
        "price": "700",
        "price_per_unit": "368",
        "price_unit": "ML"
      },
      {
        "state": "QLD",
        "price": "700",
        "price_per_unit": "368",
        "price_unit": "ML"
      },
      {
        "state": "WA",
        "price": "700",
        "price_per_unit": "368",
        "price_unit": "ML"
      },
      {
        "state": "SA",
        "price": "700",
        "price_per_unit": "368",
        "price_unit": "ML"
      },
      {
        "state": "TAS",
        "price": "700",
        "price_per_unit": "368",
        "price_unit": "ML"
      },
      {
        "state": "ACT",
        "price": "700",
        "price_per_unit": "368",
        "price_unit": "ML"
      },
      {
        "state": "NT",
        "price": "735",
        "price_per_unit": "387",
        "price_unit": "ML"
      }
    ]
  },
  {
    "source_url": "https://www.woolworths.com.au/shop/productdetails/266667/air-wick-essential-oils-sea-mist-plug-in-diffuser-refill",
    "name": "Air Wick Essential Oils Sea Mist Plug-In Diffuser Refill 2 pack",
    "image_url": "https://cdn1.woolworths.media/content/wowproductimages/large/266667.jpg",
    "source_id": "Woolworths - 266667",
    "barcode": "9300701790127",
    "category_id": "1_2432B58",
    "shop": "Woolworths",
    "weight": "10ML",
    "prices": [
      {
        "state": "VIC",
        "price": "1400",
        "price_per_unit": "368",
        "price_unit": "ML"
      },
      {
        "state": "QLD",
        "price": "1400",
        "price_per_unit": "368",
        "price_unit": "ML"
      },
      {
        "state": "WA",
        "price": "1400",
        "price_per_unit": "368",
        "price_unit": "ML"
      },
      {
        "state": "SA",
        "price": "1400",
        "price_per_unit": "368",
        "price_unit": "ML"
      },
      {
        "state": "TAS",
        "price": "1400",
        "price_per_unit": "368",
        "price_unit": "ML"
      },
      {
        "state": "ACT",
        "price": "1400",
        "price_per_unit": "368",
        "price_unit": "ML"
      },
      {
        "state": "NT",
        "price": "1470",
        "price_per_unit": "387",
        "price_unit": "ML"
      }
    ]
  },
  {
    "source_url": "https://www.woolworths.com.au/shop/productdetails/141257/air-wick-eucalyptus-freesia-air-freshener-room-spray",
    "name": "Air Wick Eucalyptus & Freesia Air Freshener Room Spray 236ml",
    "image_url": "https://cdn1.woolworths.media/content/wowproductimages/large/141257.jpg",
    "source_id": "Woolworths - 141257",
    "barcode": "9300701624101",
    "category_id": "1_2432B58",
    "shop": "Woolworths",
    "weight": "100ML",
    "prices": [
      {
        "state": "VIC",
        "price": "800",
        "price_per_unit": "339",
        "price_unit": "ML"
      },
      {
        "state": "QLD",
        "price": "800",
        "price_per_unit": "339",
        "price_unit": "ML"
      },
      {
        "state": "WA",
        "price": "800",
        "price_per_unit": "339",
        "price_unit": "ML"
      },
      {
        "state": "SA",
        "price": "800",
        "price_per_unit": "339",
        "price_unit": "ML"
      },
      {
        "state": "TAS",
        "price": "800",
        "price_per_unit": "339",
        "price_unit": "ML"
      },
      {
        "state": "ACT",
        "price": "800",
        "price_per_unit": "339",
        "price_unit": "ML"
      },
      {
        "state": "NT",
        "price": "840",
        "price_per_unit": "356",
        "price_unit": "ML"
      }
    ]
  },
  {
    "source_url": "https://www.woolworths.com.au/shop/productdetails/706222/air-wick-frangipani-mango-air-freshener-spray",
    "name": "Air Wick Frangipani & Mango Air Freshener Spray 237g",
    "image_url": "https://cdn1.woolworths.media/content/wowproductimages/large/706222.jpg",
    "source_id": "Woolworths - 706222",
    "barcode": "9300701418601",
    "category_id": "1_2432B58",
    "shop": "Woolworths",
    "weight": "10G",
    "prices": [
      {
        "state": "VIC",
        "price": "350",
        "price_per_unit": "15",
        "price_unit": "G"
      },
      {
        "state": "WA",
        "price": "350",
        "price_per_unit": "15",
        "price_unit": "G"
      },
      {
        "state": "SA",
        "price": "350",
        "price_per_unit": "15",
        "price_unit": "G"
      },
      {
        "state": "ACT",
        "price": "350",
        "price_per_unit": "15",
        "price_unit": "G"
      },
      {
        "state": "NT",
        "price": "360",
        "price_per_unit": "15",
        "price_unit": "G"
      }
    ]
  },
  {
    "source_url": "https://www.woolworths.com.au/shop/productdetails/139074/air-wick-fresh-dew-jasmine-air-freshener-room-spray",
    "name": "Air Wick Fresh Dew & Jasmine Air Freshener Room Spray 236ml",
    "image_url": "https://cdn1.woolworths.media/content/wowproductimages/large/139074.jpg",
    "source_id": "Woolworths - 139074",
    "barcode": "9300701624088",
    "category_id": "1_2432B58",
    "shop": "Woolworths",
    "weight": "100ML",
    "prices": [
      {
        "state": "VIC",
        "price": "800",
        "price_per_unit": "339",
        "price_unit": "ML"
      },
      {
        "state": "WA",
        "price": "800",
        "price_per_unit": "339",
        "price_unit": "ML"
      },
      {
        "state": "SA",
        "price": "800",
        "price_per_unit": "339",
        "price_unit": "ML"
      },
      {
        "state": "ACT",
        "price": "800",
        "price_per_unit": "339",
        "price_unit": "ML"
      },
      {
        "state": "NT",
        "price": "840",
        "price_per_unit": "356",
        "price_unit": "ML"
      }
    ]
  },
  {
    "source_url": "https://www.woolworths.com.au/shop/productdetails/481190/bundaberg-carded-air-freshener-assorted",
    "name": "Bundaberg Carded Air Freshener Assorted each",
    "image_url": "https://cdn1.woolworths.media/content/wowproductimages/large/481190.jpg",
    "source_id": "Woolworths - 481190",
    "barcode": "9333195027707",
    "category_id": "1_2432B58",
    "shop": "Woolworths",
    "weight": "1EA",
    "prices": [
      {
        "state": "VIC",
        "price": "450",
        "price_per_unit": "450",
        "price_unit": "EA"
      },
      {
        "state": "ACT",
        "price": "450",
        "price_per_unit": "450",
        "price_unit": "EA"
      },
      {
        "state": "NT",
        "price": "450",
        "price_per_unit": "450",
        "price_unit": "EA"
      }
    ]
  },
  {
    "source_url": "https://www.woolworths.com.au/shop/productdetails/236192/chupa-chups-hanging-air-freshener-vanilla",
    "name": "Chupa Chups Hanging Air Freshener Vanilla Each",
    "image_url": "https://cdn1.woolworths.media/content/wowproductimages/large/236192.jpg",
    "source_id": "Woolworths - 236192",
    "barcode": "9333195025246",
    "category_id": "1_2432B58",
    "shop": "Woolworths",
    "weight": "1EA",
    "prices": [
      {
        "state": "VIC",
        "price": "350",
        "price_per_unit": "350",
        "price_unit": "EA"
      },
      {
        "state": "QLD",
        "price": "350",
        "price_per_unit": "350",
        "price_unit": "EA"
      },
      {
        "state": "WA",
        "price": "350",
        "price_per_unit": "350",
        "price_unit": "EA"
      },
      {
        "state": "SA",
        "price": "350",
        "price_per_unit": "350",
        "price_unit": "EA"
      },
      {
        "state": "TAS",
        "price": "350",
        "price_per_unit": "350",
        "price_unit": "EA"
      },
      {
        "state": "ACT",
        "price": "350",
        "price_per_unit": "350",
        "price_unit": "EA"
      },
      {
        "state": "NT",
        "price": "350",
        "price_per_unit": "350",
        "price_unit": "EA"
      }
    ]
  },
  {
    "source_url": "https://www.woolworths.com.au/shop/productdetails/583777/air-wick-pure-cherry-blossom-air-freshener-spray",
    "name": "Air Wick Pure Cherry Blossom Air Freshener Spray 159g",
    "image_url": "https://cdn1.woolworths.media/content/wowproductimages/large/583777.jpg",
    "source_id": "Woolworths - 583777",
    "barcode": "5011417563892",
    "category_id": "1_2432B58",
    "shop": "Woolworths",
    "weight": "100G",
    "prices": [
      {
        "state": "VIC",
        "price": "400",
        "price_per_unit": "252",
        "price_unit": "G"
      },
      {
        "state": "QLD",
        "price": "400",
        "price_per_unit": "252",
        "price_unit": "G"
      },
      {
        "state": "WA",
        "price": "400",
        "price_per_unit": "252",
        "price_unit": "G"
      },
      {
        "state": "SA",
        "price": "400",
        "price_per_unit": "252",
        "price_unit": "G"
      },
      {
        "state": "TAS",
        "price": "400",
        "price_per_unit": "252",
        "price_unit": "G"
      },
      {
        "state": "ACT",
        "price": "400",
        "price_per_unit": "252",
        "price_unit": "G"
      },
      {
        "state": "NT",
        "price": "420",
        "price_per_unit": "264",
        "price_unit": "G"
      }
    ]
  },
  {
    "source_url": "https://www.woolworths.com.au/shop/productdetails/816968/air-wick-pure-cherry-blossom-plug-in-diffuser",
    "name": "Air Wick Pure Cherry Blossom Plug-In Diffuser 19ml",
    "image_url": "https://cdn1.woolworths.media/content/wowproductimages/large/816968.jpg",
    "source_id": "Woolworths - 816968",
    "barcode": "9300701765552",
    "category_id": "1_2432B58",
    "shop": "Woolworths",
    "weight": "100ML",
    "prices": [
      {
        "state": "VIC",
        "price": "700",
        "price_per_unit": "3684",
        "price_unit": "ML"
      },
      {
        "state": "QLD",
        "price": "700",
        "price_per_unit": "3684",
        "price_unit": "ML"
      },
      {
        "state": "WA",
        "price": "700",
        "price_per_unit": "3684",
        "price_unit": "ML"
      },
      {
        "state": "SA",
        "price": "700",
        "price_per_unit": "3684",
        "price_unit": "ML"
      },
      {
        "state": "TAS",
        "price": "700",
        "price_per_unit": "3684",
        "price_unit": "ML"
      },
      {
        "state": "ACT",
        "price": "700",
        "price_per_unit": "3684",
        "price_unit": "ML"
      },
      {
        "state": "NT",
        "price": "735",
        "price_per_unit": "3868",
        "price_unit": "ML"
      }
    ]
  },
  {
    "source_url": "https://www.woolworths.com.au/shop/productdetails/202312/air-wick-pure-cherry-blossom-plug-in-diffuser-refill",
    "name": "Air Wick Pure Cherry Blossom Plug-In Diffuser Refill 19ml x 3 pack",
    "image_url": "https://cdn1.woolworths.media/content/wowproductimages/large/202312.jpg",
    "source_id": "Woolworths - 202312",
    "barcode": "9300701069926",
    "category_id": "1_2432B58",
    "shop": "Woolworths",
    "weight": "10ML",
    "prices": [
      {
        "state": "VIC",
        "price": "1800",
        "price_per_unit": "316",
        "price_unit": "ML"
      },
      {
        "state": "QLD",
        "price": "1800",
        "price_per_unit": "316",
        "price_unit": "ML"
      },
      {
        "state": "WA",
        "price": "1800",
        "price_per_unit": "316",
        "price_unit": "ML"
      },
      {
        "state": "SA",
        "price": "1800",
        "price_per_unit": "316",
        "price_unit": "ML"
      },
      {
        "state": "TAS",
        "price": "1800",
        "price_per_unit": "316",
        "price_unit": "ML"
      },
      {
        "state": "ACT",
        "price": "1800",
        "price_per_unit": "316",
        "price_unit": "ML"
      },
      {
        "state": "NT",
        "price": "1890",
        "price_per_unit": "332",
        "price_unit": "ML"
      }
    ]
  },
  {
    "source_url": "https://www.woolworths.com.au/shop/productdetails/202167/air-wick-pure-freshmatic-great-barrier-reef-air-freshener-refill",
    "name": "Air Wick Pure Freshmatic Great Barrier Reef Air Freshener Refill 159g",
    "image_url": "https://cdn1.woolworths.media/content/wowproductimages/large/202167.jpg",
    "source_id": "Woolworths - 202167",
    "barcode": "9300701444440",
    "category_id": "1_2432B58",
    "shop": "Woolworths",
    "weight": "100G",
    "prices": [
      {
        "state": "VIC",
        "price": "1100",
        "price_per_unit": "692",
        "price_unit": "G"
      },
      {
        "state": "WA",
        "price": "1100",
        "price_per_unit": "692",
        "price_unit": "G"
      },
      {
        "state": "SA",
        "price": "1100",
        "price_per_unit": "692",
        "price_unit": "G"
      },
      {
        "state": "ACT",
        "price": "1100",
        "price_per_unit": "692",
        "price_unit": "G"
      },
      {
        "state": "NT",
        "price": "1100",
        "price_per_unit": "692",
        "price_unit": "G"
      }
    ]
  },
  {
    "source_url": "https://www.woolworths.com.au/shop/productdetails/817006/air-wick-pure-freshmatic-spring-delight-air-freshener-refill",
    "name": "Air Wick Pure Freshmatic Spring Delight Air Freshener Refill 157g",
    "image_url": "https://cdn1.woolworths.media/content/wowproductimages/large/817006.jpg",
    "source_id": "Woolworths - 817006",
    "barcode": "9300701524487",
    "category_id": "1_2432B58",
    "shop": "Woolworths",
    "weight": "100G",
    "prices": [
      {
        "state": "VIC",
        "price": "850",
        "price_per_unit": "541",
        "price_unit": "G"
      },
      {
        "state": "QLD",
        "price": "850",
        "price_per_unit": "541",
        "price_unit": "G"
      },
      {
        "state": "WA",
        "price": "850",
        "price_per_unit": "541",
        "price_unit": "G"
      },
      {
        "state": "SA",
        "price": "850",
        "price_per_unit": "541",
        "price_unit": "G"
      },
      {
        "state": "TAS",
        "price": "850",
        "price_per_unit": "541",
        "price_unit": "G"
      },
      {
        "state": "ACT",
        "price": "850",
        "price_per_unit": "541",
        "price_unit": "G"
      },
      {
        "state": "NT",
        "price": "850",
        "price_per_unit": "541",
        "price_unit": "G"
      }
    ]
  },
  {
    "source_url": "https://www.woolworths.com.au/shop/productdetails/583758/air-wick-pure-spring-delight-air-freshener-spray",
    "name": "Air Wick Pure Spring Delight Air Freshener Spray 159g",
    "image_url": "https://cdn1.woolworths.media/content/wowproductimages/large/583758.jpg",
    "source_id": "Woolworths - 583758",
    "barcode": "5011417563878",
    "category_id": "1_2432B58",
    "shop": "Woolworths",
    "weight": "100G",
    "prices": [
      {
        "state": "VIC",
        "price": "400",
        "price_per_unit": "252",
        "price_unit": "G"
      },
      {
        "state": "QLD",
        "price": "400",
        "price_per_unit": "252",
        "price_unit": "G"
      },
      {
        "state": "WA",
        "price": "400",
        "price_per_unit": "252",
        "price_unit": "G"
      },
      {
        "state": "SA",
        "price": "400",
        "price_per_unit": "252",
        "price_unit": "G"
      },
      {
        "state": "TAS",
        "price": "400",
        "price_per_unit": "252",
        "price_unit": "G"
      },
      {
        "state": "ACT",
        "price": "400",
        "price_per_unit": "252",
        "price_unit": "G"
      },
      {
        "state": "NT",
        "price": "420",
        "price_per_unit": "264",
        "price_unit": "G"
      }
    ]
  },
  {
    "source_url": "https://www.woolworths.com.au/shop/productdetails/816969/air-wick-pure-spring-delight-plug-in-diffuser",
    "name": "Air Wick Pure Spring Delight Plug-In Diffuser 19ml",
    "image_url": "https://cdn1.woolworths.media/content/wowproductimages/large/816969.jpg",
    "source_id": "Woolworths - 816969",
    "barcode": "9300701765545",
    "category_id": "1_2432B58",
    "shop": "Woolworths",
    "weight": "100ML",
    "prices": [
      {
        "state": "VIC",
        "price": "700",
        "price_per_unit": "3684",
        "price_unit": "ML"
      },
      {
        "state": "QLD",
        "price": "700",
        "price_per_unit": "3684",
        "price_unit": "ML"
      },
      {
        "state": "WA",
        "price": "700",
        "price_per_unit": "3684",
        "price_unit": "ML"
      },
      {
        "state": "SA",
        "price": "700",
        "price_per_unit": "3684",
        "price_unit": "ML"
      },
      {
        "state": "TAS",
        "price": "700",
        "price_per_unit": "3684",
        "price_unit": "ML"
      },
      {
        "state": "ACT",
        "price": "700",
        "price_per_unit": "3684",
        "price_unit": "ML"
      },
      {
        "state": "NT",
        "price": "735",
        "price_per_unit": "3868",
        "price_unit": "ML"
      }
    ]
  },
  {
    "source_url": "https://www.woolworths.com.au/shop/productdetails/106280/jelly-belly-3d-car-air-freshener-bubblegum",
    "name": "Jelly Belly 3d Car Air Freshener Bubblegum Each",
    "image_url": "https://cdn1.woolworths.media/content/wowproductimages/large/106280.jpg",
    "source_id": "Woolworths - 106280",
    "barcode": "5010555152166",
    "category_id": "1_2432B58",
    "shop": "Woolworths",
    "weight": "100G",
    "prices": [
      {
        "state": "VIC",
        "price": "700",
        "price_per_unit": null,
        "price_unit": "G"
      },
      {
        "state": "QLD",
        "price": "700",
        "price_per_unit": null,
        "price_unit": "G"
      },
      {
        "state": "WA",
        "price": "700",
        "price_per_unit": null,
        "price_unit": "G"
      },
      {
        "state": "SA",
        "price": "700",
        "price_per_unit": null,
        "price_unit": "G"
      },
      {
        "state": "TAS",
        "price": "700",
        "price_per_unit": null,
        "price_unit": "G"
      },
      {
        "state": "ACT",
        "price": "700",
        "price_per_unit": null,
        "price_unit": "G"
      },
      {
        "state": "NT",
        "price": "700",
        "price_per_unit": null,
        "price_unit": "G"
      }
    ]
  },
  {
    "source_url": "https://www.woolworths.com.au/shop/productdetails/108513/jelly-belly-3d-car-air-freshener-tutti-frutti",
    "name": "Jelly Belly 3d Car Air Freshener Tutti Frutti Each",
    "image_url": "https://cdn1.woolworths.media/content/wowproductimages/large/108513.jpg",
    "source_id": "Woolworths - 108513",
    "barcode": "5010555152159",
    "category_id": "1_2432B58",
    "shop": "Woolworths",
    "weight": "100G",
    "prices": [
      {
        "state": "VIC",
        "price": "700",
        "price_per_unit": "3889",
        "price_unit": "G"
      },
      {
        "state": "QLD",
        "price": "700",
        "price_per_unit": "3889",
        "price_unit": "G"
      },
      {
        "state": "WA",
        "price": "700",
        "price_per_unit": "3889",
        "price_unit": "G"
      },
      {
        "state": "SA",
        "price": "700",
        "price_per_unit": "3889",
        "price_unit": "G"
      },
      {
        "state": "TAS",
        "price": "700",
        "price_per_unit": "3889",
        "price_unit": "G"
      },
      {
        "state": "ACT",
        "price": "700",
        "price_per_unit": "3889",
        "price_unit": "G"
      },
      {
        "state": "NT",
        "price": "700",
        "price_per_unit": "3889",
        "price_unit": "G"
      }
    ]
  },
  {
    "source_url": "https://www.woolworths.com.au/shop/productdetails/202154/air-wick-pure-spring-delight-plug-in-diffuser-refill",
    "name": "Air Wick Pure Spring Delight Plug-In Diffuser Refill 19ml x 3 pack",
    "image_url": "https://cdn1.woolworths.media/content/wowproductimages/large/202154.jpg",
    "source_id": "Woolworths - 202154",
    "barcode": "9300701069933",
    "category_id": "1_2432B58",
    "shop": "Woolworths",
    "weight": "10ML",
    "prices": [
      {
        "state": "VIC",
        "price": "1800",
        "price_per_unit": "316",
        "price_unit": "ML"
      },
      {
        "state": "WA",
        "price": "1800",
        "price_per_unit": "316",
        "price_unit": "ML"
      },
      {
        "state": "SA",
        "price": "1800",
        "price_per_unit": "316",
        "price_unit": "ML"
      },
      {
        "state": "ACT",
        "price": "1800",
        "price_per_unit": "316",
        "price_unit": "ML"
      },
      {
        "state": "NT",
        "price": "1890",
        "price_per_unit": "332",
        "price_unit": "ML"
      }
    ]
  },
  {
    "source_url": "https://www.woolworths.com.au/shop/productdetails/107924/jelly-belly-3d-car-air-freshener-very-cherry",
    "name": "Jelly Belly 3d Car Air Freshener Very Cherry Each",
    "image_url": "https://cdn1.woolworths.media/content/wowproductimages/large/107924.jpg",
    "source_id": "Woolworths - 107924",
    "barcode": "5010555152104",
    "category_id": "1_2432B58",
    "shop": "Woolworths",
    "weight": "100G",
    "prices": [
      {
        "state": "VIC",
        "price": "700",
        "price_per_unit": "3889",
        "price_unit": "G"
      },
      {
        "state": "QLD",
        "price": "700",
        "price_per_unit": "3889",
        "price_unit": "G"
      },
      {
        "state": "WA",
        "price": "700",
        "price_per_unit": "3889",
        "price_unit": "G"
      },
      {
        "state": "SA",
        "price": "700",
        "price_per_unit": "3889",
        "price_unit": "G"
      },
      {
        "state": "TAS",
        "price": "700",
        "price_per_unit": "3889",
        "price_unit": "G"
      },
      {
        "state": "ACT",
        "price": "700",
        "price_per_unit": "3889",
        "price_unit": "G"
      },
      {
        "state": "NT",
        "price": "700",
        "price_per_unit": "3889",
        "price_unit": "G"
      }
    ]
  },
  {
    "source_url": "https://www.woolworths.com.au/shop/productdetails/225677/jelly-belly-air-freshener-can-blueberry",
    "name": "Jelly Belly Air Freshener Can Blueberry 70g",
    "image_url": "https://cdn1.woolworths.media/content/wowproductimages/large/225677.jpg",
    "source_id": "Woolworths - 225677",
    "barcode": "5010555155143",
    "category_id": "1_2432B58",
    "shop": "Woolworths",
    "weight": "1EA",
    "prices": [
      {
        "state": "VIC",
        "price": "1300",
        "price_per_unit": "1300",
        "price_unit": "EA"
      },
      {
        "state": "ACT",
        "price": "1300",
        "price_per_unit": "1300",
        "price_unit": "EA"
      },
      {
        "state": "NT",
        "price": "1300",
        "price_per_unit": "1300",
        "price_unit": "EA"
      }
    ]
  },
  {
    "source_url": "https://www.woolworths.com.au/shop/productdetails/265589/air-wick-pure-turquoise-oasis-plug-in-diffuser-refill",
    "name": "Air Wick Pure Turquoise Oasis Plug-In Diffuser Refill 19ml x 3 pack",
    "image_url": "https://cdn1.woolworths.media/content/wowproductimages/large/265589.jpg",
    "source_id": "Woolworths - 265589",
    "barcode": "9300701790097",
    "category_id": "1_2432B58",
    "shop": "Woolworths",
    "weight": "10ML",
    "prices": [
      {
        "state": "VIC",
        "price": "1800",
        "price_per_unit": "286",
        "price_unit": "ML"
      },
      {
        "state": "WA",
        "price": "1800",
        "price_per_unit": "286",
        "price_unit": "ML"
      },
      {
        "state": "SA",
        "price": "1800",
        "price_per_unit": "286",
        "price_unit": "ML"
      },
      {
        "state": "ACT",
        "price": "1800",
        "price_per_unit": "286",
        "price_unit": "ML"
      },
      {
        "state": "NT",
        "price": "1890",
        "price_per_unit": "300",
        "price_unit": "ML"
      }
    ]
  },
  {
    "source_url": "https://www.woolworths.com.au/shop/productdetails/225924/jelly-belly-air-freshener-can-tutti-frutti",
    "name": "Jelly Belly Air Freshener Can Tutti Frutti 70g",
    "image_url": "https://cdn1.woolworths.media/content/wowproductimages/large/225924.jpg",
    "source_id": "Woolworths - 225924",
    "barcode": "5010555155150",
    "category_id": "1_2432B58",
    "shop": "Woolworths",
    "weight": "1EA",
    "prices": [
      {
        "state": "VIC",
        "price": "1300",
        "price_per_unit": "1300",
        "price_unit": "EA"
      },
      {
        "state": "QLD",
        "price": "1300",
        "price_per_unit": "1300",
        "price_unit": "EA"
      },
      {
        "state": "WA",
        "price": "1300",
        "price_per_unit": "1300",
        "price_unit": "EA"
      },
      {
        "state": "SA",
        "price": "1300",
        "price_per_unit": "1300",
        "price_unit": "EA"
      },
      {
        "state": "TAS",
        "price": "1300",
        "price_per_unit": "1300",
        "price_unit": "EA"
      },
      {
        "state": "ACT",
        "price": "1300",
        "price_per_unit": "1300",
        "price_unit": "EA"
      },
      {
        "state": "NT",
        "price": "1300",
        "price_per_unit": "1300",
        "price_unit": "EA"
      }
    ]
  },
  {
    "source_url": "https://www.woolworths.com.au/shop/productdetails/494622/jelly-belly-air-freshener-duo-berry-lemonade",
    "name": "Jelly Belly Air Freshener Duo Berry Lemonade 2 pack",
    "image_url": "https://cdn1.woolworths.media/content/wowproductimages/large/494622.jpg",
    "source_id": "Woolworths - 494622",
    "barcode": "5010555986723",
    "category_id": "1_2432B58",
    "shop": "Woolworths",
    "weight": "1EA",
    "prices": [
      {
        "state": "VIC",
        "price": "950",
        "price_per_unit": "950",
        "price_unit": "EA"
      },
      {
        "state": "QLD",
        "price": "950",
        "price_per_unit": "950",
        "price_unit": "EA"
      },
      {
        "state": "WA",
        "price": "950",
        "price_per_unit": "950",
        "price_unit": "EA"
      },
      {
        "state": "ACT",
        "price": "950",
        "price_per_unit": "950",
        "price_unit": "EA"
      },
      {
        "state": "NT",
        "price": "950",
        "price_per_unit": "950",
        "price_unit": "EA"
      }
    ]
  },
  {
    "source_url": "https://www.woolworths.com.au/shop/productdetails/82993/air-wick-pure-white-vanilla-air-freshener-spray",
    "name": "Air Wick Pure White Vanilla Air Freshener Spray 159g",
    "image_url": "https://cdn1.woolworths.media/content/wowproductimages/large/082993.jpg",
    "source_id": "Woolworths - 82993",
    "barcode": "5011417563908",
    "category_id": "1_2432B58",
    "shop": "Woolworths",
    "weight": "100G",
    "prices": [
      {
        "state": "VIC",
        "price": "400",
        "price_per_unit": "252",
        "price_unit": "G"
      },
      {
        "state": "WA",
        "price": "400",
        "price_per_unit": "252",
        "price_unit": "G"
      },
      {
        "state": "SA",
        "price": "400",
        "price_per_unit": "252",
        "price_unit": "G"
      },
      {
        "state": "ACT",
        "price": "400",
        "price_per_unit": "252",
        "price_unit": "G"
      },
      {
        "state": "NT",
        "price": "420",
        "price_per_unit": "264",
        "price_unit": "G"
      }
    ]
  },
  {
    "source_url": "https://www.woolworths.com.au/shop/productdetails/488246/jelly-belly-air-freshener-duo-strawberry-shortcake",
    "name": "Jelly Belly Air Freshener Duo Strawberry Shortcake 2 pack",
    "image_url": "https://cdn1.woolworths.media/content/wowproductimages/large/488246.jpg",
    "source_id": "Woolworths - 488246",
    "barcode": "5010555986730",
    "category_id": "1_2432B58",
    "shop": "Woolworths",
    "weight": "1EA",
    "prices": [
      {
        "state": "VIC",
        "price": "950",
        "price_per_unit": "950",
        "price_unit": "EA"
      },
      {
        "state": "QLD",
        "price": "950",
        "price_per_unit": "950",
        "price_unit": "EA"
      },
      {
        "state": "WA",
        "price": "950",
        "price_per_unit": "950",
        "price_unit": "EA"
      },
      {
        "state": "SA",
        "price": "950",
        "price_per_unit": "950",
        "price_unit": "EA"
      },
      {
        "state": "NT",
        "price": "950",
        "price_per_unit": "950",
        "price_unit": "EA"
      }
    ]
  },
  {
    "source_url": "https://www.woolworths.com.au/shop/productdetails/191783/air-wick-raspberry-lime-air-freshener-room-spray",
    "name": "Air Wick Raspberry & Lime Air Freshener Room Spray 236ml",
    "image_url": "https://cdn1.woolworths.media/content/wowproductimages/large/191783.jpg",
    "source_id": "Woolworths - 191783",
    "barcode": "9300701061920",
    "category_id": "1_2432B58",
    "shop": "Woolworths",
    "weight": "100ML",
    "prices": [
      {
        "state": "VIC",
        "price": "800",
        "price_per_unit": "339",
        "price_unit": "ML"
      },
      {
        "state": "QLD",
        "price": "800",
        "price_per_unit": "339",
        "price_unit": "ML"
      },
      {
        "state": "WA",
        "price": "800",
        "price_per_unit": "339",
        "price_unit": "ML"
      },
      {
        "state": "SA",
        "price": "800",
        "price_per_unit": "339",
        "price_unit": "ML"
      },
      {
        "state": "TAS",
        "price": "800",
        "price_per_unit": "339",
        "price_unit": "ML"
      },
      {
        "state": "ACT",
        "price": "800",
        "price_per_unit": "339",
        "price_unit": "ML"
      },
      {
        "state": "NT",
        "price": "840",
        "price_per_unit": "356",
        "price_unit": "ML"
      }
    ]
  },
  {
    "source_url": "https://www.woolworths.com.au/shop/productdetails/108572/jelly-belly-duo-mini-car-air-freshener-island-punch",
    "name": "Jelly Belly Duo Mini Car Air Freshener Island Punch Each",
    "image_url": "https://cdn1.woolworths.media/content/wowproductimages/large/108572.jpg",
    "source_id": "Woolworths - 108572",
    "barcode": "5010555157550",
    "category_id": "1_2432B58",
    "shop": "Woolworths",
    "weight": "100G",
    "prices": [
      {
        "state": "VIC",
        "price": "950",
        "price_per_unit": "6786",
        "price_unit": "G"
      },
      {
        "state": "QLD",
        "price": "950",
        "price_per_unit": "6786",
        "price_unit": "G"
      },
      {
        "state": "WA",
        "price": "950",
        "price_per_unit": "6786",
        "price_unit": "G"
      },
      {
        "state": "SA",
        "price": "950",
        "price_per_unit": "6786",
        "price_unit": "G"
      },
      {
        "state": "TAS",
        "price": "950",
        "price_per_unit": "6786",
        "price_unit": "G"
      },
      {
        "state": "ACT",
        "price": "950",
        "price_per_unit": "6786",
        "price_unit": "G"
      },
      {
        "state": "NT",
        "price": "950",
        "price_per_unit": "6786",
        "price_unit": "G"
      }
    ]
  },
  {
    "source_url": "https://www.woolworths.com.au/shop/productdetails/907636/air-wick-sparkling-spritz-plug-in-diffuser",
    "name": "Air Wick Sparkling Spritz Plug in Diffuser 19mL",
    "image_url": "https://cdn1.woolworths.media/content/wowproductimages/large/907636.jpg",
    "source_id": "Woolworths - 907636",
    "barcode": "9300701753818",
    "category_id": "1_2432B58",
    "shop": "Woolworths",
    "weight": "100ML",
    "prices": [
      {
        "state": "VIC",
        "price": "1400",
        "price_per_unit": "7368",
        "price_unit": "ML"
      },
      {
        "state": "QLD",
        "price": "1400",
        "price_per_unit": "7368",
        "price_unit": "ML"
      },
      {
        "state": "WA",
        "price": "1400",
        "price_per_unit": "7368",
        "price_unit": "ML"
      },
      {
        "state": "SA",
        "price": "1400",
        "price_per_unit": "7368",
        "price_unit": "ML"
      },
      {
        "state": "TAS",
        "price": "1400",
        "price_per_unit": "7368",
        "price_unit": "ML"
      },
      {
        "state": "ACT",
        "price": "1400",
        "price_per_unit": "7368",
        "price_unit": "ML"
      },
      {
        "state": "NT",
        "price": "1470",
        "price_per_unit": "7737",
        "price_unit": "ML"
      }
    ]
  },
  {
    "source_url": "https://www.woolworths.com.au/shop/productdetails/277086/jelly-belly-duo-vent-air-freshener-bubble-gum",
    "name": "Jelly Belly Duo Vent Air Freshener Bubble Gum Each",
    "image_url": "https://cdn1.woolworths.media/content/wowproductimages/large/277086.jpg",
    "source_id": "Woolworths - 277086",
    "barcode": "5010555157161",
    "category_id": "1_2432B58",
    "shop": "Woolworths",
    "weight": "100G",
    "prices": [
      {
        "state": "VIC",
        "price": "950",
        "price_per_unit": "6786",
        "price_unit": "G"
      },
      {
        "state": "ACT",
        "price": "950",
        "price_per_unit": "6786",
        "price_unit": "G"
      },
      {
        "state": "NT",
        "price": "950",
        "price_per_unit": "6786",
        "price_unit": "G"
      }
    ]
  },
  {
    "source_url": "https://www.woolworths.com.au/shop/productdetails/905734/air-wick-sparkling-spritz-plug-in-diffuser-refill",
    "name": "Air Wick Sparkling Spritz Plug in Diffuser Refill 19mL x 2 pack",
    "image_url": "https://cdn1.woolworths.media/content/wowproductimages/large/905734.jpg",
    "source_id": "Woolworths - 905734",
    "barcode": "9300701753825",
    "category_id": "1_2432B58",
    "shop": "Woolworths",
    "weight": "100ML",
    "prices": [
      {
        "state": "VIC",
        "price": "1400",
        "price_per_unit": "3684",
        "price_unit": "ML"
      },
      {
        "state": "QLD",
        "price": "1400",
        "price_per_unit": "3684",
        "price_unit": "ML"
      },
      {
        "state": "WA",
        "price": "1400",
        "price_per_unit": "3684",
        "price_unit": "ML"
      },
      {
        "state": "SA",
        "price": "1400",
        "price_per_unit": "3684",
        "price_unit": "ML"
      },
      {
        "state": "TAS",
        "price": "1400",
        "price_per_unit": "3684",
        "price_unit": "ML"
      },
      {
        "state": "ACT",
        "price": "1400",
        "price_per_unit": "3684",
        "price_unit": "ML"
      },
      {
        "state": "NT",
        "price": "1470",
        "price_per_unit": "3868",
        "price_unit": "ML"
      }
    ]
  },
  {
    "source_url": "https://www.woolworths.com.au/shop/productdetails/140456/jelly-belly-hanging-air-freshener-blueberry",
    "name": "Jelly Belly Hanging Air Freshener Blueberry Each",
    "image_url": "https://cdn1.woolworths.media/content/wowproductimages/large/140456.jpg",
    "source_id": "Woolworths - 140456",
    "barcode": "5010555152142",
    "category_id": "1_2432B58",
    "shop": "Woolworths",
    "weight": "1EA",
    "prices": [
      {
        "state": "VIC",
        "price": "700",
        "price_per_unit": "700",
        "price_unit": "EA"
      },
      {
        "state": "ACT",
        "price": "700",
        "price_per_unit": "700",
        "price_unit": "EA"
      },
      {
        "state": "NT",
        "price": "700",
        "price_per_unit": "700",
        "price_unit": "EA"
      }
    ]
  },
  {
    "source_url": "https://www.woolworths.com.au/shop/productdetails/307954/air-wick-vanilla-orchid-decosphere",
    "name": "Air Wick Vanilla & Orchid Decosphere 75ml",
    "image_url": "https://cdn1.woolworths.media/content/wowproductimages/large/307954.jpg",
    "source_id": "Woolworths - 307954",
    "barcode": "9300701447359",
    "category_id": "1_2432B58",
    "shop": "Woolworths",
    "weight": "10ML",
    "prices": [
      {
        "state": "VIC",
        "price": "650",
        "price_per_unit": "87",
        "price_unit": "ML"
      },
      {
        "state": "QLD",
        "price": "650",
        "price_per_unit": "87",
        "price_unit": "ML"
      },
      {
        "state": "WA",
        "price": "650",
        "price_per_unit": "87",
        "price_unit": "ML"
      },
      {
        "state": "SA",
        "price": "650",
        "price_per_unit": "87",
        "price_unit": "ML"
      },
      {
        "state": "TAS",
        "price": "650",
        "price_per_unit": "87",
        "price_unit": "ML"
      },
      {
        "state": "ACT",
        "price": "650",
        "price_per_unit": "87",
        "price_unit": "ML"
      },
      {
        "state": "NT",
        "price": "650",
        "price_per_unit": "87",
        "price_unit": "ML"
      }
    ]
  },
  {
    "source_url": "https://www.woolworths.com.au/shop/productdetails/203032/kenco-forest-fresh-air-freshener-watermelon",
    "name": "Kenco Forest Fresh Air Freshener Watermelon Each",
    "image_url": "https://cdn1.woolworths.media/content/wowproductimages/large/203032.jpg",
    "source_id": "Woolworths - 203032",
    "barcode": "9311412400014",
    "category_id": "1_2432B58",
    "shop": "Woolworths",
    "weight": "1EA",
    "prices": [
      {
        "state": "VIC",
        "price": "275",
        "price_per_unit": "275",
        "price_unit": "EA"
      },
      {
        "state": "QLD",
        "price": "275",
        "price_per_unit": "275",
        "price_unit": "EA"
      },
      {
        "state": "WA",
        "price": "275",
        "price_per_unit": "275",
        "price_unit": "EA"
      },
      {
        "state": "SA",
        "price": "275",
        "price_per_unit": "275",
        "price_unit": "EA"
      },
      {
        "state": "TAS",
        "price": "275",
        "price_per_unit": "275",
        "price_unit": "EA"
      },
      {
        "state": "ACT",
        "price": "275",
        "price_per_unit": "275",
        "price_unit": "EA"
      },
      {
        "state": "NT",
        "price": "275",
        "price_per_unit": "275",
        "price_unit": "EA"
      }
    ]
  },
  {
    "source_url": "https://www.woolworths.com.au/shop/productdetails/29795/little-trees-car-air-freshener-assorted",
    "name": "Little Trees Car Air Freshener Assorted Each",
    "image_url": "https://cdn1.woolworths.media/content/wowproductimages/large/029795.jpg",
    "source_id": "Woolworths - 29795",
    "barcode": "76171101006",
    "category_id": "1_2432B58",
    "shop": "Woolworths",
    "weight": "1EA",
    "prices": [
      {
        "state": "VIC",
        "price": "275",
        "price_per_unit": "275",
        "price_unit": "EA"
      },
      {
        "state": "QLD",
        "price": "275",
        "price_per_unit": "275",
        "price_unit": "EA"
      },
      {
        "state": "WA",
        "price": "275",
        "price_per_unit": "275",
        "price_unit": "EA"
      },
      {
        "state": "SA",
        "price": "275",
        "price_per_unit": "275",
        "price_unit": "EA"
      },
      {
        "state": "TAS",
        "price": "275",
        "price_per_unit": "275",
        "price_unit": "EA"
      },
      {
        "state": "ACT",
        "price": "275",
        "price_per_unit": "275",
        "price_unit": "EA"
      },
      {
        "state": "NT",
        "price": "275",
        "price_per_unit": "275",
        "price_unit": "EA"
      }
    ]
  },
  {
    "source_url": "https://www.woolworths.com.au/shop/productdetails/684976/little-trees-fiber-can-air-freshener-black-ice",
    "name": "Little Trees Fiber Can Air Freshener Black Ice 30g",
    "image_url": "https://cdn1.woolworths.media/content/wowproductimages/large/684976.jpg",
    "source_id": "Woolworths - 684976",
    "barcode": "76171178558",
    "category_id": "1_2432B58",
    "shop": "Woolworths",
    "weight": "1EA",
    "prices": [
      {
        "state": "VIC",
        "price": "825",
        "price_per_unit": "28",
        "price_unit": "EA"
      },
      {
        "state": "QLD",
        "price": "825",
        "price_per_unit": "28",
        "price_unit": "EA"
      },
      {
        "state": "WA",
        "price": "825",
        "price_per_unit": "28",
        "price_unit": "EA"
      },
      {
        "state": "SA",
        "price": "825",
        "price_per_unit": "28",
        "price_unit": "EA"
      },
      {
        "state": "ACT",
        "price": "825",
        "price_per_unit": "28",
        "price_unit": "EA"
      },
      {
        "state": "NT",
        "price": "825",
        "price_per_unit": "28",
        "price_unit": "EA"
      }
    ]
  },
  {
    "source_url": "https://www.woolworths.com.au/shop/productdetails/116044/little-trees-fiber-can-air-freshener-cherry-blast",
    "name": "Little Trees Fiber Can Air Freshener Cherry Blast 30g",
    "image_url": "https://cdn1.woolworths.media/content/wowproductimages/large/116044.jpg",
    "source_id": "Woolworths - 116044",
    "barcode": "76171178114",
    "category_id": "1_2432B58",
    "shop": "Woolworths",
    "weight": "100G",
    "prices": [
      {
        "state": "VIC",
        "price": "825",
        "price_per_unit": "2750",
        "price_unit": "G"
      },
      {
        "state": "QLD",
        "price": "825",
        "price_per_unit": "2750",
        "price_unit": "G"
      },
      {
        "state": "WA",
        "price": "825",
        "price_per_unit": "2750",
        "price_unit": "G"
      },
      {
        "state": "SA",
        "price": "825",
        "price_per_unit": "2750",
        "price_unit": "G"
      },
      {
        "state": "TAS",
        "price": "825",
        "price_per_unit": "2750",
        "price_unit": "G"
      },
      {
        "state": "ACT",
        "price": "825",
        "price_per_unit": "2750",
        "price_unit": "G"
      },
      {
        "state": "NT",
        "price": "825",
        "price_per_unit": "2750",
        "price_unit": "G"
      }
    ]
  },
  {
    "source_url": "https://www.woolworths.com.au/shop/productdetails/236517/little-trees-fiber-can-air-freshener-new-car",
    "name": "Little Trees Fiber Can Air Freshener New Car 30g",
    "image_url": "https://cdn1.woolworths.media/content/wowproductimages/large/236517.jpg",
    "source_id": "Woolworths - 236517",
    "barcode": "76171178893",
    "category_id": "1_2432B58",
    "shop": "Woolworths",
    "weight": "100G",
    "prices": [
      {
        "state": "VIC",
        "price": "825",
        "price_per_unit": "2750",
        "price_unit": "G"
      },
      {
        "state": "ACT",
        "price": "825",
        "price_per_unit": "2750",
        "price_unit": "G"
      },
      {
        "state": "NT",
        "price": "825",
        "price_per_unit": "2750",
        "price_unit": "G"
      }
    ]
  },
  {
    "source_url": "https://www.woolworths.com.au/shop/productdetails/604595/little-trees-fresh-link-air-freshener-cherry",
    "name": "Little Trees Fresh Link Air Freshener Cherry each",
    "image_url": "https://cdn1.woolworths.media/content/wowproductimages/large/604595.jpg",
    "source_id": "Woolworths - 604595",
    "barcode": "76171529114",
    "category_id": "1_2432B58",
    "shop": "Woolworths",
    "weight": "1EA",
    "prices": [
      {
        "state": "VIC",
        "price": "715",
        "price_per_unit": "715",
        "price_unit": "EA"
      },
      {
        "state": "ACT",
        "price": "715",
        "price_per_unit": "715",
        "price_unit": "EA"
      },
      {
        "state": "NT",
        "price": "715",
        "price_per_unit": "715",
        "price_unit": "EA"
      }
    ]
  },
  {
    "source_url": "https://www.woolworths.com.au/shop/productdetails/83874/ambi-pur-bathroom-fresh-air-freshener-refreshing-soap",
    "name": "Ambi Pur Bathroom Fresh Air Freshener Refreshing Soap 6ml",
    "image_url": "https://cdn1.woolworths.media/content/wowproductimages/large/083874.jpg",
    "source_id": "Woolworths - 83874",
    "barcode": "4902430915267",
    "category_id": "1_2432B58",
    "shop": "Woolworths",
    "weight": "10ML",
    "prices": [
      {
        "state": "VIC",
        "price": "475",
        "price_per_unit": "792",
        "price_unit": "ML"
      },
      {
        "state": "WA",
        "price": "475",
        "price_per_unit": "792",
        "price_unit": "ML"
      },
      {
        "state": "SA",
        "price": "475",
        "price_per_unit": "792",
        "price_unit": "ML"
      },
      {
        "state": "ACT",
        "price": "475",
        "price_per_unit": "792",
        "price_unit": "ML"
      },
      {
        "state": "NT",
        "price": "475",
        "price_per_unit": "792",
        "price_unit": "ML"
      }
    ]
  },
  {
    "source_url": "https://www.woolworths.com.au/shop/productdetails/501338/little-trees-vent-clip-new-car-fragrance",
    "name": "Little Trees Vent Clip New Car Fragrance Each",
    "image_url": "https://cdn1.woolworths.media/content/wowproductimages/large/501338.jpg",
    "source_id": "Woolworths - 501338",
    "barcode": "76171520333",
    "category_id": "1_2432B58",
    "shop": "Woolworths",
    "weight": "0",
    "prices": [
      {
        "state": "VIC",
        "price": "715",
        "price_per_unit": null,
        "price_unit": ""
      },
      {
        "state": "ACT",
        "price": "715",
        "price_per_unit": null,
        "price_unit": ""
      },
      {
        "state": "NT",
        "price": "715",
        "price_per_unit": null,
        "price_unit": ""
      }
    ]
  },
  {
    "source_url": "https://www.woolworths.com.au/shop/productdetails/501335/little-trees-vent-clip-vanilla-fragrance",
    "name": "Little Trees Vent Clip Vanilla Fragrance Each",
    "image_url": "https://cdn1.woolworths.media/content/wowproductimages/large/501335.jpg",
    "source_id": "Woolworths - 501335",
    "barcode": "76171520319",
    "category_id": "1_2432B58",
    "shop": "Woolworths",
    "weight": "0",
    "prices": [
      {
        "state": "VIC",
        "price": "715",
        "price_per_unit": null,
        "price_unit": ""
      },
      {
        "state": "QLD",
        "price": "715",
        "price_per_unit": null,
        "price_unit": ""
      },
      {
        "state": "WA",
        "price": "715",
        "price_per_unit": null,
        "price_unit": ""
      },
      {
        "state": "SA",
        "price": "715",
        "price_per_unit": null,
        "price_unit": ""
      },
      {
        "state": "TAS",
        "price": "715",
        "price_per_unit": null,
        "price_unit": ""
      },
      {
        "state": "ACT",
        "price": "715",
        "price_per_unit": null,
        "price_unit": ""
      },
      {
        "state": "NT",
        "price": "715",
        "price_per_unit": null,
        "price_unit": ""
      }
    ]
  },
  {
    "source_url": "https://www.woolworths.com.au/shop/productdetails/494629/maison-muse-car-air-freshener-coconut-sea-salt",
    "name": "Maison & Muse Car Air Freshener Coconut & Sea Salt each",
    "image_url": "https://cdn1.woolworths.media/content/wowproductimages/large/494629.jpg",
    "source_id": "Woolworths - 494629",
    "barcode": "9421035733601",
    "category_id": "1_2432B58",
    "shop": "Woolworths",
    "weight": "1EA",
    "prices": [
      {
        "state": "VIC",
        "price": "600",
        "price_per_unit": "600",
        "price_unit": "EA"
      },
      {
        "state": "ACT",
        "price": "600",
        "price_per_unit": "600",
        "price_unit": "EA"
      },
      {
        "state": "NT",
        "price": "600",
        "price_per_unit": "600",
        "price_unit": "EA"
      }
    ]
  },
  {
    "source_url": "https://www.woolworths.com.au/shop/productdetails/500877/maison-muse-car-air-freshener-mild-vanilla-caramel",
    "name": "Maison & Muse Car Air Freshener Mild Vanilla & Caramel each",
    "image_url": "https://cdn1.woolworths.media/content/wowproductimages/large/500877.jpg",
    "source_id": "Woolworths - 500877",
    "barcode": "9421035733571",
    "category_id": "1_2432B58",
    "shop": "Woolworths",
    "weight": "1EA",
    "prices": [
      {
        "state": "VIC",
        "price": "600",
        "price_per_unit": "600",
        "price_unit": "EA"
      },
      {
        "state": "ACT",
        "price": "600",
        "price_per_unit": "600",
        "price_unit": "EA"
      },
      {
        "state": "NT",
        "price": "600",
        "price_per_unit": "600",
        "price_unit": "EA"
      }
    ]
  },
  {
    "source_url": "https://www.woolworths.com.au/shop/productdetails/503939/maison-muse-liquid-car-vent-clip-air-freshener-guava-elderflower",
    "name": "Maison & Muse Liquid Car Vent Clip Air Freshener Guava & Elderflower each",
    "image_url": "https://cdn1.woolworths.media/content/wowproductimages/large/503939.jpg",
    "source_id": "Woolworths - 503939",
    "barcode": "9421035733632",
    "category_id": "1_2432B58",
    "shop": "Woolworths",
    "weight": "1EA",
    "prices": [
      {
        "state": "VIC",
        "price": "1000",
        "price_per_unit": "1000",
        "price_unit": "EA"
      },
      {
        "state": "ACT",
        "price": "1000",
        "price_per_unit": "1000",
        "price_unit": "EA"
      },
      {
        "state": "NT",
        "price": "1000",
        "price_per_unit": "1000",
        "price_unit": "EA"
      }
    ]
  },
  {
    "source_url": "https://www.woolworths.com.au/shop/productdetails/502583/maison-muse-liquid-car-vent-clip-air-freshener-vanilla-caramel",
    "name": "Maison & Muse Liquid Car Vent Clip Air Freshener Vanilla & Caramel each",
    "image_url": "https://cdn1.woolworths.media/content/wowproductimages/large/502583.jpg",
    "source_id": "Woolworths - 502583",
    "barcode": "9421035733663",
    "category_id": "1_2432B58",
    "shop": "Woolworths",
    "weight": "1EA",
    "prices": [
      {
        "state": "VIC",
        "price": "1000",
        "price_per_unit": "1000",
        "price_unit": "EA"
      },
      {
        "state": "ACT",
        "price": "1000",
        "price_per_unit": "1000",
        "price_unit": "EA"
      },
      {
        "state": "NT",
        "price": "1000",
        "price_per_unit": "1000",
        "price_unit": "EA"
      }
    ]
  },
  {
    "source_url": "https://www.woolworths.com.au/shop/productdetails/279074/myne-air-freshener-strawberry-wax",
    "name": "Myne Air Freshener Strawberry Wax Each",
    "image_url": "https://cdn1.woolworths.media/content/wowproductimages/large/279074.jpg",
    "source_id": "Woolworths - 279074",
    "barcode": "9333195025895",
    "category_id": "1_2432B58",
    "shop": "Woolworths",
    "weight": "1EA",
    "prices": [
      {
        "state": "VIC",
        "price": "300",
        "price_per_unit": "300",
        "price_unit": "EA"
      },
      {
        "state": "ACT",
        "price": "300",
        "price_per_unit": "300",
        "price_unit": "EA"
      },
      {
        "state": "NT",
        "price": "300",
        "price_per_unit": "300",
        "price_unit": "EA"
      }
    ]
  },
  {
    "source_url": "https://www.woolworths.com.au/shop/productdetails/481101/myne-coffee-carded-air-freshener-assorted",
    "name": "Myne Coffee Carded Air Freshener Assorted each",
    "image_url": "https://cdn1.woolworths.media/content/wowproductimages/large/481101.jpg",
    "source_id": "Woolworths - 481101",
    "barcode": "9333195027745",
    "category_id": "1_2432B58",
    "shop": "Woolworths",
    "weight": "1EA",
    "prices": [
      {
        "state": "VIC",
        "price": "300",
        "price_per_unit": "300",
        "price_unit": "EA"
      },
      {
        "state": "ACT",
        "price": "300",
        "price_per_unit": "300",
        "price_unit": "EA"
      },
      {
        "state": "NT",
        "price": "300",
        "price_per_unit": "300",
        "price_unit": "EA"
      }
    ]
  },
  {
    "source_url": "https://www.woolworths.com.au/shop/productdetails/235755/myne-gecko-air-freshener-assorted",
    "name": "Myne Gecko Air Freshener Assorted Each",
    "image_url": "https://cdn1.woolworths.media/content/wowproductimages/large/235755.jpg",
    "source_id": "Woolworths - 235755",
    "barcode": "9333195022993",
    "category_id": "1_2432B58",
    "shop": "Woolworths",
    "weight": "1EA",
    "prices": [
      {
        "state": "VIC",
        "price": "600",
        "price_per_unit": "600",
        "price_unit": "EA"
      },
      {
        "state": "ACT",
        "price": "600",
        "price_per_unit": "600",
        "price_unit": "EA"
      },
      {
        "state": "NT",
        "price": "600",
        "price_per_unit": "600",
        "price_unit": "EA"
      }
    ]
  },
  {
    "source_url": "https://www.woolworths.com.au/shop/productdetails/346600/pink-ribbon-air-freshener-summer-breeze",
    "name": "Pink Ribbon Air Freshener Summer Breeze Each",
    "image_url": "https://cdn1.woolworths.media/content/wowproductimages/large/346600.jpg",
    "source_id": "Woolworths - 346600",
    "barcode": "9312790518346",
    "category_id": "1_2432B58",
    "shop": "Woolworths",
    "weight": "1EA",
    "prices": [
      {
        "state": "VIC",
        "price": "275",
        "price_per_unit": "275",
        "price_unit": "EA"
      },
      {
        "state": "ACT",
        "price": "275",
        "price_per_unit": "275",
        "price_unit": "EA"
      },
      {
        "state": "NT",
        "price": "275",
        "price_per_unit": "275",
        "price_unit": "EA"
      }
    ]
  },
  {
    "source_url": "https://www.woolworths.com.au/shop/productdetails/905513/banyar-jagun-room-spray-riberry",
    "name": "Banyar Jagun Room Spray Riberry 250mL",
    "image_url": "https://cdn1.woolworths.media/content/wowproductimages/large/905513.jpg",
    "source_id": "Woolworths - 905513",
    "barcode": "9309000930456",
    "category_id": "1_2432B58",
    "shop": "Woolworths",
    "weight": "100ML",
    "prices": [
      {
        "state": "VIC",
        "price": "795",
        "price_per_unit": "318",
        "price_unit": "ML"
      },
      {
        "state": "QLD",
        "price": "795",
        "price_per_unit": "318",
        "price_unit": "ML"
      },
      {
        "state": "SA",
        "price": "795",
        "price_per_unit": "318",
        "price_unit": "ML"
      },
      {
        "state": "TAS",
        "price": "795",
        "price_per_unit": "318",
        "price_unit": "ML"
      },
      {
        "state": "ACT",
        "price": "795",
        "price_per_unit": "318",
        "price_unit": "ML"
      },
      {
        "state": "NT",
        "price": "835",
        "price_per_unit": "334",
        "price_unit": "ML"
      }
    ]
  },
  {
    "source_url": "https://www.woolworths.com.au/shop/productdetails/905265/banyar-jagun-white-cypress-room-spray",
    "name": "Banyar Jagun White Cypress Room Spray 250mL",
    "image_url": "https://cdn1.woolworths.media/content/wowproductimages/large/905265.jpg",
    "source_id": "Woolworths - 905265",
    "barcode": "9309000930500",
    "category_id": "1_2432B58",
    "shop": "Woolworths",
    "weight": "100ML",
    "prices": [
      {
        "state": "VIC",
        "price": "795",
        "price_per_unit": "318",
        "price_unit": "ML"
      },
      {
        "state": "QLD",
        "price": "795",
        "price_per_unit": "318",
        "price_unit": "ML"
      },
      {
        "state": "WA",
        "price": "795",
        "price_per_unit": "318",
        "price_unit": "ML"
      },
      {
        "state": "SA",
        "price": "795",
        "price_per_unit": "318",
        "price_unit": "ML"
      },
      {
        "state": "TAS",
        "price": "795",
        "price_per_unit": "318",
        "price_unit": "ML"
      },
      {
        "state": "ACT",
        "price": "795",
        "price_per_unit": "318",
        "price_unit": "ML"
      },
      {
        "state": "NT",
        "price": "835",
        "price_per_unit": "334",
        "price_unit": "ML"
      }
    ]
  },
  {
    "source_url": "https://www.woolworths.com.au/shop/productdetails/78663/botanica-candle-moroccan-mint-pink-grapefruit",
    "name": "Botanica Candle Moroccan Mint & Pink Grapefruit 205g",
    "image_url": "https://cdn1.woolworths.media/content/wowproductimages/large/078663.jpg",
    "source_id": "Woolworths - 78663",
    "barcode": "9300701111977",
    "category_id": "1_2432B58",
    "shop": "Woolworths",
    "weight": "1EA",
    "prices": [
      {
        "state": "VIC",
        "price": "2000",
        "price_per_unit": "2000",
        "price_unit": "EA"
      },
      {
        "state": "QLD",
        "price": "2000",
        "price_per_unit": "2000",
        "price_unit": "EA"
      },
      {
        "state": "WA",
        "price": "2000",
        "price_per_unit": "2000",
        "price_unit": "EA"
      },
      {
        "state": "SA",
        "price": "2000",
        "price_per_unit": "2000",
        "price_unit": "EA"
      },
      {
        "state": "TAS",
        "price": "2000",
        "price_per_unit": "2000",
        "price_unit": "EA"
      },
      {
        "state": "ACT",
        "price": "2000",
        "price_per_unit": "2000",
        "price_unit": "EA"
      }
    ]
  },
  {
    "source_url": "https://www.woolworths.com.au/shop/productdetails/136533/botanica-caribbean-vetiver-sandalwood-air-freshener-room-spray",
    "name": "Botanica Caribbean Vetiver & Sandalwood Air Freshener Room Spray 236ml",
    "image_url": "https://cdn1.woolworths.media/content/wowproductimages/large/136533.jpg",
    "source_id": "Woolworths - 136533",
    "barcode": "9300701148454",
    "category_id": "1_2432B58",
    "shop": "Woolworths",
    "weight": "100ML",
    "prices": [
      {
        "state": "VIC",
        "price": "900",
        "price_per_unit": "381",
        "price_unit": "ML"
      },
      {
        "state": "QLD",
        "price": "900",
        "price_per_unit": "381",
        "price_unit": "ML"
      },
      {
        "state": "WA",
        "price": "900",
        "price_per_unit": "381",
        "price_unit": "ML"
      },
      {
        "state": "SA",
        "price": "900",
        "price_per_unit": "381",
        "price_unit": "ML"
      },
      {
        "state": "TAS",
        "price": "900",
        "price_per_unit": "381",
        "price_unit": "ML"
      },
      {
        "state": "ACT",
        "price": "900",
        "price_per_unit": "381",
        "price_unit": "ML"
      },
      {
        "state": "NT",
        "price": "950",
        "price_per_unit": "403",
        "price_unit": "ML"
      }
    ]
  },
  {
    "source_url": "https://www.woolworths.com.au/shop/productdetails/236771/botanica-coconut-milk-indonesian-patchouli-plug-in-diffuser",
    "name": "Botanica Coconut Milk & Indonesian Patchouli Plug-In Diffuser 19ml",
    "image_url": "https://cdn1.woolworths.media/content/wowproductimages/large/236771.jpg",
    "source_id": "Woolworths - 236771",
    "barcode": "9300701067366",
    "category_id": "1_2432B58",
    "shop": "Woolworths",
    "weight": "10ML",
    "prices": [
      {
        "state": "VIC",
        "price": "1700",
        "price_per_unit": "895",
        "price_unit": "ML"
      },
      {
        "state": "QLD",
        "price": "1700",
        "price_per_unit": "895",
        "price_unit": "ML"
      },
      {
        "state": "SA",
        "price": "1700",
        "price_per_unit": "895",
        "price_unit": "ML"
      },
      {
        "state": "TAS",
        "price": "1700",
        "price_per_unit": "895",
        "price_unit": "ML"
      },
      {
        "state": "ACT",
        "price": "1700",
        "price_per_unit": "895",
        "price_unit": "ML"
      },
      {
        "state": "NT",
        "price": "1785",
        "price_per_unit": "939",
        "price_unit": "ML"
      }
    ]
  },
  {
    "source_url": "https://www.woolworths.com.au/shop/productdetails/191713/botanica-eucalyptus-mediterranean-sage-reed-diffuser",
    "name": "Botanica Eucalyptus & Mediterranean Sage Reed Diffuser 80ml",
    "image_url": "https://cdn1.woolworths.media/content/wowproductimages/large/191713.jpg",
    "source_id": "Woolworths - 191713",
    "barcode": "9300701068820",
    "category_id": "1_2432B58",
    "shop": "Woolworths",
    "weight": "10ML",
    "prices": [
      {
        "state": "VIC",
        "price": "2000",
        "price_per_unit": "250",
        "price_unit": "ML"
      },
      {
        "state": "QLD",
        "price": "2000",
        "price_per_unit": "250",
        "price_unit": "ML"
      },
      {
        "state": "WA",
        "price": "2000",
        "price_per_unit": "250",
        "price_unit": "ML"
      },
      {
        "state": "SA",
        "price": "2000",
        "price_per_unit": "250",
        "price_unit": "ML"
      },
      {
        "state": "TAS",
        "price": "2000",
        "price_per_unit": "250",
        "price_unit": "ML"
      },
      {
        "state": "ACT",
        "price": "2000",
        "price_per_unit": "250",
        "price_unit": "ML"
      },
      {
        "state": "NT",
        "price": "2000",
        "price_per_unit": "250",
        "price_unit": "ML"
      }
    ]
  },
  {
    "source_url": "https://www.woolworths.com.au/shop/productdetails/905497/botanica-origins-french-clary-sage-candle",
    "name": "Botanica Origins French Clary Sage Candle 250g",
    "image_url": "https://cdn1.woolworths.media/content/wowproductimages/large/905497.jpg",
    "source_id": "Woolworths - 905497",
    "barcode": "9300701879006",
    "category_id": "1_2432B58",
    "shop": "Woolworths",
    "weight": "100G",
    "prices": [
      {
        "state": "VIC",
        "price": "1300",
        "price_per_unit": "520",
        "price_unit": "G"
      },
      {
        "state": "QLD",
        "price": "1300",
        "price_per_unit": "520",
        "price_unit": "G"
      },
      {
        "state": "WA",
        "price": "1300",
        "price_per_unit": "520",
        "price_unit": "G"
      },
      {
        "state": "SA",
        "price": "1300",
        "price_per_unit": "520",
        "price_unit": "G"
      },
      {
        "state": "TAS",
        "price": "1300",
        "price_per_unit": "520",
        "price_unit": "G"
      },
      {
        "state": "ACT",
        "price": "1300",
        "price_per_unit": "520",
        "price_unit": "G"
      },
      {
        "state": "NT",
        "price": "1365",
        "price_per_unit": "546",
        "price_unit": "G"
      }
    ]
  },
  {
    "source_url": "https://www.woolworths.com.au/shop/productdetails/905307/botanica-origins-madagascan-vanilla-candle",
    "name": "Botanica Origins Madagascan Vanilla Candle 250g",
    "image_url": "https://cdn1.woolworths.media/content/wowproductimages/large/905307.jpg",
    "source_id": "Woolworths - 905307",
    "barcode": "9300701879051",
    "category_id": "1_2432B58",
    "shop": "Woolworths",
    "weight": "100G",
    "prices": [
      {
        "state": "VIC",
        "price": "1300",
        "price_per_unit": "520",
        "price_unit": "G"
      },
      {
        "state": "WA",
        "price": "1300",
        "price_per_unit": "520",
        "price_unit": "G"
      },
      {
        "state": "SA",
        "price": "1300",
        "price_per_unit": "520",
        "price_unit": "G"
      },
      {
        "state": "TAS",
        "price": "1300",
        "price_per_unit": "520",
        "price_unit": "G"
      },
      {
        "state": "ACT",
        "price": "1300",
        "price_per_unit": "520",
        "price_unit": "G"
      },
      {
        "state": "NT",
        "price": "1365",
        "price_per_unit": "546",
        "price_unit": "G"
      }
    ]
  },
  {
    "source_url": "https://www.woolworths.com.au/shop/productdetails/905753/botanica-origins-sri-lankan-cinnamon-candle",
    "name": "Botanica Origins Sri Lankan Cinnamon Candle 250g",
    "image_url": "https://cdn1.woolworths.media/content/wowproductimages/large/905753.jpg",
    "source_id": "Woolworths - 905753",
    "barcode": "9300701878993",
    "category_id": "1_2432B58",
    "shop": "Woolworths",
    "weight": "100G",
    "prices": [
      {
        "state": "VIC",
        "price": "1300",
        "price_per_unit": "520",
        "price_unit": "G"
      },
      {
        "state": "WA",
        "price": "1300",
        "price_per_unit": "520",
        "price_unit": "G"
      },
      {
        "state": "SA",
        "price": "1300",
        "price_per_unit": "520",
        "price_unit": "G"
      },
      {
        "state": "ACT",
        "price": "1300",
        "price_per_unit": "520",
        "price_unit": "G"
      },
      {
        "state": "NT",
        "price": "1365",
        "price_per_unit": "546",
        "price_unit": "G"
      }
    ]
  },
  {
    "source_url": "https://www.woolworths.com.au/shop/productdetails/198668/bx-earth-great-ocean-amber-lotus-triple-scented-double-wicked",
    "name": "Bx Earth Great Ocean Amber & Lotus Triple Scented Double Wicked 300g",
    "image_url": "https://cdn1.woolworths.media/content/wowproductimages/large/198668.jpg",
    "source_id": "Woolworths - 198668",
    "barcode": "9310665005335",
    "category_id": "1_2432B58",
    "shop": "Woolworths",
    "weight": "100G",
    "prices": [
      {
        "state": "VIC",
        "price": "2200",
        "price_per_unit": "733",
        "price_unit": "G"
      },
      {
        "state": "WA",
        "price": "2200",
        "price_per_unit": "733",
        "price_unit": "G"
      },
      {
        "state": "SA",
        "price": "2200",
        "price_per_unit": "733",
        "price_unit": "G"
      },
      {
        "state": "ACT",
        "price": "2200",
        "price_per_unit": "733",
        "price_unit": "G"
      },
      {
        "state": "NT",
        "price": "2310",
        "price_per_unit": "770",
        "price_unit": "G"
      }
    ]
  },
  {
    "source_url": "https://www.woolworths.com.au/shop/productdetails/198179/bx-earth-great-ocean-amber-lotus-triple-scented-reed-diffuser",
    "name": "Bx Earth Great Ocean Amber & Lotus Triple Scented Reed Diffuser 150ml",
    "image_url": "https://cdn1.woolworths.media/content/wowproductimages/large/198179.jpg",
    "source_id": "Woolworths - 198179",
    "barcode": "9310665004864",
    "category_id": "1_2432B58",
    "shop": "Woolworths",
    "weight": "100ML",
    "prices": [
      {
        "state": "VIC",
        "price": "2200",
        "price_per_unit": "1467",
        "price_unit": "ML"
      },
      {
        "state": "WA",
        "price": "2200",
        "price_per_unit": "1467",
        "price_unit": "ML"
      },
      {
        "state": "SA",
        "price": "2200",
        "price_per_unit": "1467",
        "price_unit": "ML"
      },
      {
        "state": "ACT",
        "price": "2200",
        "price_per_unit": "1467",
        "price_unit": "ML"
      },
      {
        "state": "NT",
        "price": "2310",
        "price_per_unit": "1540",
        "price_unit": "ML"
      }
    ]
  },
  {
    "source_url": "https://www.woolworths.com.au/shop/productdetails/142313/bx-earth-vanilla-caramel-candle-candle",
    "name": "Bx Earth Vanilla Caramel Candle Candle 300g",
    "image_url": "https://cdn1.woolworths.media/content/wowproductimages/large/142313.jpg",
    "source_id": "Woolworths - 142313",
    "barcode": "9310665005410",
    "category_id": "1_2432B58",
    "shop": "Woolworths",
    "weight": "100G",
    "prices": [
      {
        "state": "VIC",
        "price": "2200",
        "price_per_unit": "733",
        "price_unit": "G"
      },
      {
        "state": "QLD",
        "price": "2200",
        "price_per_unit": "733",
        "price_unit": "G"
      },
      {
        "state": "WA",
        "price": "2200",
        "price_per_unit": "733",
        "price_unit": "G"
      },
      {
        "state": "SA",
        "price": "2200",
        "price_per_unit": "733",
        "price_unit": "G"
      },
      {
        "state": "TAS",
        "price": "2200",
        "price_per_unit": "733",
        "price_unit": "G"
      },
      {
        "state": "ACT",
        "price": "2200",
        "price_per_unit": "733",
        "price_unit": "G"
      },
      {
        "state": "NT",
        "price": "2310",
        "price_per_unit": "770",
        "price_unit": "G"
      }
    ]
  },
  {
    "source_url": "https://www.woolworths.com.au/shop/productdetails/142412/bx-earth-vanilla-caramel-candle-reed-diffuser",
    "name": "Bx Earth Vanilla Caramel Candle Reed Diffuser 150ml",
    "image_url": "https://cdn1.woolworths.media/content/wowproductimages/large/142412.jpg",
    "source_id": "Woolworths - 142412",
    "barcode": "9310665004833",
    "category_id": "1_2432B58",
    "shop": "Woolworths",
    "weight": "100ML",
    "prices": [
      {
        "state": "VIC",
        "price": "2200",
        "price_per_unit": "1467",
        "price_unit": "ML"
      },
      {
        "state": "WA",
        "price": "2200",
        "price_per_unit": "1467",
        "price_unit": "ML"
      },
      {
        "state": "SA",
        "price": "2200",
        "price_per_unit": "1467",
        "price_unit": "ML"
      },
      {
        "state": "ACT",
        "price": "2200",
        "price_per_unit": "1467",
        "price_unit": "ML"
      },
      {
        "state": "NT",
        "price": "2310",
        "price_per_unit": "1540",
        "price_unit": "ML"
      }
    ]
  },
  {
    "source_url": "https://www.woolworths.com.au/shop/productdetails/191169/glade-aromatherapy-reed-diffuser-lavender-sandalwood",
    "name": "Glade Aromatherapy Reed Diffuser Lavender & Sandalwood 80ml",
    "image_url": "https://cdn1.woolworths.media/content/wowproductimages/large/191169.jpg",
    "source_id": "Woolworths - 191169",
    "barcode": "9300622005812",
    "category_id": "1_2432B58",
    "shop": "Woolworths",
    "weight": "10ML",
    "prices": [
      {
        "state": "VIC",
        "price": "1600",
        "price_per_unit": "200",
        "price_unit": "ML"
      },
      {
        "state": "QLD",
        "price": "1600",
        "price_per_unit": "200",
        "price_unit": "ML"
      },
      {
        "state": "WA",
        "price": "1600",
        "price_per_unit": "200",
        "price_unit": "ML"
      },
      {
        "state": "SA",
        "price": "1600",
        "price_per_unit": "200",
        "price_unit": "ML"
      },
      {
        "state": "TAS",
        "price": "1600",
        "price_per_unit": "200",
        "price_unit": "ML"
      },
      {
        "state": "ACT",
        "price": "1600",
        "price_per_unit": "200",
        "price_unit": "ML"
      },
      {
        "state": "NT",
        "price": "1600",
        "price_per_unit": "200",
        "price_unit": "ML"
      }
    ]
  },
  {
    "source_url": "https://www.woolworths.com.au/shop/productdetails/266685/glade-electric-scented-oil-refill-sheer-vanilla-embrace",
    "name": "Glade Electric Scented Oil Refill Sheer Vanilla Embrace 2 Pack",
    "image_url": "https://cdn1.woolworths.media/content/wowproductimages/large/266685.jpg",
    "source_id": "Woolworths - 266685",
    "barcode": "9300622007489",
    "category_id": "1_2432B58",
    "shop": "Woolworths",
    "weight": "10ML",
    "prices": [
      {
        "state": "VIC",
        "price": "1300",
        "price_per_unit": "325",
        "price_unit": "ML"
      },
      {
        "state": "QLD",
        "price": "1300",
        "price_per_unit": "325",
        "price_unit": "ML"
      },
      {
        "state": "WA",
        "price": "1300",
        "price_per_unit": "325",
        "price_unit": "ML"
      },
      {
        "state": "SA",
        "price": "1300",
        "price_per_unit": "325",
        "price_unit": "ML"
      },
      {
        "state": "TAS",
        "price": "1300",
        "price_per_unit": "325",
        "price_unit": "ML"
      },
      {
        "state": "ACT",
        "price": "1300",
        "price_per_unit": "325",
        "price_unit": "ML"
      },
      {
        "state": "NT",
        "price": "1360",
        "price_per_unit": "340",
        "price_unit": "ML"
      }
    ]
  },
  {
    "source_url": "https://www.woolworths.com.au/shop/productdetails/266954/glade-electric-scented-oil-warmer-refill-exotic-tropical-blossms",
    "name": "Glade Electric Scented Oil Warmer & Refill Exotic Tropical Blossms 20ml",
    "image_url": "https://cdn1.woolworths.media/content/wowproductimages/large/266954.jpg",
    "source_id": "Woolworths - 266954",
    "barcode": "9300622007502",
    "category_id": "1_2432B58",
    "shop": "Woolworths",
    "weight": "10ML",
    "prices": [
      {
        "state": "VIC",
        "price": "1400",
        "price_per_unit": "700",
        "price_unit": "ML"
      },
      {
        "state": "QLD",
        "price": "1400",
        "price_per_unit": "700",
        "price_unit": "ML"
      },
      {
        "state": "WA",
        "price": "1400",
        "price_per_unit": "700",
        "price_unit": "ML"
      },
      {
        "state": "SA",
        "price": "1400",
        "price_per_unit": "700",
        "price_unit": "ML"
      },
      {
        "state": "TAS",
        "price": "1400",
        "price_per_unit": "700",
        "price_unit": "ML"
      },
      {
        "state": "ACT",
        "price": "1400",
        "price_per_unit": "700",
        "price_unit": "ML"
      },
      {
        "state": "NT",
        "price": "1470",
        "price_per_unit": "735",
        "price_unit": "ML"
      }
    ]
  },
  {
    "source_url": "https://www.woolworths.com.au/shop/productdetails/267046/glade-electric-scented-oil-warmer-refill-sheer-vanilla-embrace",
    "name": "Glade Electric Scented Oil Warmer & Refill Sheer Vanilla Embrace 20ml",
    "image_url": "https://cdn1.woolworths.media/content/wowproductimages/large/267046.jpg",
    "source_id": "Woolworths - 267046",
    "barcode": "9300622007526",
    "category_id": "1_2432B58",
    "shop": "Woolworths",
    "weight": "10ML",
    "prices": [
      {
        "state": "VIC",
        "price": "1400",
        "price_per_unit": "700",
        "price_unit": "ML"
      },
      {
        "state": "QLD",
        "price": "1400",
        "price_per_unit": "700",
        "price_unit": "ML"
      },
      {
        "state": "WA",
        "price": "1400",
        "price_per_unit": "700",
        "price_unit": "ML"
      },
      {
        "state": "SA",
        "price": "1400",
        "price_per_unit": "700",
        "price_unit": "ML"
      },
      {
        "state": "TAS",
        "price": "1400",
        "price_per_unit": "700",
        "price_unit": "ML"
      },
      {
        "state": "ACT",
        "price": "1400",
        "price_per_unit": "700",
        "price_unit": "ML"
      },
      {
        "state": "NT",
        "price": "1470",
        "price_per_unit": "735",
        "price_unit": "ML"
      }
    ]
  },
  {
    "source_url": "https://www.woolworths.com.au/shop/productdetails/908238/glade-plug-in-refills-exotic-tropical-blooms",
    "name": "Glade Plug In Refills Exotic Tropical Blooms 2 Pack",
    "image_url": "https://cdn1.woolworths.media/content/wowproductimages/large/908238.jpg",
    "source_id": "Woolworths - 908238",
    "barcode": "9300622007519",
    "category_id": "1_2432B58",
    "shop": "Woolworths",
    "weight": "100ML",
    "prices": [
      {
        "state": "VIC",
        "price": "1300",
        "price_per_unit": "3250",
        "price_unit": "ML"
      },
      {
        "state": "QLD",
        "price": "1300",
        "price_per_unit": "3250",
        "price_unit": "ML"
      },
      {
        "state": "WA",
        "price": "1300",
        "price_per_unit": "3250",
        "price_unit": "ML"
      },
      {
        "state": "SA",
        "price": "1300",
        "price_per_unit": "3250",
        "price_unit": "ML"
      },
      {
        "state": "TAS",
        "price": "1300",
        "price_per_unit": "3250",
        "price_unit": "ML"
      },
      {
        "state": "ACT",
        "price": "1300",
        "price_per_unit": "3250",
        "price_unit": "ML"
      },
      {
        "state": "NT",
        "price": "1360",
        "price_per_unit": "3400",
        "price_unit": "ML"
      }
    ]
  },
  {
    "source_url": "https://www.woolworths.com.au/shop/productdetails/342185/glade-sense-spray-air-freshener-refill-clean-linen",
    "name": "Glade Sense & Spray Air Freshener Refill Clean Linen 12g",
    "image_url": "https://cdn1.woolworths.media/content/wowproductimages/large/342185.jpg",
    "source_id": "Woolworths - 342185",
    "barcode": "46500705403",
    "category_id": "1_2432B58",
    "shop": "Woolworths",
    "weight": "10G",
    "prices": [
      {
        "state": "VIC",
        "price": "750",
        "price_per_unit": "625",
        "price_unit": "G"
      },
      {
        "state": "QLD",
        "price": "750",
        "price_per_unit": "625",
        "price_unit": "G"
      },
      {
        "state": "WA",
        "price": "750",
        "price_per_unit": "625",
        "price_unit": "G"
      },
      {
        "state": "SA",
        "price": "750",
        "price_per_unit": "625",
        "price_unit": "G"
      },
      {
        "state": "TAS",
        "price": "750",
        "price_per_unit": "625",
        "price_unit": "G"
      },
      {
        "state": "ACT",
        "price": "750",
        "price_per_unit": "625",
        "price_unit": "G"
      },
      {
        "state": "NT",
        "price": "750",
        "price_per_unit": "625",
        "price_unit": "G"
      }
    ]
  },
  {
    "source_url": "https://www.woolworths.com.au/shop/productdetails/137008/glade-sense-spray-automatic-air-freshener-limited-edition",
    "name": "Glade Sense & Spray Automatic Air Freshener Limited Edition Each",
    "image_url": "https://cdn1.woolworths.media/content/wowproductimages/large/137008.jpg",
    "source_id": "Woolworths - 137008",
    "barcode": "9300622005041",
    "category_id": "1_2432B58",
    "shop": "Woolworths",
    "weight": "100G",
    "prices": [
      {
        "state": "VIC",
        "price": "875",
        "price_per_unit": "7292",
        "price_unit": "G"
      },
      {
        "state": "QLD",
        "price": "875",
        "price_per_unit": "7292",
        "price_unit": "G"
      },
      {
        "state": "WA",
        "price": "875",
        "price_per_unit": "7292",
        "price_unit": "G"
      },
      {
        "state": "SA",
        "price": "875",
        "price_per_unit": "7292",
        "price_unit": "G"
      },
      {
        "state": "TAS",
        "price": "875",
        "price_per_unit": "7292",
        "price_unit": "G"
      },
      {
        "state": "ACT",
        "price": "875",
        "price_per_unit": "7292",
        "price_unit": "G"
      },
      {
        "state": "NT",
        "price": "920",
        "price_per_unit": "7667",
        "price_unit": "G"
      }
    ]
  },
  {
    "source_url": "https://www.woolworths.com.au/shop/productdetails/201008/glade-sense-spray-refill-tropical-blossoms",
    "name": "Glade Sense & Spray Refill Tropical Blossoms 12g",
    "image_url": "https://cdn1.woolworths.media/content/wowproductimages/large/201008.jpg",
    "source_id": "Woolworths - 201008",
    "barcode": "9300622006260",
    "category_id": "1_2432B58",
    "shop": "Woolworths",
    "weight": "10G",
    "prices": [
      {
        "state": "VIC",
        "price": "750",
        "price_per_unit": "625",
        "price_unit": "G"
      },
      {
        "state": "QLD",
        "price": "750",
        "price_per_unit": "625",
        "price_unit": "G"
      },
      {
        "state": "WA",
        "price": "750",
        "price_per_unit": "625",
        "price_unit": "G"
      },
      {
        "state": "SA",
        "price": "750",
        "price_per_unit": "625",
        "price_unit": "G"
      },
      {
        "state": "TAS",
        "price": "750",
        "price_per_unit": "625",
        "price_unit": "G"
      },
      {
        "state": "ACT",
        "price": "750",
        "price_per_unit": "625",
        "price_unit": "G"
      },
      {
        "state": "NT",
        "price": "750",
        "price_per_unit": "625",
        "price_unit": "G"
      }
    ]
  },
  {
    "source_url": "https://www.woolworths.com.au/shop/productdetails/785900/glen-20-light-fresh-summer-garden-disinfectant-spray",
    "name": "Glen 20 Light & Fresh Summer Garden Disinfectant Spray 300g",
    "image_url": "https://cdn1.woolworths.media/content/wowproductimages/large/785900.jpg",
    "source_id": "Woolworths - 785900",
    "barcode": "9300701701482",
    "category_id": "1_2432B58",
    "shop": "Woolworths",
    "weight": "100G",
    "prices": [
      {
        "state": "VIC",
        "price": "950",
        "price_per_unit": "317",
        "price_unit": "G"
      },
      {
        "state": "SA",
        "price": "950",
        "price_per_unit": "317",
        "price_unit": "G"
      },
      {
        "state": "NT",
        "price": "990",
        "price_per_unit": "330",
        "price_unit": "G"
      }
    ]
  },
  {
    "source_url": "https://www.woolworths.com.au/shop/productdetails/909456/good-candle-co-incense-sticks-ceramic-holder-pomegranate-noir",
    "name": "Good Candle Co Incense Sticks & Ceramic Holder Pomegranate Noir 40 pack",
    "image_url": "https://cdn1.woolworths.media/content/wowproductimages/large/909456.jpg",
    "source_id": "Woolworths - 909456",
    "barcode": "9340136014528",
    "category_id": "1_2432B58",
    "shop": "Woolworths",
    "weight": "1EA",
    "prices": [
      {
        "state": "VIC",
        "price": "1200",
        "price_per_unit": "30",
        "price_unit": "EA"
      },
      {
        "state": "WA",
        "price": "1200",
        "price_per_unit": "30",
        "price_unit": "EA"
      },
      {
        "state": "SA",
        "price": "1200",
        "price_per_unit": "30",
        "price_unit": "EA"
      },
      {
        "state": "ACT",
        "price": "1200",
        "price_per_unit": "30",
        "price_unit": "EA"
      },
      {
        "state": "NT",
        "price": "1260",
        "price_per_unit": "32",
        "price_unit": "EA"
      }
    ]
  },
  {
    "source_url": "https://www.woolworths.com.au/shop/productdetails/909872/good-candle-co-soy-candle-refill-kit-blood-orange-grapefruit",
    "name": "Good Candle Co Soy Candle Refill Kit Blood Orange & Grapefruit 200g",
    "image_url": "https://cdn1.woolworths.media/content/wowproductimages/large/909872.jpg",
    "source_id": "Woolworths - 909872",
    "barcode": "9340136014481",
    "category_id": "1_2432B58",
    "shop": "Woolworths",
    "weight": "100G",
    "prices": [
      {
        "state": "VIC",
        "price": "960",
        "price_per_unit": "480",
        "price_unit": "G"
      },
      {
        "state": "WA",
        "price": "960",
        "price_per_unit": "480",
        "price_unit": "G"
      },
      {
        "state": "SA",
        "price": "960",
        "price_per_unit": "480",
        "price_unit": "G"
      },
      {
        "state": "ACT",
        "price": "960",
        "price_per_unit": "480",
        "price_unit": "G"
      },
      {
        "state": "NT",
        "price": "1005",
        "price_per_unit": "503",
        "price_unit": "G"
      }
    ]
  },
  {
    "source_url": "https://www.woolworths.com.au/shop/productdetails/267382/green-nation-air-freshener-spray-sandalwood-cedar",
    "name": "Green Nation Air Freshener Spray Sandalwood + Cedar 200ml",
    "image_url": "https://cdn1.woolworths.media/content/wowproductimages/large/267382.jpg",
    "source_id": "Woolworths - 267382",
    "barcode": "9357821002128",
    "category_id": "1_2432B58",
    "shop": "Woolworths",
    "weight": "100ML",
    "prices": [
      {
        "state": "VIC",
        "price": "500",
        "price_per_unit": "250",
        "price_unit": "ML"
      },
      {
        "state": "WA",
        "price": "500",
        "price_per_unit": "250",
        "price_unit": "ML"
      },
      {
        "state": "SA",
        "price": "500",
        "price_per_unit": "250",
        "price_unit": "ML"
      },
      {
        "state": "ACT",
        "price": "500",
        "price_per_unit": "250",
        "price_unit": "ML"
      },
      {
        "state": "NT",
        "price": "500",
        "price_per_unit": "250",
        "price_unit": "ML"
      }
    ]
  },
  {
    "source_url": "https://www.woolworths.com.au/shop/productdetails/508845/green-nation-soy-wax-candle-lemongrass-zesty-citrus",
    "name": "Green Nation Soy Wax Candle Lemongrass & Zesty Citrus Each",
    "image_url": "https://cdn1.woolworths.media/content/wowproductimages/large/508845.jpg",
    "source_id": "Woolworths - 508845",
    "barcode": "9357821002395",
    "category_id": "1_2432B58",
    "shop": "Woolworths",
    "weight": "100G",
    "prices": [
      {
        "state": "VIC",
        "price": "1400",
        "price_per_unit": "700",
        "price_unit": "G"
      },
      {
        "state": "QLD",
        "price": "1400",
        "price_per_unit": "700",
        "price_unit": "G"
      },
      {
        "state": "WA",
        "price": "1400",
        "price_per_unit": "700",
        "price_unit": "G"
      },
      {
        "state": "SA",
        "price": "1400",
        "price_per_unit": "700",
        "price_unit": "G"
      },
      {
        "state": "TAS",
        "price": "1400",
        "price_per_unit": "700",
        "price_unit": "G"
      },
      {
        "state": "ACT",
        "price": "1400",
        "price_per_unit": "700",
        "price_unit": "G"
      },
      {
        "state": "NT",
        "price": "1400",
        "price_per_unit": "700",
        "price_unit": "G"
      }
    ]
  },
  {
    "source_url": "https://www.woolworths.com.au/shop/productdetails/503966/maison-muse-air-freshener-marilyn-wild-vanilla-caramel",
    "name": "Maison & Muse Air Freshener Marilyn Wild Vanilla & Caramel 200mL",
    "image_url": "https://cdn1.woolworths.media/content/wowproductimages/large/503966.jpg",
    "source_id": "Woolworths - 503966",
    "barcode": "9421035733694",
    "category_id": "1_2432B58",
    "shop": "Woolworths",
    "weight": "100ML",
    "prices": [
      {
        "state": "VIC",
        "price": "1000",
        "price_per_unit": "500",
        "price_unit": "ML"
      },
      {
        "state": "QLD",
        "price": "1000",
        "price_per_unit": "500",
        "price_unit": "ML"
      },
      {
        "state": "WA",
        "price": "1000",
        "price_per_unit": "500",
        "price_unit": "ML"
      },
      {
        "state": "SA",
        "price": "1000",
        "price_per_unit": "500",
        "price_unit": "ML"
      },
      {
        "state": "TAS",
        "price": "1000",
        "price_per_unit": "500",
        "price_unit": "ML"
      },
      {
        "state": "ACT",
        "price": "1000",
        "price_per_unit": "500",
        "price_unit": "ML"
      },
      {
        "state": "NT",
        "price": "1050",
        "price_per_unit": "525",
        "price_unit": "ML"
      }
    ]
  },
  {
    "source_url": "https://www.woolworths.com.au/shop/productdetails/502368/maison-muse-air-freshener-whitney",
    "name": "Maison & Muse Air Freshener Whitney Guava & Elderflower 200mL",
    "image_url": "https://cdn1.woolworths.media/content/wowproductimages/large/502368.jpg",
    "source_id": "Woolworths - 502368",
    "barcode": "9421035733724",
    "category_id": "1_2432B58",
    "shop": "Woolworths",
    "weight": "100ML",
    "prices": [
      {
        "state": "VIC",
        "price": "1000",
        "price_per_unit": "500",
        "price_unit": "ML"
      },
      {
        "state": "QLD",
        "price": "1000",
        "price_per_unit": "500",
        "price_unit": "ML"
      },
      {
        "state": "WA",
        "price": "1000",
        "price_per_unit": "500",
        "price_unit": "ML"
      },
      {
        "state": "SA",
        "price": "1000",
        "price_per_unit": "500",
        "price_unit": "ML"
      },
      {
        "state": "TAS",
        "price": "1000",
        "price_per_unit": "500",
        "price_unit": "ML"
      },
      {
        "state": "ACT",
        "price": "1000",
        "price_per_unit": "500",
        "price_unit": "ML"
      },
      {
        "state": "NT",
        "price": "1050",
        "price_per_unit": "525",
        "price_unit": "ML"
      }
    ]
  },
  {
    "source_url": "https://www.woolworths.com.au/shop/productdetails/159113/maison-muse-natural-soy-blend-candle-diana-sweet-pea-peony",
    "name": "Maison & Muse Natural Soy Blend Candle Diana Sweet Pea & Peony 350g",
    "image_url": "https://cdn1.woolworths.media/content/wowproductimages/large/159113.jpg",
    "source_id": "Woolworths - 159113",
    "barcode": "9421035730259",
    "category_id": "1_2432B58",
    "shop": "Woolworths",
    "weight": "100G",
    "prices": [
      {
        "state": "VIC",
        "price": "2500",
        "price_per_unit": "714",
        "price_unit": "G"
      },
      {
        "state": "QLD",
        "price": "2500",
        "price_per_unit": "714",
        "price_unit": "G"
      },
      {
        "state": "WA",
        "price": "2500",
        "price_per_unit": "714",
        "price_unit": "G"
      },
      {
        "state": "SA",
        "price": "2500",
        "price_per_unit": "714",
        "price_unit": "G"
      },
      {
        "state": "TAS",
        "price": "2500",
        "price_per_unit": "714",
        "price_unit": "G"
      },
      {
        "state": "ACT",
        "price": "2500",
        "price_per_unit": "714",
        "price_unit": "G"
      },
      {
        "state": "NT",
        "price": "2625",
        "price_per_unit": "750",
        "price_unit": "G"
      }
    ]
  },
  {
    "source_url": "https://www.woolworths.com.au/shop/productdetails/274224/mask-air-freshener-spray-musk-sticks",
    "name": "Mask Air Freshener Spray Musk Sticks 100ml",
    "image_url": "https://cdn1.woolworths.media/content/wowproductimages/large/274224.jpg",
    "source_id": "Woolworths - 274224",
    "barcode": "9359983000035",
    "category_id": "1_2432B58",
    "shop": "Woolworths",
    "weight": "100ML",
    "prices": [
      {
        "state": "VIC",
        "price": "1000",
        "price_per_unit": "1000",
        "price_unit": "ML"
      },
      {
        "state": "QLD",
        "price": "1000",
        "price_per_unit": "1000",
        "price_unit": "ML"
      },
      {
        "state": "WA",
        "price": "1000",
        "price_per_unit": "1000",
        "price_unit": "ML"
      },
      {
        "state": "SA",
        "price": "1000",
        "price_per_unit": "1000",
        "price_unit": "ML"
      },
      {
        "state": "TAS",
        "price": "1000",
        "price_per_unit": "1000",
        "price_unit": "ML"
      },
      {
        "state": "ACT",
        "price": "1000",
        "price_per_unit": "1000",
        "price_unit": "ML"
      },
      {
        "state": "NT",
        "price": "1051",
        "price_per_unit": "1051",
        "price_unit": "ML"
      }
    ]
  },
  {
    "source_url": "https://www.woolworths.com.au/shop/productdetails/162513/mirabella-aroma-air-diffuser-with-adaptor",
    "name": "Mirabella Aroma Air Diffuser With Adaptor Each",
    "image_url": "https://cdn1.woolworths.media/content/wowproductimages/large/162513.jpg",
    "source_id": "Woolworths - 162513",
    "barcode": "9348641018987",
    "category_id": "1_2432B58",
    "shop": "Woolworths",
    "weight": "1EA",
    "prices": [
      {
        "state": "VIC",
        "price": "2500",
        "price_per_unit": "2500",
        "price_unit": "EA"
      },
      {
        "state": "WA",
        "price": "2500",
        "price_per_unit": "2500",
        "price_unit": "EA"
      },
      {
        "state": "SA",
        "price": "2500",
        "price_per_unit": "2500",
        "price_unit": "EA"
      },
      {
        "state": "ACT",
        "price": "2500",
        "price_per_unit": "2500",
        "price_unit": "EA"
      },
      {
        "state": "NT",
        "price": "2500",
        "price_per_unit": "2500",
        "price_unit": "EA"
      }
    ]
  },
  {
    "source_url": "https://www.woolworths.com.au/shop/productdetails/883965/mirabella-mango-scented-soy-blend-candle",
    "name": "Mirabella Mango Scented Soy Blend Candle 250g",
    "image_url": "https://cdn1.woolworths.media/content/wowproductimages/large/883965.jpg",
    "source_id": "Woolworths - 883965",
    "barcode": "9348641035212",
    "category_id": "1_2432B58",
    "shop": "Woolworths",
    "weight": "100G",
    "prices": [
      {
        "state": "VIC",
        "price": "1500",
        "price_per_unit": "600",
        "price_unit": "G"
      },
      {
        "state": "QLD",
        "price": "1500",
        "price_per_unit": "600",
        "price_unit": "G"
      },
      {
        "state": "WA",
        "price": "1500",
        "price_per_unit": "600",
        "price_unit": "G"
      },
      {
        "state": "SA",
        "price": "1500",
        "price_per_unit": "600",
        "price_unit": "G"
      },
      {
        "state": "TAS",
        "price": "1500",
        "price_per_unit": "600",
        "price_unit": "G"
      },
      {
        "state": "ACT",
        "price": "1500",
        "price_per_unit": "600",
        "price_unit": "G"
      },
      {
        "state": "NT",
        "price": "1575",
        "price_per_unit": "630",
        "price_unit": "G"
      }
    ]
  },
  {
    "source_url": "https://www.woolworths.com.au/shop/productdetails/883617/mirabella-soy-blend-candle-bubble-gum",
    "name": "Mirabella Soy Blend Candle Bubble Gum 250g",
    "image_url": "https://cdn1.woolworths.media/content/wowproductimages/large/883617.jpg",
    "source_id": "Woolworths - 883617",
    "barcode": "9348641035205",
    "category_id": "1_2432B58",
    "shop": "Woolworths",
    "weight": "100G",
    "prices": [
      {
        "state": "VIC",
        "price": "1500",
        "price_per_unit": "600",
        "price_unit": "G"
      },
      {
        "state": "QLD",
        "price": "1500",
        "price_per_unit": "600",
        "price_unit": "G"
      },
      {
        "state": "WA",
        "price": "1500",
        "price_per_unit": "600",
        "price_unit": "G"
      },
      {
        "state": "SA",
        "price": "1500",
        "price_per_unit": "600",
        "price_unit": "G"
      },
      {
        "state": "TAS",
        "price": "1500",
        "price_per_unit": "600",
        "price_unit": "G"
      },
      {
        "state": "ACT",
        "price": "1500",
        "price_per_unit": "600",
        "price_unit": "G"
      },
      {
        "state": "NT",
        "price": "1575",
        "price_per_unit": "630",
        "price_unit": "G"
      }
    ]
  },
  {
    "source_url": "https://www.woolworths.com.au/shop/productdetails/89955/zenzone-air-freshener-odour-neutraliser-frangipani",
    "name": "ZenZone Air Freshener Odour Neutraliser Frangipani 150g",
    "image_url": "https://cdn1.woolworths.media/content/wowproductimages/large/089955.jpg",
    "source_id": "Woolworths - 89955",
    "barcode": "9339687168880",
    "category_id": "1_2432B58",
    "shop": "Woolworths",
    "weight": "10G",
    "prices": [
      {
        "state": "VIC",
        "price": "230",
        "price_per_unit": "15",
        "price_unit": "G"
      },
      {
        "state": "QLD",
        "price": "230",
        "price_per_unit": "15",
        "price_unit": "G"
      },
      {
        "state": "WA",
        "price": "230",
        "price_per_unit": "15",
        "price_unit": "G"
      },
      {
        "state": "SA",
        "price": "230",
        "price_per_unit": "15",
        "price_unit": "G"
      },
      {
        "state": "TAS",
        "price": "230",
        "price_per_unit": "15",
        "price_unit": "G"
      },
      {
        "state": "NT",
        "price": "240",
        "price_per_unit": "16",
        "price_unit": "G"
      }
    ]
  },
  {
    "source_url": "https://www.woolworths.com.au/shop/productdetails/402961/zenzone-air-freshener-refill-cotton-blossom",
    "name": "ZenZone Air Freshener Refill Cotton Blossom 180g",
    "image_url": "https://cdn1.woolworths.media/content/wowproductimages/large/402961.jpg",
    "source_id": "Woolworths - 402961",
    "barcode": "9339687359899",
    "category_id": "1_2432B58",
    "shop": "Woolworths",
    "weight": "100G",
    "prices": [
      {
        "state": "VIC",
        "price": "430",
        "price_per_unit": "239",
        "price_unit": "G"
      },
      {
        "state": "QLD",
        "price": "430",
        "price_per_unit": "239",
        "price_unit": "G"
      },
      {
        "state": "WA",
        "price": "430",
        "price_per_unit": "239",
        "price_unit": "G"
      },
      {
        "state": "SA",
        "price": "430",
        "price_per_unit": "239",
        "price_unit": "G"
      },
      {
        "state": "TAS",
        "price": "430",
        "price_per_unit": "239",
        "price_unit": "G"
      },
      {
        "state": "ACT",
        "price": "430",
        "price_per_unit": "239",
        "price_unit": "G"
      },
      {
        "state": "NT",
        "price": "450",
        "price_per_unit": "250",
        "price_unit": "G"
      }
    ]
  },
  {
    "source_url": "https://www.woolworths.com.au/shop/productdetails/89973/zenzone-air-freshener-spray-refill-frangipani",
    "name": "ZenZone Air Freshener Spray Refill Frangipani 180g",
    "image_url": "https://cdn1.woolworths.media/content/wowproductimages/large/089973.jpg",
    "source_id": "Woolworths - 89973",
    "barcode": "9339687168927",
    "category_id": "1_2432B58",
    "shop": "Woolworths",
    "weight": "10G",
    "prices": [
      {
        "state": "VIC",
        "price": "430",
        "price_per_unit": "24",
        "price_unit": "G"
      },
      {
        "state": "QLD",
        "price": "430",
        "price_per_unit": "24",
        "price_unit": "G"
      },
      {
        "state": "WA",
        "price": "430",
        "price_per_unit": "24",
        "price_unit": "G"
      },
      {
        "state": "SA",
        "price": "430",
        "price_per_unit": "24",
        "price_unit": "G"
      },
      {
        "state": "TAS",
        "price": "430",
        "price_per_unit": "24",
        "price_unit": "G"
      },
      {
        "state": "ACT",
        "price": "430",
        "price_per_unit": "24",
        "price_unit": "G"
      },
      {
        "state": "NT",
        "price": "430",
        "price_per_unit": "24",
        "price_unit": "G"
      }
    ]
  },
  {
    "source_url": "https://www.woolworths.com.au/shop/productdetails/89976/zenzone-automatic-air-freshener-diffuser-refill-frangipani",
    "name": "ZenZone Automatic Air Freshener Diffuser & Refill Frangipani Each",
    "image_url": "https://cdn1.woolworths.media/content/wowproductimages/large/089976.jpg",
    "source_id": "Woolworths - 89976",
    "barcode": "9339687168941",
    "category_id": "1_2432B58",
    "shop": "Woolworths",
    "weight": "1EA",
    "prices": [
      {
        "state": "VIC",
        "price": "1100",
        "price_per_unit": "1100",
        "price_unit": "EA"
      },
      {
        "state": "QLD",
        "price": "1100",
        "price_per_unit": "1100",
        "price_unit": "EA"
      },
      {
        "state": "WA",
        "price": "1100",
        "price_per_unit": "1100",
        "price_unit": "EA"
      },
      {
        "state": "SA",
        "price": "1100",
        "price_per_unit": "1100",
        "price_unit": "EA"
      },
      {
        "state": "TAS",
        "price": "1100",
        "price_per_unit": "1100",
        "price_unit": "EA"
      },
      {
        "state": "ACT",
        "price": "1100",
        "price_per_unit": "1100",
        "price_unit": "EA"
      },
      {
        "state": "NT",
        "price": "1155",
        "price_per_unit": "1155",
        "price_unit": "EA"
      }
    ]
  },
  {
    "source_url": "https://www.woolworths.com.au/shop/productdetails/138201/zenzone-candle-vanilla",
    "name": "ZenZone Candle Vanilla 130g",
    "image_url": "https://cdn1.woolworths.media/content/wowproductimages/large/138201.jpg",
    "source_id": "Woolworths - 138201",
    "barcode": "9339687227013",
    "category_id": "1_2432B58",
    "shop": "Woolworths",
    "weight": "100G",
    "prices": [
      {
        "state": "VIC",
        "price": "300",
        "price_per_unit": "231",
        "price_unit": "G"
      },
      {
        "state": "QLD",
        "price": "300",
        "price_per_unit": "231",
        "price_unit": "G"
      },
      {
        "state": "WA",
        "price": "300",
        "price_per_unit": "231",
        "price_unit": "G"
      },
      {
        "state": "SA",
        "price": "300",
        "price_per_unit": "231",
        "price_unit": "G"
      },
      {
        "state": "TAS",
        "price": "300",
        "price_per_unit": "231",
        "price_unit": "G"
      },
      {
        "state": "ACT",
        "price": "300",
        "price_per_unit": "231",
        "price_unit": "G"
      },
      {
        "state": "NT",
        "price": "300",
        "price_per_unit": "231",
        "price_unit": "G"
      }
    ]
  },
  {
    "source_url": "https://www.woolworths.com.au/shop/productdetails/409872/zenzone-reed-diffuser-bubbly-peony",
    "name": "ZenZone Reed Diffuser Bubbly Peony 75mL",
    "image_url": "https://cdn1.woolworths.media/content/wowproductimages/large/409872.jpg",
    "source_id": "Woolworths - 409872",
    "barcode": "9339687359790",
    "category_id": "1_2432B58",
    "shop": "Woolworths",
    "weight": "100ML",
    "prices": [
      {
        "state": "VIC",
        "price": "520",
        "price_per_unit": "693",
        "price_unit": "ML"
      },
      {
        "state": "WA",
        "price": "520",
        "price_per_unit": "693",
        "price_unit": "ML"
      },
      {
        "state": "SA",
        "price": "520",
        "price_per_unit": "693",
        "price_unit": "ML"
      },
      {
        "state": "ACT",
        "price": "520",
        "price_per_unit": "693",
        "price_unit": "ML"
      },
      {
        "state": "NT",
        "price": "545",
        "price_per_unit": "727",
        "price_unit": "ML"
      }
    ]
  },
  {
    "source_url": "https://www.woolworths.com.au/shop/productdetails/409873/zenzone-reed-diffuser-gardenia-blush-musk",
    "name": "ZenZone Reed Diffuser Gardenia Blush & Musk 120mL",
    "image_url": "https://cdn1.woolworths.media/content/wowproductimages/large/409873.jpg",
    "source_id": "Woolworths - 409873",
    "barcode": "9339687359806",
    "category_id": "1_2432B58",
    "shop": "Woolworths",
    "weight": "100ML",
    "prices": [
      {
        "state": "VIC",
        "price": "960",
        "price_per_unit": "800",
        "price_unit": "ML"
      },
      {
        "state": "QLD",
        "price": "960",
        "price_per_unit": "800",
        "price_unit": "ML"
      },
      {
        "state": "WA",
        "price": "960",
        "price_per_unit": "800",
        "price_unit": "ML"
      },
      {
        "state": "SA",
        "price": "960",
        "price_per_unit": "800",
        "price_unit": "ML"
      },
      {
        "state": "TAS",
        "price": "960",
        "price_per_unit": "800",
        "price_unit": "ML"
      },
      {
        "state": "ACT",
        "price": "960",
        "price_per_unit": "800",
        "price_unit": "ML"
      },
      {
        "state": "NT",
        "price": "1008",
        "price_per_unit": "840",
        "price_unit": "ML"
      }
    ]
  },
  {
    "source_url": "https://www.woolworths.com.au/shop/productdetails/409874/zenzone-reed-diffuser-zesty-citrus-oud",
    "name": "ZenZone Reed Diffuser Zesty Citrus & Oud 120mL",
    "image_url": "https://cdn1.woolworths.media/content/wowproductimages/large/409874.jpg",
    "source_id": "Woolworths - 409874",
    "barcode": "9339687359813",
    "category_id": "1_2432B58",
    "shop": "Woolworths",
    "weight": "100ML",
    "prices": [
      {
        "state": "VIC",
        "price": "960",
        "price_per_unit": "800",
        "price_unit": "ML"
      },
      {
        "state": "WA",
        "price": "960",
        "price_per_unit": "800",
        "price_unit": "ML"
      },
      {
        "state": "SA",
        "price": "960",
        "price_per_unit": "800",
        "price_unit": "ML"
      },
      {
        "state": "ACT",
        "price": "960",
        "price_per_unit": "800",
        "price_unit": "ML"
      },
      {
        "state": "NT",
        "price": "1008",
        "price_per_unit": "840",
        "price_unit": "ML"
      }
    ]
  },
  {
    "source_url": "https://www.woolworths.com.au/shop/productdetails/403446/zenzone-room-spray-gardenia-blush-musk",
    "name": "ZenZone Room Spray Gardenia Blush & Musk 250mL",
    "image_url": "https://cdn1.woolworths.media/content/wowproductimages/large/403446.jpg",
    "source_id": "Woolworths - 403446",
    "barcode": "9339687359240",
    "category_id": "1_2432B58",
    "shop": "Woolworths",
    "weight": "1ML",
    "prices": [
      {
        "state": "VIC",
        "price": "400",
        "price_per_unit": "2",
        "price_unit": "ML"
      },
      {
        "state": "WA",
        "price": "400",
        "price_per_unit": "2",
        "price_unit": "ML"
      },
      {
        "state": "SA",
        "price": "400",
        "price_per_unit": "2",
        "price_unit": "ML"
      },
      {
        "state": "ACT",
        "price": "400",
        "price_per_unit": "2",
        "price_unit": "ML"
      },
      {
        "state": "NT",
        "price": "420",
        "price_per_unit": "2",
        "price_unit": "ML"
      }
    ]
  },
  {
    "source_url": "https://www.woolworths.com.au/shop/productdetails/403447/zenzone-room-spray-zesty-citrus-oud",
    "name": "ZenZone Room Spray Zesty Citrus & Oud 250mL",
    "image_url": "https://cdn1.woolworths.media/content/wowproductimages/large/403447.jpg",
    "source_id": "Woolworths - 403447",
    "barcode": "9339687359257",
    "category_id": "1_2432B58",
    "shop": "Woolworths",
    "weight": "1ML",
    "prices": [
      {
        "state": "VIC",
        "price": "400",
        "price_per_unit": "2",
        "price_unit": "ML"
      },
      {
        "state": "WA",
        "price": "400",
        "price_per_unit": "2",
        "price_unit": "ML"
      },
      {
        "state": "SA",
        "price": "400",
        "price_per_unit": "2",
        "price_unit": "ML"
      },
      {
        "state": "ACT",
        "price": "400",
        "price_per_unit": "2",
        "price_unit": "ML"
      },
      {
        "state": "NT",
        "price": "420",
        "price_per_unit": "2",
        "price_unit": "ML"
      }
    ]
  },
  {
    "source_url": "https://www.woolworths.com.au/shop/productdetails/403273/zenzone-soy-blend-candle-gardenia-blush-musk",
    "name": "ZenZone Soy Blend Candle Gardenia Blush & Musk 260g",
    "image_url": "https://cdn1.woolworths.media/content/wowproductimages/large/403273.jpg",
    "source_id": "Woolworths - 403273",
    "barcode": "9339687359196",
    "category_id": "1_2432B58",
    "shop": "Woolworths",
    "weight": "100G",
    "prices": [
      {
        "state": "VIC",
        "price": "1200",
        "price_per_unit": "462",
        "price_unit": "G"
      },
      {
        "state": "QLD",
        "price": "1200",
        "price_per_unit": "462",
        "price_unit": "G"
      },
      {
        "state": "WA",
        "price": "1200",
        "price_per_unit": "462",
        "price_unit": "G"
      },
      {
        "state": "SA",
        "price": "1200",
        "price_per_unit": "462",
        "price_unit": "G"
      },
      {
        "state": "TAS",
        "price": "1200",
        "price_per_unit": "462",
        "price_unit": "G"
      },
      {
        "state": "ACT",
        "price": "1200",
        "price_per_unit": "462",
        "price_unit": "G"
      },
      {
        "state": "NT",
        "price": "1260",
        "price_per_unit": "485",
        "price_unit": "G"
      }
    ]
  },
  {
    "source_url": "https://www.woolworths.com.au/shop/productdetails/403274/zenzone-soy-blend-candle-zesty-citrus-oud",
    "name": "ZenZone Soy Blend Candle Zesty Citrus & Oud 260g",
    "image_url": "https://cdn1.woolworths.media/content/wowproductimages/large/403274.jpg",
    "source_id": "Woolworths - 403274",
    "barcode": "9339687359264",
    "category_id": "1_2432B58",
    "shop": "Woolworths",
    "weight": "100G",
    "prices": [
      {
        "state": "VIC",
        "price": "1200",
        "price_per_unit": "462",
        "price_unit": "G"
      },
      {
        "state": "QLD",
        "price": "1200",
        "price_per_unit": "462",
        "price_unit": "G"
      },
      {
        "state": "WA",
        "price": "1200",
        "price_per_unit": "462",
        "price_unit": "G"
      },
      {
        "state": "SA",
        "price": "1200",
        "price_per_unit": "462",
        "price_unit": "G"
      },
      {
        "state": "TAS",
        "price": "1200",
        "price_per_unit": "462",
        "price_unit": "G"
      },
      {
        "state": "ACT",
        "price": "1200",
        "price_per_unit": "462",
        "price_unit": "G"
      },
      {
        "state": "NT",
        "price": "1260",
        "price_per_unit": "485",
        "price_unit": "G"
      }
    ]
  },
  {
    "source_url": "https://www.woolworths.com.au/shop/productdetails/138612/zenzone-wild-berry-candle",
    "name": "ZenZone Wild Berry Candle 130g",
    "image_url": "https://cdn1.woolworths.media/content/wowproductimages/large/138612.jpg",
    "source_id": "Woolworths - 138612",
    "barcode": "9339687227020",
    "category_id": "1_2432B58",
    "shop": "Woolworths",
    "weight": "100G",
    "prices": [
      {
        "state": "VIC",
        "price": "300",
        "price_per_unit": "231",
        "price_unit": "G"
      },
      {
        "state": "QLD",
        "price": "300",
        "price_per_unit": "231",
        "price_unit": "G"
      },
      {
        "state": "WA",
        "price": "300",
        "price_per_unit": "231",
        "price_unit": "G"
      },
      {
        "state": "SA",
        "price": "300",
        "price_per_unit": "231",
        "price_unit": "G"
      },
      {
        "state": "TAS",
        "price": "300",
        "price_per_unit": "231",
        "price_unit": "G"
      },
      {
        "state": "ACT",
        "price": "300",
        "price_per_unit": "231",
        "price_unit": "G"
      },
      {
        "state": "NT",
        "price": "300",
        "price_per_unit": "231",
        "price_unit": "G"
      }
    ]
  },
  {
    "source_url": "https://www.woolworths.com.au/shop/productdetails/136836/glade-sense-spray-auto-air-freshener-refill-limited-edition",
    "name": "Glade Sense&Spray Auto Air Freshener Refill Limited Edition 12g",
    "image_url": "https://cdn1.woolworths.media/content/wowproductimages/large/136836.jpg",
    "source_id": "Woolworths - 136836",
    "barcode": "9300622005058",
    "category_id": "1_2432B58",
    "shop": "Woolworths",
    "weight": "10G",
    "prices": [
      {
        "state": "WA",
        "price": "750",
        "price_per_unit": "625",
        "price_unit": "G"
      },
      {
        "state": "TAS",
        "price": "750",
        "price_per_unit": "625",
        "price_unit": "G"
      }
    ]
  },
  {
    "source_url": "https://www.woolworths.com.au/shop/productdetails/907870/ambi-pur-air-freshener-spray-blossom-breeze",
    "name": "Ambi Pur Air Freshener Spray Blossom & Breeze 185g",
    "image_url": "https://cdn1.woolworths.media/content/wowproductimages/large/907870.jpg",
    "source_id": "Woolworths - 907870",
    "barcode": "4987176236357",
    "category_id": "1_2432B58",
    "shop": "Woolworths",
    "weight": "100G",
    "prices": [
      {
        "state": "TAS",
        "price": "600",
        "price_per_unit": "324",
        "price_unit": "G"
      }
    ]
  },
  {
    "source_url": "https://www.woolworths.com.au/shop/productdetails/908222/ambi-pur-air-freshener-spray-lavender",
    "name": "Ambi Pur Air Freshener Spray Lavender 185g",
    "image_url": "https://cdn1.woolworths.media/content/wowproductimages/large/908222.jpg",
    "source_id": "Woolworths - 908222",
    "barcode": "4987176236401",
    "category_id": "1_2432B58",
    "shop": "Woolworths",
    "weight": "100G",
    "prices": [
      {
        "state": "TAS",
        "price": "600",
        "price_per_unit": "324",
        "price_unit": "G"
      }
    ]
  },
  {
    "source_url": "https://www.woolworths.com.au/shop/productdetails/908212/ambi-pur-air-freshener-spray-linen-sky",
    "name": "Ambi Pur Air Freshener Spray Linen & Sky 185g",
    "image_url": "https://cdn1.woolworths.media/content/wowproductimages/large/908212.jpg",
    "source_id": "Woolworths - 908212",
    "barcode": "4987176236418",
    "category_id": "1_2432B58",
    "shop": "Woolworths",
    "weight": "100G",
    "prices": [
      {
        "state": "TAS",
        "price": "600",
        "price_per_unit": "324",
        "price_unit": "G"
      }
    ]
  },
  {
    "source_url": "https://www.woolworths.com.au/shop/productdetails/906459/ambi-pur-air-freshener-spray-thai-dragon-fruit",
    "name": "Ambi Pur Air Freshener Spray Thai Dragon Fruit 185g",
    "image_url": "https://cdn1.woolworths.media/content/wowproductimages/large/906459.jpg",
    "source_id": "Woolworths - 906459",
    "barcode": "4987176238641",
    "category_id": "1_2432B58",
    "shop": "Woolworths",
    "weight": "100G",
    "prices": [
      {
        "state": "TAS",
        "price": "600",
        "price_per_unit": "324",
        "price_unit": "G"
      }
    ]
  }
]