[
  {
    "source_url": "https://www.woolworths.com.au/shop/productdetails/431171/biozet-attack-front-top-loader-laundry-powder",
    "name": "Biozet Attack Front & Top Loader Laundry Powder 2kg",
    "image_url": "https://cdn1.woolworths.media/content/wowproductimages/large/431171.jpg",
    "source_id": "Woolworths - 431171",
    "barcode": "4710363961103",
    "category_id": "1_2432B58",
    "shop": "Woolworths",
    "weight": "1KG",
    "prices": [
      {
        "state": "NSW",
        "price": "2400",
        "price_per_unit": "1200",
        "price_unit": "KG"
      },
      {
        "state": "VIC",
        "price": "2400",
        "price_per_unit": "1200",
        "price_unit": "KG"
      },
      {
        "state": "QLD",
        "price": "2400",
        "price_per_unit": "1200",
        "price_unit": "KG"
      },
      {
        "state": "WA",
        "price": "2400",
        "price_per_unit": "1200",
        "price_unit": "KG"
      },
      {
        "state": "SA",
        "price": "2400",
        "price_per_unit": "1200",
        "price_unit": "KG"
      },
      {
        "state": "TAS",
        "price": "2400",
        "price_per_unit": "1200",
        "price_unit": "KG"
      },
      {
        "state": "ACT",
        "price": "2400",
        "price_per_unit": "1200",
        "price_unit": "KG"
      },
      {
        "state": "NT",
        "price": "2520",
        "price_per_unit": "1260",
        "price_unit": "KG"
      }
    ]
  },
  {
    "source_url": "https://www.woolworths.com.au/shop/productdetails/595410/biozet-attack-laundry-powder-with-softener",
    "name": "Biozet Attack Laundry Powder With Softener 2kg",
    "image_url": "https://cdn1.woolworths.media/content/wowproductimages/large/595410.jpg",
    "source_id": "Woolworths - 595410",
    "barcode": "4710363961127",
    "category_id": "1_2432B58",
    "shop": "Woolworths",
    "weight": "1KG",
    "prices": [
      {
        "state": "NSW",
        "price": "1300",
        "price_per_unit": "650",
        "price_unit": "KG"
      },
      {
        "state": "VIC",
        "price": "1300",
        "price_per_unit": "650",
        "price_unit": "KG"
      },
      {
        "state": "QLD",
        "price": "1300",
        "price_per_unit": "650",
        "price_unit": "KG"
      },
      {
        "state": "WA",
        "price": "1300",
        "price_per_unit": "650",
        "price_unit": "KG"
      },
      {
        "state": "SA",
        "price": "1300",
        "price_per_unit": "650",
        "price_unit": "KG"
      },
      {
        "state": "TAS",
        "price": "1300",
        "price_per_unit": "650",
        "price_unit": "KG"
      },
      {
        "state": "ACT",
        "price": "1300",
        "price_per_unit": "650",
        "price_unit": "KG"
      },
      {
        "state": "NT",
        "price": "1360",
        "price_per_unit": "680",
        "price_unit": "KG"
      }
    ]
  },
  {
    "source_url": "https://www.woolworths.com.au/shop/productdetails/802923/biozet-attack-plus-eliminator",
    "name": "Biozet Attack Plus Eliminator 2kg",
    "image_url": "https://cdn1.woolworths.media/content/wowproductimages/large/802923.jpg",
    "source_id": "Woolworths - 802923",
    "barcode": "4710363557009",
    "category_id": "1_2432B58",
    "shop": "Woolworths",
    "weight": "1KG",
    "prices": [
      {
        "state": "NSW",
        "price": "1300",
        "price_per_unit": "650",
        "price_unit": "KG"
      },
      {
        "state": "VIC",
        "price": "1300",
        "price_per_unit": "650",
        "price_unit": "KG"
      },
      {
        "state": "QLD",
        "price": "1300",
        "price_per_unit": "650",
        "price_unit": "KG"
      },
      {
        "state": "WA",
        "price": "1300",
        "price_per_unit": "650",
        "price_unit": "KG"
      },
      {
        "state": "SA",
        "price": "1300",
        "price_per_unit": "650",
        "price_unit": "KG"
      },
      {
        "state": "TAS",
        "price": "1300",
        "price_per_unit": "650",
        "price_unit": "KG"
      },
      {
        "state": "ACT",
        "price": "1300",
        "price_per_unit": "650",
        "price_unit": "KG"
      },
      {
        "state": "NT",
        "price": "1360",
        "price_per_unit": "680",
        "price_unit": "KG"
      }
    ]
  },
  {
    "source_url": "https://www.woolworths.com.au/shop/productdetails/702103/bosisto-s-sensitive-laundry-powder",
    "name": "Bosisto's Sensitive Laundry Powder 1kg",
    "image_url": "https://cdn1.woolworths.media/content/wowproductimages/large/702103.jpg",
    "source_id": "Woolworths - 702103",
    "barcode": "9300710002013",
    "category_id": "1_2432B58",
    "shop": "Woolworths",
    "weight": "1KG",
    "prices": [
      {
        "state": "NSW",
        "price": "950",
        "price_per_unit": "950",
        "price_unit": "KG"
      },
      {
        "state": "VIC",
        "price": "950",
        "price_per_unit": "950",
        "price_unit": "KG"
      },
      {
        "state": "QLD",
        "price": "950",
        "price_per_unit": "950",
        "price_unit": "KG"
      },
      {
        "state": "WA",
        "price": "950",
        "price_per_unit": "950",
        "price_unit": "KG"
      },
      {
        "state": "SA",
        "price": "950",
        "price_per_unit": "950",
        "price_unit": "KG"
      },
      {
        "state": "TAS",
        "price": "950",
        "price_per_unit": "950",
        "price_unit": "KG"
      },
      {
        "state": "ACT",
        "price": "950",
        "price_per_unit": "950",
        "price_unit": "KG"
      },
      {
        "state": "NT",
        "price": "950",
        "price_per_unit": "950",
        "price_unit": "KG"
      }
    ]
  },
  {
    "source_url": "https://www.woolworths.com.au/shop/productdetails/184425/clean-laundry-powder-lemon-fresh",
    "name": "Clean Laundry Powder Lemon Fresh 4kg",
    "image_url": "https://cdn1.woolworths.media/content/wowproductimages/large/184425.jpg",
    "source_id": "Woolworths - 184425",
    "barcode": "9339687276967",
    "category_id": "1_2432B58",
    "shop": "Woolworths",
    "weight": "1KG",
    "prices": [
      {
        "state": "NSW",
        "price": "500",
        "price_per_unit": "125",
        "price_unit": "KG"
      },
      {
        "state": "VIC",
        "price": "500",
        "price_per_unit": "125",
        "price_unit": "KG"
      },
      {
        "state": "QLD",
        "price": "500",
        "price_per_unit": "125",
        "price_unit": "KG"
      },
      {
        "state": "WA",
        "price": "500",
        "price_per_unit": "125",
        "price_unit": "KG"
      },
      {
        "state": "SA",
        "price": "500",
        "price_per_unit": "125",
        "price_unit": "KG"
      },
      {
        "state": "TAS",
        "price": "500",
        "price_per_unit": "125",
        "price_unit": "KG"
      },
      {
        "state": "ACT",
        "price": "500",
        "price_per_unit": "125",
        "price_unit": "KG"
      },
      {
        "state": "NT",
        "price": "500",
        "price_per_unit": "125",
        "price_unit": "KG"
      }
    ]
  },
  {
    "source_url": "https://www.woolworths.com.au/shop/productdetails/184427/clean-laundry-powder-tropical-bloom",
    "name": "Clean Laundry Powder Tropical Bloom 2kg",
    "image_url": "https://cdn1.woolworths.media/content/wowproductimages/large/184427.jpg",
    "source_id": "Woolworths - 184427",
    "barcode": "9339687276998",
    "category_id": "1_2432B58",
    "shop": "Woolworths",
    "weight": "1KG",
    "prices": [
      {
        "state": "NSW",
        "price": "620",
        "price_per_unit": "310",
        "price_unit": "KG"
      },
      {
        "state": "VIC",
        "price": "620",
        "price_per_unit": "310",
        "price_unit": "KG"
      },
      {
        "state": "QLD",
        "price": "620",
        "price_per_unit": "310",
        "price_unit": "KG"
      },
      {
        "state": "WA",
        "price": "620",
        "price_per_unit": "310",
        "price_unit": "KG"
      },
      {
        "state": "SA",
        "price": "620",
        "price_per_unit": "310",
        "price_unit": "KG"
      },
      {
        "state": "TAS",
        "price": "620",
        "price_per_unit": "310",
        "price_unit": "KG"
      },
      {
        "state": "ACT",
        "price": "620",
        "price_per_unit": "310",
        "price_unit": "KG"
      },
      {
        "state": "NT",
        "price": "620",
        "price_per_unit": "310",
        "price_unit": "KG"
      }
    ]
  },
  {
    "source_url": "https://www.woolworths.com.au/shop/productdetails/88522/cold-power-advanced-clean-laundry-washing-powder-detergent",
    "name": "Cold Power Advanced Clean Laundry Washing Powder Detergent 2kg",
    "image_url": "https://cdn1.woolworths.media/content/wowproductimages/large/088522.jpg",
    "source_id": "Woolworths - 88522",
    "barcode": "9350376004524",
    "category_id": "1_2432B58",
    "shop": "Woolworths",
    "weight": "1KG",
    "prices": [
      {
        "state": "NSW",
        "price": "2400",
        "price_per_unit": "1200",
        "price_unit": "KG"
      },
      {
        "state": "VIC",
        "price": "2400",
        "price_per_unit": "1200",
        "price_unit": "KG"
      },
      {
        "state": "QLD",
        "price": "2400",
        "price_per_unit": "1200",
        "price_unit": "KG"
      },
      {
        "state": "WA",
        "price": "2400",
        "price_per_unit": "1200",
        "price_unit": "KG"
      },
      {
        "state": "SA",
        "price": "2400",
        "price_per_unit": "1200",
        "price_unit": "KG"
      },
      {
        "state": "TAS",
        "price": "2400",
        "price_per_unit": "1200",
        "price_unit": "KG"
      },
      {
        "state": "ACT",
        "price": "2400",
        "price_per_unit": "1200",
        "price_unit": "KG"
      },
      {
        "state": "NT",
        "price": "2400",
        "price_per_unit": "1200",
        "price_unit": "KG"
      }
    ]
  },
  {
    "source_url": "https://www.woolworths.com.au/shop/productdetails/86941/cold-power-sensitive-laundry-washing-powder-detergent",
    "name": "Cold Power Sensitive Laundry Washing Powder Detergent 2kg",
    "image_url": "https://cdn1.woolworths.media/content/wowproductimages/large/086941.jpg",
    "source_id": "Woolworths - 86941",
    "barcode": "9350376004579",
    "category_id": "1_2432B58",
    "shop": "Woolworths",
    "weight": "1KG",
    "prices": [
      {
        "state": "NSW",
        "price": "2400",
        "price_per_unit": "1200",
        "price_unit": "KG"
      },
      {
        "state": "VIC",
        "price": "2400",
        "price_per_unit": "1200",
        "price_unit": "KG"
      },
      {
        "state": "QLD",
        "price": "2400",
        "price_per_unit": "1200",
        "price_unit": "KG"
      },
      {
        "state": "WA",
        "price": "2400",
        "price_per_unit": "1200",
        "price_unit": "KG"
      },
      {
        "state": "SA",
        "price": "2400",
        "price_per_unit": "1200",
        "price_unit": "KG"
      },
      {
        "state": "TAS",
        "price": "2400",
        "price_per_unit": "1200",
        "price_unit": "KG"
      },
      {
        "state": "ACT",
        "price": "2400",
        "price_per_unit": "1200",
        "price_unit": "KG"
      },
      {
        "state": "NT",
        "price": "2400",
        "price_per_unit": "1200",
        "price_unit": "KG"
      }
    ]
  },
  {
    "source_url": "https://www.woolworths.com.au/shop/productdetails/780318/earth-choice-front-loader-laundry-powder",
    "name": "Earth Choice Front Loader Laundry Powder 2kg",
    "image_url": "https://cdn1.woolworths.media/content/wowproductimages/large/780318.jpg",
    "source_id": "Woolworths - 780318",
    "barcode": "9310692122128",
    "category_id": "1_2432B58",
    "shop": "Woolworths",
    "weight": "1KG",
    "prices": [
      {
        "state": "NSW",
        "price": "1600",
        "price_per_unit": "800",
        "price_unit": "KG"
      },
      {
        "state": "VIC",
        "price": "1600",
        "price_per_unit": "800",
        "price_unit": "KG"
      },
      {
        "state": "QLD",
        "price": "1600",
        "price_per_unit": "800",
        "price_unit": "KG"
      },
      {
        "state": "WA",
        "price": "1600",
        "price_per_unit": "800",
        "price_unit": "KG"
      },
      {
        "state": "SA",
        "price": "1600",
        "price_per_unit": "800",
        "price_unit": "KG"
      },
      {
        "state": "TAS",
        "price": "1600",
        "price_per_unit": "800",
        "price_unit": "KG"
      },
      {
        "state": "ACT",
        "price": "1600",
        "price_per_unit": "800",
        "price_unit": "KG"
      },
      {
        "state": "NT",
        "price": "1680",
        "price_per_unit": "840",
        "price_unit": "KG"
      }
    ]
  },
  {
    "source_url": "https://www.woolworths.com.au/shop/productdetails/715821/ecostore-laundry-powder-lemon",
    "name": "Ecostore Laundry Powder Lemon 1kg",
    "image_url": "https://cdn1.woolworths.media/content/wowproductimages/large/715821.jpg",
    "source_id": "Woolworths - 715821",
    "barcode": "9420015010084",
    "category_id": "1_2432B58",
    "shop": "Woolworths",
    "weight": "1KG",
    "prices": [
      {
        "state": "NSW",
        "price": "900",
        "price_per_unit": "900",
        "price_unit": "KG"
      },
      {
        "state": "VIC",
        "price": "900",
        "price_per_unit": "900",
        "price_unit": "KG"
      },
      {
        "state": "QLD",
        "price": "900",
        "price_per_unit": "900",
        "price_unit": "KG"
      },
      {
        "state": "WA",
        "price": "900",
        "price_per_unit": "900",
        "price_unit": "KG"
      },
      {
        "state": "SA",
        "price": "900",
        "price_per_unit": "900",
        "price_unit": "KG"
      },
      {
        "state": "TAS",
        "price": "900",
        "price_per_unit": "900",
        "price_unit": "KG"
      },
      {
        "state": "ACT",
        "price": "900",
        "price_per_unit": "900",
        "price_unit": "KG"
      },
      {
        "state": "NT",
        "price": "940",
        "price_per_unit": "940",
        "price_unit": "KG"
      }
    ]
  },
  {
    "source_url": "https://www.woolworths.com.au/shop/productdetails/657424/fab-laundry-washing-powder-fresh-blossoms",
    "name": "Fab Laundry Washing Powder Fresh Blossoms 2kg",
    "image_url": "https://cdn1.woolworths.media/content/wowproductimages/large/657424.jpg",
    "source_id": "Woolworths - 657424",
    "barcode": "9350376000472",
    "category_id": "1_2432B58",
    "shop": "Woolworths",
    "weight": "1KG",
    "prices": [
      {
        "state": "NSW",
        "price": "900",
        "price_per_unit": "450",
        "price_unit": "KG"
      },
      {
        "state": "VIC",
        "price": "900",
        "price_per_unit": "450",
        "price_unit": "KG"
      },
      {
        "state": "QLD",
        "price": "900",
        "price_per_unit": "450",
        "price_unit": "KG"
      },
      {
        "state": "WA",
        "price": "900",
        "price_per_unit": "450",
        "price_unit": "KG"
      },
      {
        "state": "SA",
        "price": "900",
        "price_per_unit": "450",
        "price_unit": "KG"
      },
      {
        "state": "TAS",
        "price": "900",
        "price_per_unit": "450",
        "price_unit": "KG"
      },
      {
        "state": "ACT",
        "price": "900",
        "price_per_unit": "450",
        "price_unit": "KG"
      },
      {
        "state": "NT",
        "price": "900",
        "price_per_unit": "450",
        "price_unit": "KG"
      }
    ]
  },
  {
    "source_url": "https://www.woolworths.com.au/shop/productdetails/880018/fab-laundry-washing-powder-fresh-frangipani",
    "name": "Fab Laundry Washing Powder Fresh Frangipani 1kg",
    "image_url": "https://cdn1.woolworths.media/content/wowproductimages/large/880018.jpg",
    "source_id": "Woolworths - 880018",
    "barcode": "9350376000533",
    "category_id": "1_2432B58",
    "shop": "Woolworths",
    "weight": "1KG",
    "prices": [
      {
        "state": "NSW",
        "price": "650",
        "price_per_unit": "650",
        "price_unit": "KG"
      },
      {
        "state": "VIC",
        "price": "650",
        "price_per_unit": "650",
        "price_unit": "KG"
      },
      {
        "state": "QLD",
        "price": "650",
        "price_per_unit": "650",
        "price_unit": "KG"
      },
      {
        "state": "WA",
        "price": "650",
        "price_per_unit": "650",
        "price_unit": "KG"
      },
      {
        "state": "SA",
        "price": "650",
        "price_per_unit": "650",
        "price_unit": "KG"
      },
      {
        "state": "TAS",
        "price": "650",
        "price_per_unit": "650",
        "price_unit": "KG"
      },
      {
        "state": "ACT",
        "price": "650",
        "price_per_unit": "650",
        "price_unit": "KG"
      },
      {
        "state": "NT",
        "price": "680",
        "price_per_unit": "680",
        "price_unit": "KG"
      }
    ]
  },
  {
    "source_url": "https://www.woolworths.com.au/shop/productdetails/880026/fab-laundry-washing-powder-fresh-frangipani",
    "name": "Fab Laundry Washing Powder Fresh Frangipani 4kg",
    "image_url": "https://cdn1.woolworths.media/content/wowproductimages/large/880026.jpg",
    "source_id": "Woolworths - 880026",
    "barcode": "9300632086641",
    "category_id": "1_2432B58",
    "shop": "Woolworths",
    "weight": "1KG",
    "prices": [
      {
        "state": "NSW",
        "price": "1650",
        "price_per_unit": "413",
        "price_unit": "KG"
      },
      {
        "state": "VIC",
        "price": "1650",
        "price_per_unit": "413",
        "price_unit": "KG"
      },
      {
        "state": "QLD",
        "price": "1650",
        "price_per_unit": "413",
        "price_unit": "KG"
      },
      {
        "state": "WA",
        "price": "1650",
        "price_per_unit": "413",
        "price_unit": "KG"
      },
      {
        "state": "SA",
        "price": "1650",
        "price_per_unit": "413",
        "price_unit": "KG"
      },
      {
        "state": "TAS",
        "price": "1650",
        "price_per_unit": "413",
        "price_unit": "KG"
      },
      {
        "state": "ACT",
        "price": "1650",
        "price_per_unit": "413",
        "price_unit": "KG"
      }
    ]
  },
  {
    "source_url": "https://www.woolworths.com.au/shop/productdetails/430650/omo-active-clean-washing-powder-front-top-loader",
    "name": "OMO Active Clean Washing Powder Front & Top Loader 2kg",
    "image_url": "https://cdn1.woolworths.media/content/wowproductimages/large/430650.jpg",
    "source_id": "Woolworths - 430650",
    "barcode": "9300830033959",
    "category_id": "1_2432B58",
    "shop": "Woolworths",
    "weight": "1KG",
    "prices": [
      {
        "state": "NSW",
        "price": "1400",
        "price_per_unit": "700",
        "price_unit": "KG"
      },
      {
        "state": "VIC",
        "price": "1400",
        "price_per_unit": "700",
        "price_unit": "KG"
      },
      {
        "state": "QLD",
        "price": "1400",
        "price_per_unit": "700",
        "price_unit": "KG"
      },
      {
        "state": "WA",
        "price": "1400",
        "price_per_unit": "700",
        "price_unit": "KG"
      },
      {
        "state": "SA",
        "price": "1400",
        "price_per_unit": "700",
        "price_unit": "KG"
      },
      {
        "state": "TAS",
        "price": "1400",
        "price_per_unit": "700",
        "price_unit": "KG"
      },
      {
        "state": "ACT",
        "price": "1400",
        "price_per_unit": "700",
        "price_unit": "KG"
      },
      {
        "state": "NT",
        "price": "1400",
        "price_per_unit": "700",
        "price_unit": "KG"
      }
    ]
  },
  {
    "source_url": "https://www.woolworths.com.au/shop/productdetails/462700/omo-sensitive-washing-powder",
    "name": "OMO Sensitive Washing Powder 1 kg",
    "image_url": "https://cdn1.woolworths.media/content/wowproductimages/large/462700.jpg",
    "source_id": "Woolworths - 462700",
    "barcode": "9300830034635",
    "category_id": "1_2432B58",
    "shop": "Woolworths",
    "weight": "1KG",
    "prices": [
      {
        "state": "NSW",
        "price": "775",
        "price_per_unit": "775",
        "price_unit": "KG"
      },
      {
        "state": "VIC",
        "price": "775",
        "price_per_unit": "775",
        "price_unit": "KG"
      },
      {
        "state": "QLD",
        "price": "775",
        "price_per_unit": "775",
        "price_unit": "KG"
      },
      {
        "state": "WA",
        "price": "775",
        "price_per_unit": "775",
        "price_unit": "KG"
      },
      {
        "state": "SA",
        "price": "775",
        "price_per_unit": "775",
        "price_unit": "KG"
      },
      {
        "state": "TAS",
        "price": "775",
        "price_per_unit": "775",
        "price_unit": "KG"
      },
      {
        "state": "ACT",
        "price": "775",
        "price_per_unit": "775",
        "price_unit": "KG"
      },
      {
        "state": "NT",
        "price": "810",
        "price_per_unit": "810",
        "price_unit": "KG"
      }
    ]
  },
  {
    "source_url": "https://www.woolworths.com.au/shop/productdetails/471182/omo-sensitive-washing-powder-front-top-loader",
    "name": "OMO Sensitive Washing Powder Front & Top Loader 2kg",
    "image_url": "https://cdn1.woolworths.media/content/wowproductimages/large/471182.jpg",
    "source_id": "Woolworths - 471182",
    "barcode": "9300830034017",
    "category_id": "1_2432B58",
    "shop": "Woolworths",
    "weight": "1KG",
    "prices": [
      {
        "state": "NSW",
        "price": "1400",
        "price_per_unit": "700",
        "price_unit": "KG"
      },
      {
        "state": "VIC",
        "price": "1400",
        "price_per_unit": "700",
        "price_unit": "KG"
      },
      {
        "state": "QLD",
        "price": "1400",
        "price_per_unit": "700",
        "price_unit": "KG"
      },
      {
        "state": "WA",
        "price": "1400",
        "price_per_unit": "700",
        "price_unit": "KG"
      },
      {
        "state": "SA",
        "price": "1400",
        "price_per_unit": "700",
        "price_unit": "KG"
      },
      {
        "state": "TAS",
        "price": "1400",
        "price_per_unit": "700",
        "price_unit": "KG"
      },
      {
        "state": "ACT",
        "price": "1400",
        "price_per_unit": "700",
        "price_unit": "KG"
      },
      {
        "state": "NT",
        "price": "1400",
        "price_per_unit": "700",
        "price_unit": "KG"
      }
    ]
  },
  {
    "source_url": "https://www.woolworths.com.au/shop/productdetails/208058/omo-ultimate-washing-powder",
    "name": "OMO Ultimate Washing Powder 2Kg",
    "image_url": "https://cdn1.woolworths.media/content/wowproductimages/large/208058.jpg",
    "source_id": "Woolworths - 208058",
    "barcode": "8934868164586",
    "category_id": "1_2432B58",
    "shop": "Woolworths",
    "weight": "1KG",
    "prices": [
      {
        "state": "NSW",
        "price": "1600",
        "price_per_unit": "800",
        "price_unit": "KG"
      },
      {
        "state": "VIC",
        "price": "1600",
        "price_per_unit": "800",
        "price_unit": "KG"
      },
      {
        "state": "QLD",
        "price": "1600",
        "price_per_unit": "800",
        "price_unit": "KG"
      },
      {
        "state": "WA",
        "price": "1600",
        "price_per_unit": "800",
        "price_unit": "KG"
      },
      {
        "state": "SA",
        "price": "1600",
        "price_per_unit": "800",
        "price_unit": "KG"
      },
      {
        "state": "TAS",
        "price": "1600",
        "price_per_unit": "800",
        "price_unit": "KG"
      },
      {
        "state": "ACT",
        "price": "1600",
        "price_per_unit": "800",
        "price_unit": "KG"
      },
      {
        "state": "NT",
        "price": "1600",
        "price_per_unit": "800",
        "price_unit": "KG"
      }
    ]
  },
  {
    "source_url": "https://www.woolworths.com.au/shop/productdetails/430629/omo-ultimate-washing-powder-front-top-loader",
    "name": "OMO Ultimate Washing Powder Front & Top Loader 5kg",
    "image_url": "https://cdn1.woolworths.media/content/wowproductimages/large/430629.jpg",
    "source_id": "Woolworths - 430629",
    "barcode": "9300830033027",
    "category_id": "1_2432B58",
    "shop": "Woolworths",
    "weight": "1KG",
    "prices": [
      {
        "state": "NSW",
        "price": "4000",
        "price_per_unit": "800",
        "price_unit": "KG"
      },
      {
        "state": "VIC",
        "price": "4000",
        "price_per_unit": "800",
        "price_unit": "KG"
      },
      {
        "state": "QLD",
        "price": "4000",
        "price_per_unit": "800",
        "price_unit": "KG"
      },
      {
        "state": "WA",
        "price": "4000",
        "price_per_unit": "800",
        "price_unit": "KG"
      },
      {
        "state": "SA",
        "price": "4000",
        "price_per_unit": "800",
        "price_unit": "KG"
      },
      {
        "state": "TAS",
        "price": "4000",
        "price_per_unit": "800",
        "price_unit": "KG"
      },
      {
        "state": "ACT",
        "price": "4000",
        "price_per_unit": "800",
        "price_unit": "KG"
      },
      {
        "state": "NT",
        "price": "4000",
        "price_per_unit": "800",
        "price_unit": "KG"
      }
    ]
  },
  {
    "source_url": "https://www.woolworths.com.au/shop/productdetails/143324/radiant-advanced-ultra-power-laundry-detergent-washing-powder",
    "name": "Radiant Advanced+ Ultra Power Laundry Detergent Washing Powder 1.8kg",
    "image_url": "https://cdn1.woolworths.media/content/wowproductimages/large/143324.jpg",
    "source_id": "Woolworths - 143324",
    "barcode": "9300615093550",
    "category_id": "1_2432B58",
    "shop": "Woolworths",
    "weight": "1KG",
    "prices": [
      {
        "state": "NSW",
        "price": "2200",
        "price_per_unit": "1222",
        "price_unit": "KG"
      },
      {
        "state": "VIC",
        "price": "2200",
        "price_per_unit": "1222",
        "price_unit": "KG"
      },
      {
        "state": "QLD",
        "price": "2200",
        "price_per_unit": "1222",
        "price_unit": "KG"
      },
      {
        "state": "WA",
        "price": "2200",
        "price_per_unit": "1222",
        "price_unit": "KG"
      },
      {
        "state": "SA",
        "price": "2200",
        "price_per_unit": "1222",
        "price_unit": "KG"
      },
      {
        "state": "TAS",
        "price": "2200",
        "price_per_unit": "1222",
        "price_unit": "KG"
      },
      {
        "state": "ACT",
        "price": "2200",
        "price_per_unit": "1222",
        "price_unit": "KG"
      }
    ]
  },
  {
    "source_url": "https://www.woolworths.com.au/shop/productdetails/142359/radiant-mixed-colours-laundry-detergent-washing-powder",
    "name": "Radiant Mixed Colours Laundry Detergent Washing Powder 2kg",
    "image_url": "https://cdn1.woolworths.media/content/wowproductimages/large/142359.jpg",
    "source_id": "Woolworths - 142359",
    "barcode": "9300615092799",
    "category_id": "1_2432B58",
    "shop": "Woolworths",
    "weight": "1KG",
    "prices": [
      {
        "state": "NSW",
        "price": "1000",
        "price_per_unit": "500",
        "price_unit": "KG"
      },
      {
        "state": "VIC",
        "price": "1000",
        "price_per_unit": "500",
        "price_unit": "KG"
      },
      {
        "state": "QLD",
        "price": "1000",
        "price_per_unit": "500",
        "price_unit": "KG"
      },
      {
        "state": "WA",
        "price": "1000",
        "price_per_unit": "500",
        "price_unit": "KG"
      },
      {
        "state": "SA",
        "price": "1000",
        "price_per_unit": "500",
        "price_unit": "KG"
      },
      {
        "state": "TAS",
        "price": "1000",
        "price_per_unit": "500",
        "price_unit": "KG"
      },
      {
        "state": "ACT",
        "price": "1000",
        "price_per_unit": "500",
        "price_unit": "KG"
      },
      {
        "state": "NT",
        "price": "1000",
        "price_per_unit": "500",
        "price_unit": "KG"
      }
    ]
  },
  {
    "source_url": "https://www.woolworths.com.au/shop/productdetails/184426/clean-laundry-powder-fresh-getaway",
    "name": "Clean Laundry Powder Fresh Getaway 2kg",
    "image_url": "https://cdn1.woolworths.media/content/wowproductimages/large/184426.jpg",
    "source_id": "Woolworths - 184426",
    "barcode": "9339687276981",
    "category_id": "1_2432B58",
    "shop": "Woolworths",
    "weight": "1KG",
    "prices": [
      {
        "state": "VIC",
        "price": "620",
        "price_per_unit": "310",
        "price_unit": "KG"
      },
      {
        "state": "QLD",
        "price": "620",
        "price_per_unit": "310",
        "price_unit": "KG"
      },
      {
        "state": "SA",
        "price": "620",
        "price_per_unit": "310",
        "price_unit": "KG"
      },
      {
        "state": "TAS",
        "price": "620",
        "price_per_unit": "310",
        "price_unit": "KG"
      },
      {
        "state": "ACT",
        "price": "620",
        "price_per_unit": "310",
        "price_unit": "KG"
      },
      {
        "state": "NT",
        "price": "620",
        "price_per_unit": "310",
        "price_unit": "KG"
      }
    ]
  },
  {
    "source_url": "https://www.woolworths.com.au/shop/productdetails/184428/clean-laundry-powder-sensitive",
    "name": "Clean Laundry Powder Sensitive 2kg",
    "image_url": "https://cdn1.woolworths.media/content/wowproductimages/large/184428.jpg",
    "source_id": "Woolworths - 184428",
    "barcode": "9339687277001",
    "category_id": "1_2432B58",
    "shop": "Woolworths",
    "weight": "1KG",
    "prices": [
      {
        "state": "VIC",
        "price": "650",
        "price_per_unit": "325",
        "price_unit": "KG"
      },
      {
        "state": "QLD",
        "price": "650",
        "price_per_unit": "325",
        "price_unit": "KG"
      },
      {
        "state": "WA",
        "price": "650",
        "price_per_unit": "325",
        "price_unit": "KG"
      },
      {
        "state": "SA",
        "price": "650",
        "price_per_unit": "325",
        "price_unit": "KG"
      },
      {
        "state": "TAS",
        "price": "650",
        "price_per_unit": "325",
        "price_unit": "KG"
      },
      {
        "state": "ACT",
        "price": "650",
        "price_per_unit": "325",
        "price_unit": "KG"
      },
      {
        "state": "NT",
        "price": "650",
        "price_per_unit": "325",
        "price_unit": "KG"
      }
    ]
  },
  {
    "source_url": "https://www.woolworths.com.au/shop/productdetails/386245/cold-power-advanced-clean-fabric-softener-laundry-washing-powder",
    "name": "Cold Power Advanced Clean Fabric Softener Laundry Washing Powder 2kg",
    "image_url": "https://cdn1.woolworths.media/content/wowproductimages/large/386245.jpg",
    "source_id": "Woolworths - 386245",
    "barcode": "9350376006542",
    "category_id": "1_2432B58",
    "shop": "Woolworths",
    "weight": "1KG",
    "prices": [
      {
        "state": "VIC",
        "price": "2400",
        "price_per_unit": "1200",
        "price_unit": "KG"
      },
      {
        "state": "QLD",
        "price": "2400",
        "price_per_unit": "1200",
        "price_unit": "KG"
      },
      {
        "state": "WA",
        "price": "2400",
        "price_per_unit": "1200",
        "price_unit": "KG"
      },
      {
        "state": "SA",
        "price": "2400",
        "price_per_unit": "1200",
        "price_unit": "KG"
      },
      {
        "state": "TAS",
        "price": "2400",
        "price_per_unit": "1200",
        "price_unit": "KG"
      },
      {
        "state": "ACT",
        "price": "2400",
        "price_per_unit": "1200",
        "price_unit": "KG"
      },
      {
        "state": "NT",
        "price": "2400",
        "price_per_unit": "1200",
        "price_unit": "KG"
      }
    ]
  },
  {
    "source_url": "https://www.woolworths.com.au/shop/productdetails/88205/cold-power-advanced-clean-laundry-washing-powder-detergent",
    "name": "Cold Power Advanced Clean Laundry Washing Powder Detergent 4kg",
    "image_url": "https://cdn1.woolworths.media/content/wowproductimages/large/088205.jpg",
    "source_id": "Woolworths - 88205",
    "barcode": "9350376004531",
    "category_id": "1_2432B58",
    "shop": "Woolworths",
    "weight": "1KG",
    "prices": [
      {
        "state": "VIC",
        "price": "2800",
        "price_per_unit": "700",
        "price_unit": "KG"
      },
      {
        "state": "QLD",
        "price": "2800",
        "price_per_unit": "700",
        "price_unit": "KG"
      },
      {
        "state": "WA",
        "price": "2800",
        "price_per_unit": "700",
        "price_unit": "KG"
      },
      {
        "state": "SA",
        "price": "2800",
        "price_per_unit": "700",
        "price_unit": "KG"
      },
      {
        "state": "TAS",
        "price": "2800",
        "price_per_unit": "700",
        "price_unit": "KG"
      },
      {
        "state": "ACT",
        "price": "2800",
        "price_per_unit": "700",
        "price_unit": "KG"
      },
      {
        "state": "NT",
        "price": "2800",
        "price_per_unit": "700",
        "price_unit": "KG"
      }
    ]
  },
  {
    "source_url": "https://www.woolworths.com.au/shop/productdetails/879965/fab-laundry-washing-powder-fresh-blossoms",
    "name": "Fab Laundry Washing Powder Fresh Blossoms 1kg",
    "image_url": "https://cdn1.woolworths.media/content/wowproductimages/large/879965.jpg",
    "source_id": "Woolworths - 879965",
    "barcode": "9300632086498",
    "category_id": "1_2432B58",
    "shop": "Woolworths",
    "weight": "1KG",
    "prices": [
      {
        "state": "VIC",
        "price": "650",
        "price_per_unit": "650",
        "price_unit": "KG"
      },
      {
        "state": "QLD",
        "price": "650",
        "price_per_unit": "650",
        "price_unit": "KG"
      },
      {
        "state": "WA",
        "price": "650",
        "price_per_unit": "650",
        "price_unit": "KG"
      },
      {
        "state": "SA",
        "price": "650",
        "price_per_unit": "650",
        "price_unit": "KG"
      },
      {
        "state": "TAS",
        "price": "650",
        "price_per_unit": "650",
        "price_unit": "KG"
      },
      {
        "state": "ACT",
        "price": "650",
        "price_per_unit": "650",
        "price_unit": "KG"
      },
      {
        "state": "NT",
        "price": "680",
        "price_per_unit": "680",
        "price_unit": "KG"
      }
    ]
  },
  {
    "source_url": "https://www.woolworths.com.au/shop/productdetails/880028/fab-laundry-washing-powder-gold-absolute",
    "name": "Fab Laundry Washing Powder Gold Absolute 3.8kg",
    "image_url": "https://cdn1.woolworths.media/content/wowproductimages/large/880028.jpg",
    "source_id": "Woolworths - 880028",
    "barcode": "9350376000649",
    "category_id": "1_2432B58",
    "shop": "Woolworths",
    "weight": "1KG",
    "prices": [
      {
        "state": "VIC",
        "price": "1650",
        "price_per_unit": "434",
        "price_unit": "KG"
      },
      {
        "state": "WA",
        "price": "1650",
        "price_per_unit": "434",
        "price_unit": "KG"
      },
      {
        "state": "SA",
        "price": "1650",
        "price_per_unit": "434",
        "price_unit": "KG"
      },
      {
        "state": "TAS",
        "price": "1650",
        "price_per_unit": "434",
        "price_unit": "KG"
      },
      {
        "state": "ACT",
        "price": "1650",
        "price_per_unit": "434",
        "price_unit": "KG"
      },
      {
        "state": "NT",
        "price": "1650",
        "price_per_unit": "434",
        "price_unit": "KG"
      }
    ]
  },
  {
    "source_url": "https://www.woolworths.com.au/shop/productdetails/88388/fab-laundry-washing-powder-intense-fresh-odour-control",
    "name": "Fab Laundry Washing Powder Intense Fresh Odour Control 1.8kg",
    "image_url": "https://cdn1.woolworths.media/content/wowproductimages/large/088388.jpg",
    "source_id": "Woolworths - 88388",
    "barcode": "9350376004760",
    "category_id": "1_2432B58",
    "shop": "Woolworths",
    "weight": "1KG",
    "prices": [
      {
        "state": "VIC",
        "price": "900",
        "price_per_unit": "500",
        "price_unit": "KG"
      },
      {
        "state": "QLD",
        "price": "900",
        "price_per_unit": "500",
        "price_unit": "KG"
      },
      {
        "state": "WA",
        "price": "900",
        "price_per_unit": "500",
        "price_unit": "KG"
      },
      {
        "state": "SA",
        "price": "900",
        "price_per_unit": "500",
        "price_unit": "KG"
      },
      {
        "state": "TAS",
        "price": "900",
        "price_per_unit": "500",
        "price_unit": "KG"
      },
      {
        "state": "ACT",
        "price": "900",
        "price_per_unit": "500",
        "price_unit": "KG"
      },
      {
        "state": "NT",
        "price": "900",
        "price_per_unit": "500",
        "price_unit": "KG"
      }
    ]
  },
  {
    "source_url": "https://www.woolworths.com.au/shop/productdetails/657981/fab-laundry-washing-powder-sublime-velvet",
    "name": "Fab Laundry Washing Powder Sublime Velvet 1.8kg",
    "image_url": "https://cdn1.woolworths.media/content/wowproductimages/large/657981.jpg",
    "source_id": "Woolworths - 657981",
    "barcode": "9350376000595",
    "category_id": "1_2432B58",
    "shop": "Woolworths",
    "weight": "1KG",
    "prices": [
      {
        "state": "VIC",
        "price": "900",
        "price_per_unit": "500",
        "price_unit": "KG"
      },
      {
        "state": "QLD",
        "price": "900",
        "price_per_unit": "500",
        "price_unit": "KG"
      },
      {
        "state": "WA",
        "price": "900",
        "price_per_unit": "500",
        "price_unit": "KG"
      },
      {
        "state": "SA",
        "price": "900",
        "price_per_unit": "500",
        "price_unit": "KG"
      },
      {
        "state": "TAS",
        "price": "900",
        "price_per_unit": "500",
        "price_unit": "KG"
      },
      {
        "state": "ACT",
        "price": "900",
        "price_per_unit": "500",
        "price_unit": "KG"
      },
      {
        "state": "NT",
        "price": "900",
        "price_per_unit": "500",
        "price_unit": "KG"
      }
    ]
  },
  {
    "source_url": "https://www.woolworths.com.au/shop/productdetails/430633/omo-laundry-powder-sensitive-front-top-loader",
    "name": "OMO Laundry Powder Sensitive Front & Top Loader 5kg",
    "image_url": "https://cdn1.woolworths.media/content/wowproductimages/large/430633.jpg",
    "source_id": "Woolworths - 430633",
    "barcode": "9300830033195",
    "category_id": "1_2432B58",
    "shop": "Woolworths",
    "weight": "1KG",
    "prices": [
      {
        "state": "VIC",
        "price": "3400",
        "price_per_unit": "680",
        "price_unit": "KG"
      },
      {
        "state": "QLD",
        "price": "3400",
        "price_per_unit": "680",
        "price_unit": "KG"
      },
      {
        "state": "WA",
        "price": "3400",
        "price_per_unit": "680",
        "price_unit": "KG"
      },
      {
        "state": "SA",
        "price": "3400",
        "price_per_unit": "680",
        "price_unit": "KG"
      },
      {
        "state": "ACT",
        "price": "3400",
        "price_per_unit": "680",
        "price_unit": "KG"
      },
      {
        "state": "NT",
        "price": "3400",
        "price_per_unit": "680",
        "price_unit": "KG"
      }
    ]
  },
  {
    "source_url": "https://www.woolworths.com.au/shop/productdetails/141891/radiant-advanced-cleans-softens-5-in-1-laundry-detergent-powder",
    "name": "Radiant Advanced+ Cleans & Softens 5- In-1 Laundry Detergent Powder 1.8kg",
    "image_url": "https://cdn1.woolworths.media/content/wowproductimages/large/141891.jpg",
    "source_id": "Woolworths - 141891",
    "barcode": "9300615093581",
    "category_id": "1_2432B58",
    "shop": "Woolworths",
    "weight": "1KG",
    "prices": [
      {
        "state": "VIC",
        "price": "2200",
        "price_per_unit": "1222",
        "price_unit": "KG"
      },
      {
        "state": "QLD",
        "price": "2200",
        "price_per_unit": "1222",
        "price_unit": "KG"
      },
      {
        "state": "WA",
        "price": "2200",
        "price_per_unit": "1222",
        "price_unit": "KG"
      },
      {
        "state": "SA",
        "price": "2200",
        "price_per_unit": "1222",
        "price_unit": "KG"
      },
      {
        "state": "TAS",
        "price": "2200",
        "price_per_unit": "1222",
        "price_unit": "KG"
      },
      {
        "state": "ACT",
        "price": "2200",
        "price_per_unit": "1222",
        "price_unit": "KG"
      },
      {
        "state": "NT",
        "price": "2200",
        "price_per_unit": "1222",
        "price_unit": "KG"
      }
    ]
  },
  {
    "source_url": "https://www.woolworths.com.au/shop/productdetails/141938/radiant-whites-or-colours-laundry-detergent-washing-powder",
    "name": "Radiant Whites Or Colours Laundry Detergent Washing Powder 2kg",
    "image_url": "https://cdn1.woolworths.media/content/wowproductimages/large/141938.jpg",
    "source_id": "Woolworths - 141938",
    "barcode": "9300615092812",
    "category_id": "1_2432B58",
    "shop": "Woolworths",
    "weight": "1KG",
    "prices": [
      {
        "state": "VIC",
        "price": "1000",
        "price_per_unit": "500",
        "price_unit": "KG"
      },
      {
        "state": "QLD",
        "price": "1000",
        "price_per_unit": "500",
        "price_unit": "KG"
      },
      {
        "state": "WA",
        "price": "1000",
        "price_per_unit": "500",
        "price_unit": "KG"
      },
      {
        "state": "SA",
        "price": "1000",
        "price_per_unit": "500",
        "price_unit": "KG"
      },
      {
        "state": "TAS",
        "price": "1000",
        "price_per_unit": "500",
        "price_unit": "KG"
      },
      {
        "state": "ACT",
        "price": "1000",
        "price_per_unit": "500",
        "price_unit": "KG"
      },
      {
        "state": "NT",
        "price": "1000",
        "price_per_unit": "500",
        "price_unit": "KG"
      }
    ]
  },
  {
    "source_url": "https://www.woolworths.com.au/shop/productdetails/143356/radiant-whites-or-colours-laundry-detergent-washing-powder",
    "name": "Radiant Whites Or Colours Laundry Detergent Washing Powder 4kg",
    "image_url": "https://cdn1.woolworths.media/content/wowproductimages/large/143356.jpg",
    "source_id": "Woolworths - 143356",
    "barcode": "9300615093000",
    "category_id": "1_2432B58",
    "shop": "Woolworths",
    "weight": "1KG",
    "prices": [
      {
        "state": "VIC",
        "price": "2500",
        "price_per_unit": "625",
        "price_unit": "KG"
      },
      {
        "state": "QLD",
        "price": "2500",
        "price_per_unit": "625",
        "price_unit": "KG"
      },
      {
        "state": "WA",
        "price": "2500",
        "price_per_unit": "625",
        "price_unit": "KG"
      },
      {
        "state": "SA",
        "price": "2500",
        "price_per_unit": "625",
        "price_unit": "KG"
      },
      {
        "state": "TAS",
        "price": "2500",
        "price_per_unit": "625",
        "price_unit": "KG"
      },
      {
        "state": "ACT",
        "price": "2500",
        "price_per_unit": "625",
        "price_unit": "KG"
      },
      {
        "state": "NT",
        "price": "2625",
        "price_per_unit": "656",
        "price_unit": "KG"
      }
    ]
  },
  {
    "source_url": "https://www.woolworths.com.au/shop/productdetails/906010/duo-laundry-powder-clean-whitens",
    "name": "Duo Laundry Powder Clean & Whitens 5kg",
    "image_url": "https://cdn1.woolworths.media/content/wowproductimages/large/906010.jpg",
    "source_id": "Woolworths - 906010",
    "barcode": "9300615029009",
    "category_id": "1_2432B58",
    "shop": "Woolworths",
    "weight": "1KG",
    "prices": [
      {
        "state": "NT",
        "price": "1466",
        "price_per_unit": "293",
        "price_unit": "KG"
      }
    ]
  }
]