[
  {
    "source_url": "https://www.woolworths.com.au/shop/productdetails/59297/air-wick-country-vanilla-carpet-deodoriser-freshener",
    "name": "Air Wick Country Vanilla Carpet Deodoriser & Freshener 500g",
    "image_url": "https://cdn1.woolworths.media/content/wowproductimages/large/059297.jpg",
    "source_id": "Woolworths - 59297",
    "barcode": "9300701974756",
    "category_id": "1_2432B58",
    "shop": "Woolworths",
    "weight": "100G",
    "prices": [
      {
        "state": "NSW",
        "price": "525",
        "price_per_unit": "105",
        "price_unit": "G"
      },
      {
        "state": "VIC",
        "price": "525",
        "price_per_unit": "105",
        "price_unit": "G"
      },
      {
        "state": "QLD",
        "price": "525",
        "price_per_unit": "105",
        "price_unit": "G"
      },
      {
        "state": "WA",
        "price": "525",
        "price_per_unit": "105",
        "price_unit": "G"
      },
      {
        "state": "SA",
        "price": "525",
        "price_per_unit": "105",
        "price_unit": "G"
      },
      {
        "state": "TAS",
        "price": "525",
        "price_per_unit": "105",
        "price_unit": "G"
      },
      {
        "state": "ACT",
        "price": "525",
        "price_per_unit": "105",
        "price_unit": "G"
      },
      {
        "state": "NT",
        "price": "550",
        "price_per_unit": "110",
        "price_unit": "G"
      }
    ]
  },
  {
    "source_url": "https://www.woolworths.com.au/shop/productdetails/211798/ajax-floor-cleaner-baking-soda",
    "name": "Ajax Floor Cleaner Baking Soda 750ml",
    "image_url": "https://cdn1.woolworths.media/content/wowproductimages/large/211798.jpg",
    "source_id": "Woolworths - 211798",
    "barcode": "9300632062942",
    "category_id": "1_2432B58",
    "shop": "Woolworths",
    "weight": "100ML",
    "prices": [
      {
        "state": "NSW",
        "price": "400",
        "price_per_unit": "53",
        "price_unit": "ML"
      },
      {
        "state": "VIC",
        "price": "400",
        "price_per_unit": "53",
        "price_unit": "ML"
      },
      {
        "state": "QLD",
        "price": "400",
        "price_per_unit": "53",
        "price_unit": "ML"
      },
      {
        "state": "WA",
        "price": "400",
        "price_per_unit": "53",
        "price_unit": "ML"
      },
      {
        "state": "SA",
        "price": "400",
        "price_per_unit": "53",
        "price_unit": "ML"
      },
      {
        "state": "TAS",
        "price": "400",
        "price_per_unit": "53",
        "price_unit": "ML"
      },
      {
        "state": "ACT",
        "price": "400",
        "price_per_unit": "53",
        "price_unit": "ML"
      },
      {
        "state": "NT",
        "price": "400",
        "price_per_unit": "53",
        "price_unit": "ML"
      }
    ]
  },
  {
    "source_url": "https://www.woolworths.com.au/shop/productdetails/557986/ajax-floor-cleaner-diving-blends",
    "name": "Ajax Floor Cleaner Diving Blends 750ml",
    "image_url": "https://cdn1.woolworths.media/content/wowproductimages/large/557986.jpg",
    "source_id": "Woolworths - 557986",
    "barcode": "9300632087853",
    "category_id": "1_2432B58",
    "shop": "Woolworths",
    "weight": "100ML",
    "prices": [
      {
        "state": "NSW",
        "price": "400",
        "price_per_unit": "53",
        "price_unit": "ML"
      },
      {
        "state": "VIC",
        "price": "400",
        "price_per_unit": "53",
        "price_unit": "ML"
      },
      {
        "state": "QLD",
        "price": "400",
        "price_per_unit": "53",
        "price_unit": "ML"
      },
      {
        "state": "WA",
        "price": "400",
        "price_per_unit": "53",
        "price_unit": "ML"
      },
      {
        "state": "SA",
        "price": "400",
        "price_per_unit": "53",
        "price_unit": "ML"
      },
      {
        "state": "TAS",
        "price": "400",
        "price_per_unit": "53",
        "price_unit": "ML"
      },
      {
        "state": "ACT",
        "price": "400",
        "price_per_unit": "53",
        "price_unit": "ML"
      },
      {
        "state": "NT",
        "price": "400",
        "price_per_unit": "53",
        "price_unit": "ML"
      }
    ]
  },
  {
    "source_url": "https://www.woolworths.com.au/shop/productdetails/905216/ajax-floor-disinfectant-wipes-extra-large-tropical-breeze",
    "name": "Ajax Floor Disinfectant Wipes Extra Large Tropical Breeze 25 pack",
    "image_url": "https://cdn1.woolworths.media/content/wowproductimages/large/905216.jpg",
    "source_id": "Woolworths - 905216",
    "barcode": "8850006951859",
    "category_id": "1_2432B58",
    "shop": "Woolworths",
    "weight": "1EA",
    "prices": [
      {
        "state": "NSW",
        "price": "900",
        "price_per_unit": "36",
        "price_unit": "EA"
      },
      {
        "state": "VIC",
        "price": "900",
        "price_per_unit": "36",
        "price_unit": "EA"
      },
      {
        "state": "QLD",
        "price": "900",
        "price_per_unit": "36",
        "price_unit": "EA"
      },
      {
        "state": "WA",
        "price": "900",
        "price_per_unit": "36",
        "price_unit": "EA"
      },
      {
        "state": "SA",
        "price": "900",
        "price_per_unit": "36",
        "price_unit": "EA"
      },
      {
        "state": "TAS",
        "price": "900",
        "price_per_unit": "36",
        "price_unit": "EA"
      },
      {
        "state": "ACT",
        "price": "900",
        "price_per_unit": "36",
        "price_unit": "EA"
      },
      {
        "state": "NT",
        "price": "945",
        "price_per_unit": "38",
        "price_unit": "EA"
      }
    ]
  },
  {
    "source_url": "https://www.woolworths.com.au/shop/productdetails/579482/bosisto-s-floor-cleaner",
    "name": "Bosisto's Floor Cleaner 750ml",
    "image_url": "https://cdn1.woolworths.media/content/wowproductimages/large/579482.jpg",
    "source_id": "Woolworths - 579482",
    "barcode": "9300710009203",
    "category_id": "1_2432B58",
    "shop": "Woolworths",
    "weight": "100ML",
    "prices": [
      {
        "state": "NSW",
        "price": "430",
        "price_per_unit": "57",
        "price_unit": "ML"
      },
      {
        "state": "VIC",
        "price": "430",
        "price_per_unit": "57",
        "price_unit": "ML"
      },
      {
        "state": "QLD",
        "price": "430",
        "price_per_unit": "57",
        "price_unit": "ML"
      },
      {
        "state": "WA",
        "price": "430",
        "price_per_unit": "57",
        "price_unit": "ML"
      },
      {
        "state": "SA",
        "price": "430",
        "price_per_unit": "57",
        "price_unit": "ML"
      },
      {
        "state": "TAS",
        "price": "430",
        "price_per_unit": "57",
        "price_unit": "ML"
      },
      {
        "state": "ACT",
        "price": "430",
        "price_per_unit": "57",
        "price_unit": "ML"
      },
      {
        "state": "NT",
        "price": "430",
        "price_per_unit": "57",
        "price_unit": "ML"
      }
    ]
  },
  {
    "source_url": "https://www.woolworths.com.au/shop/productdetails/907300/britex-spot-n-stain-remover",
    "name": "Britex Spot 'N' Stain Remover 375mL",
    "image_url": "https://cdn1.woolworths.media/content/wowproductimages/large/907300.jpg",
    "source_id": "Woolworths - 907300",
    "barcode": "9331562001374",
    "category_id": "1_2432B58",
    "shop": "Woolworths",
    "weight": "100ML",
    "prices": [
      {
        "state": "NSW",
        "price": "750",
        "price_per_unit": "200",
        "price_unit": "ML"
      },
      {
        "state": "VIC",
        "price": "750",
        "price_per_unit": "200",
        "price_unit": "ML"
      },
      {
        "state": "QLD",
        "price": "750",
        "price_per_unit": "200",
        "price_unit": "ML"
      },
      {
        "state": "WA",
        "price": "750",
        "price_per_unit": "200",
        "price_unit": "ML"
      },
      {
        "state": "SA",
        "price": "750",
        "price_per_unit": "200",
        "price_unit": "ML"
      },
      {
        "state": "ACT",
        "price": "750",
        "price_per_unit": "200",
        "price_unit": "ML"
      },
      {
        "state": "NT",
        "price": "750",
        "price_per_unit": "200",
        "price_unit": "ML"
      }
    ]
  },
  {
    "source_url": "https://www.woolworths.com.au/shop/productdetails/71071/cavalier-bremworth-floor-carpet-stain-remover",
    "name": "Cavalier Bremworth Floor Carpet Stain Remover 350G",
    "image_url": "https://cdn1.woolworths.media/content/wowproductimages/large/071071.jpg",
    "source_id": "Woolworths - 71071",
    "barcode": "9414067971417",
    "category_id": "1_2432B58",
    "shop": "Woolworths",
    "weight": "100G",
    "prices": [
      {
        "state": "NSW",
        "price": "800",
        "price_per_unit": "229",
        "price_unit": "G"
      },
      {
        "state": "VIC",
        "price": "800",
        "price_per_unit": "229",
        "price_unit": "G"
      },
      {
        "state": "QLD",
        "price": "800",
        "price_per_unit": "229",
        "price_unit": "G"
      },
      {
        "state": "WA",
        "price": "800",
        "price_per_unit": "229",
        "price_unit": "G"
      },
      {
        "state": "SA",
        "price": "800",
        "price_per_unit": "229",
        "price_unit": "G"
      },
      {
        "state": "TAS",
        "price": "760",
        "price_per_unit": "217",
        "price_unit": "G"
      },
      {
        "state": "ACT",
        "price": "800",
        "price_per_unit": "229",
        "price_unit": "G"
      },
      {
        "state": "NT",
        "price": "760",
        "price_per_unit": "217",
        "price_unit": "G"
      }
    ]
  },
  {
    "source_url": "https://www.woolworths.com.au/shop/productdetails/3966/dettol-antibacterial-floor-cleaning-wipes-lemon-and-lime",
    "name": "Dettol Antibacterial Floor Cleaning Wipes Lemon And Lime 25 Pack",
    "image_url": "https://cdn1.woolworths.media/content/wowproductimages/large/003966.jpg",
    "source_id": "Woolworths - 3966",
    "barcode": "9300701785482",
    "category_id": "1_2432B58",
    "shop": "Woolworths",
    "weight": "1EA",
    "prices": [
      {
        "state": "NSW",
        "price": "900",
        "price_per_unit": "36",
        "price_unit": "EA"
      },
      {
        "state": "VIC",
        "price": "900",
        "price_per_unit": "36",
        "price_unit": "EA"
      },
      {
        "state": "QLD",
        "price": "900",
        "price_per_unit": "36",
        "price_unit": "EA"
      },
      {
        "state": "WA",
        "price": "900",
        "price_per_unit": "36",
        "price_unit": "EA"
      },
      {
        "state": "SA",
        "price": "900",
        "price_per_unit": "36",
        "price_unit": "EA"
      },
      {
        "state": "TAS",
        "price": "900",
        "price_per_unit": "36",
        "price_unit": "EA"
      },
      {
        "state": "ACT",
        "price": "900",
        "price_per_unit": "36",
        "price_unit": "EA"
      },
      {
        "state": "NT",
        "price": "900",
        "price_per_unit": "36",
        "price_unit": "EA"
      }
    ]
  },
  {
    "source_url": "https://www.woolworths.com.au/shop/productdetails/219823/dettol-antibacterial-floor-mop-system-with-25-floor-cleaning-wipes",
    "name": "Dettol Antibacterial Floor Mop System With 25 Floor Cleaning Wipes 1 Pack",
    "image_url": "https://cdn1.woolworths.media/content/wowproductimages/large/219823.jpg",
    "source_id": "Woolworths - 219823",
    "barcode": "9300631980735",
    "category_id": "1_2432B58",
    "shop": "Woolworths",
    "weight": "1EA",
    "prices": [
      {
        "state": "NSW",
        "price": "1150",
        "price_per_unit": "46",
        "price_unit": "EA"
      },
      {
        "state": "VIC",
        "price": "1150",
        "price_per_unit": "46",
        "price_unit": "EA"
      },
      {
        "state": "QLD",
        "price": "1150",
        "price_per_unit": "46",
        "price_unit": "EA"
      },
      {
        "state": "WA",
        "price": "1150",
        "price_per_unit": "46",
        "price_unit": "EA"
      },
      {
        "state": "SA",
        "price": "1150",
        "price_per_unit": "46",
        "price_unit": "EA"
      },
      {
        "state": "TAS",
        "price": "1150",
        "price_per_unit": "46",
        "price_unit": "EA"
      },
      {
        "state": "ACT",
        "price": "1150",
        "price_per_unit": "46",
        "price_unit": "EA"
      },
      {
        "state": "NT",
        "price": "1150",
        "price_per_unit": "46",
        "price_unit": "EA"
      }
    ]
  },
  {
    "source_url": "https://www.woolworths.com.au/shop/productdetails/790964/dr-beckmann-floor-carpet-stain-remover",
    "name": "Dr Beckmann Floor Carpet Stain Remover 650ml",
    "image_url": "https://cdn1.woolworths.media/content/wowproductimages/large/790964.jpg",
    "source_id": "Woolworths - 790964",
    "barcode": "4008455446011",
    "category_id": "1_2432B58",
    "shop": "Woolworths",
    "weight": "100ML",
    "prices": [
      {
        "state": "NSW",
        "price": "1200",
        "price_per_unit": "185",
        "price_unit": "ML"
      },
      {
        "state": "VIC",
        "price": "1200",
        "price_per_unit": "185",
        "price_unit": "ML"
      },
      {
        "state": "QLD",
        "price": "1200",
        "price_per_unit": "185",
        "price_unit": "ML"
      },
      {
        "state": "WA",
        "price": "1200",
        "price_per_unit": "185",
        "price_unit": "ML"
      },
      {
        "state": "SA",
        "price": "1200",
        "price_per_unit": "185",
        "price_unit": "ML"
      },
      {
        "state": "TAS",
        "price": "1200",
        "price_per_unit": "185",
        "price_unit": "ML"
      },
      {
        "state": "ACT",
        "price": "1200",
        "price_per_unit": "185",
        "price_unit": "ML"
      },
      {
        "state": "NT",
        "price": "1260",
        "price_per_unit": "194",
        "price_unit": "ML"
      }
    ]
  },
  {
    "source_url": "https://www.woolworths.com.au/shop/productdetails/684142/dr-beckmann-pet-stain-odour-remover",
    "name": "Dr Beckmann Pet Stain & Odour Remover 650ml",
    "image_url": "https://cdn1.woolworths.media/content/wowproductimages/large/684142.jpg",
    "source_id": "Woolworths - 684142",
    "barcode": "5010287314511",
    "category_id": "1_2432B58",
    "shop": "Woolworths",
    "weight": "100ML",
    "prices": [
      {
        "state": "NSW",
        "price": "1200",
        "price_per_unit": "185",
        "price_unit": "ML"
      },
      {
        "state": "VIC",
        "price": "1200",
        "price_per_unit": "185",
        "price_unit": "ML"
      },
      {
        "state": "QLD",
        "price": "1200",
        "price_per_unit": "185",
        "price_unit": "ML"
      },
      {
        "state": "WA",
        "price": "1200",
        "price_per_unit": "185",
        "price_unit": "ML"
      },
      {
        "state": "SA",
        "price": "1200",
        "price_per_unit": "185",
        "price_unit": "ML"
      },
      {
        "state": "TAS",
        "price": "1200",
        "price_per_unit": "185",
        "price_unit": "ML"
      },
      {
        "state": "ACT",
        "price": "1200",
        "price_per_unit": "185",
        "price_unit": "ML"
      },
      {
        "state": "NT",
        "price": "1260",
        "price_per_unit": "194",
        "price_unit": "ML"
      }
    ]
  },
  {
    "source_url": "https://www.woolworths.com.au/shop/productdetails/712690/earth-choice-floor-cleaner-wooden-surface",
    "name": "Earth Choice Floor Cleaner Wooden Surface 750ml",
    "image_url": "https://cdn1.woolworths.media/content/wowproductimages/large/712690.jpg",
    "source_id": "Woolworths - 712690",
    "barcode": "9310692130574",
    "category_id": "1_2432B58",
    "shop": "Woolworths",
    "weight": "100ML",
    "prices": [
      {
        "state": "NSW",
        "price": "500",
        "price_per_unit": "67",
        "price_unit": "ML"
      },
      {
        "state": "VIC",
        "price": "500",
        "price_per_unit": "67",
        "price_unit": "ML"
      },
      {
        "state": "QLD",
        "price": "500",
        "price_per_unit": "67",
        "price_unit": "ML"
      },
      {
        "state": "WA",
        "price": "500",
        "price_per_unit": "67",
        "price_unit": "ML"
      },
      {
        "state": "SA",
        "price": "500",
        "price_per_unit": "67",
        "price_unit": "ML"
      },
      {
        "state": "TAS",
        "price": "500",
        "price_per_unit": "67",
        "price_unit": "ML"
      },
      {
        "state": "ACT",
        "price": "500",
        "price_per_unit": "67",
        "price_unit": "ML"
      },
      {
        "state": "NT",
        "price": "525",
        "price_per_unit": "70",
        "price_unit": "ML"
      }
    ]
  },
  {
    "source_url": "https://www.woolworths.com.au/shop/productdetails/65897/earth-choice-floor-surface-cleaner",
    "name": "Earth Choice Floor Surface Cleaner 1l",
    "image_url": "https://cdn1.woolworths.media/content/wowproductimages/large/065897.jpg",
    "source_id": "Woolworths - 65897",
    "barcode": "9310692124115",
    "category_id": "1_2432B58",
    "shop": "Woolworths",
    "weight": "100ML",
    "prices": [
      {
        "state": "NSW",
        "price": "335",
        "price_per_unit": "34",
        "price_unit": "ML"
      },
      {
        "state": "VIC",
        "price": "335",
        "price_per_unit": "34",
        "price_unit": "ML"
      },
      {
        "state": "QLD",
        "price": "335",
        "price_per_unit": "34",
        "price_unit": "ML"
      },
      {
        "state": "WA",
        "price": "335",
        "price_per_unit": "34",
        "price_unit": "ML"
      },
      {
        "state": "SA",
        "price": "335",
        "price_per_unit": "34",
        "price_unit": "ML"
      },
      {
        "state": "TAS",
        "price": "335",
        "price_per_unit": "34",
        "price_unit": "ML"
      },
      {
        "state": "ACT",
        "price": "335",
        "price_per_unit": "34",
        "price_unit": "ML"
      },
      {
        "state": "NT",
        "price": "335",
        "price_per_unit": "34",
        "price_unit": "ML"
      }
    ]
  },
  {
    "source_url": "https://www.woolworths.com.au/shop/productdetails/89606/glen-20-carpet-cuddly-pet-disinfectant-spray",
    "name": "Glen 20 Carpet Cuddly Pet Disinfectant Spray 354g",
    "image_url": "https://cdn1.woolworths.media/content/wowproductimages/large/089606.jpg",
    "source_id": "Woolworths - 89606",
    "barcode": "9300701244163",
    "category_id": "1_2432B58",
    "shop": "Woolworths",
    "weight": "100G",
    "prices": [
      {
        "state": "NSW",
        "price": "950",
        "price_per_unit": "268",
        "price_unit": "G"
      },
      {
        "state": "VIC",
        "price": "950",
        "price_per_unit": "268",
        "price_unit": "G"
      },
      {
        "state": "QLD",
        "price": "950",
        "price_per_unit": "268",
        "price_unit": "G"
      },
      {
        "state": "WA",
        "price": "950",
        "price_per_unit": "268",
        "price_unit": "G"
      },
      {
        "state": "SA",
        "price": "950",
        "price_per_unit": "268",
        "price_unit": "G"
      },
      {
        "state": "TAS",
        "price": "950",
        "price_per_unit": "268",
        "price_unit": "G"
      },
      {
        "state": "ACT",
        "price": "950",
        "price_per_unit": "268",
        "price_unit": "G"
      },
      {
        "state": "NT",
        "price": "990",
        "price_per_unit": "280",
        "price_unit": "G"
      }
    ]
  },
  {
    "source_url": "https://www.woolworths.com.au/shop/productdetails/23649/handy-andy-cleaner-and-disinfectant-green",
    "name": "Handy Andy Cleaner And Disinfectant Green 750ml",
    "image_url": "https://cdn1.woolworths.media/content/wowproductimages/large/023649.jpg",
    "source_id": "Woolworths - 23649",
    "barcode": "9324054905106",
    "category_id": "1_2432B58",
    "shop": "Woolworths",
    "weight": "100ML",
    "prices": [
      {
        "state": "NSW",
        "price": "400",
        "price_per_unit": "53",
        "price_unit": "ML"
      },
      {
        "state": "VIC",
        "price": "400",
        "price_per_unit": "53",
        "price_unit": "ML"
      },
      {
        "state": "QLD",
        "price": "400",
        "price_per_unit": "53",
        "price_unit": "ML"
      },
      {
        "state": "WA",
        "price": "400",
        "price_per_unit": "53",
        "price_unit": "ML"
      },
      {
        "state": "SA",
        "price": "400",
        "price_per_unit": "53",
        "price_unit": "ML"
      },
      {
        "state": "TAS",
        "price": "400",
        "price_per_unit": "53",
        "price_unit": "ML"
      },
      {
        "state": "ACT",
        "price": "400",
        "price_per_unit": "53",
        "price_unit": "ML"
      },
      {
        "state": "NT",
        "price": "400",
        "price_per_unit": "53",
        "price_unit": "ML"
      }
    ]
  },
  {
    "source_url": "https://www.woolworths.com.au/shop/productdetails/31992/handy-andy-original-fresh-scent",
    "name": "Handy Andy Original Fresh Scent 750ml",
    "image_url": "https://cdn1.woolworths.media/content/wowproductimages/large/031992.jpg",
    "source_id": "Woolworths - 31992",
    "barcode": "9324054905090",
    "category_id": "1_2432B58",
    "shop": "Woolworths",
    "weight": "100ML",
    "prices": [
      {
        "state": "NSW",
        "price": "400",
        "price_per_unit": "53",
        "price_unit": "ML"
      },
      {
        "state": "VIC",
        "price": "400",
        "price_per_unit": "53",
        "price_unit": "ML"
      },
      {
        "state": "QLD",
        "price": "400",
        "price_per_unit": "53",
        "price_unit": "ML"
      },
      {
        "state": "WA",
        "price": "400",
        "price_per_unit": "53",
        "price_unit": "ML"
      },
      {
        "state": "SA",
        "price": "400",
        "price_per_unit": "53",
        "price_unit": "ML"
      },
      {
        "state": "TAS",
        "price": "400",
        "price_per_unit": "53",
        "price_unit": "ML"
      },
      {
        "state": "ACT",
        "price": "400",
        "price_per_unit": "53",
        "price_unit": "ML"
      },
      {
        "state": "NT",
        "price": "400",
        "price_per_unit": "53",
        "price_unit": "ML"
      }
    ]
  },
  {
    "source_url": "https://www.woolworths.com.au/shop/productdetails/92818/no-vac-instant-spot-stain-remover",
    "name": "No Vac Instant Spot & Stain Remover 290g",
    "image_url": "https://cdn1.woolworths.media/content/wowproductimages/large/092818.jpg",
    "source_id": "Woolworths - 92818",
    "barcode": "9312240310643",
    "category_id": "1_2432B58",
    "shop": "Woolworths",
    "weight": "100G",
    "prices": [
      {
        "state": "NSW",
        "price": "800",
        "price_per_unit": "276",
        "price_unit": "G"
      },
      {
        "state": "VIC",
        "price": "800",
        "price_per_unit": "276",
        "price_unit": "G"
      },
      {
        "state": "QLD",
        "price": "800",
        "price_per_unit": "276",
        "price_unit": "G"
      },
      {
        "state": "WA",
        "price": "800",
        "price_per_unit": "276",
        "price_unit": "G"
      },
      {
        "state": "SA",
        "price": "800",
        "price_per_unit": "276",
        "price_unit": "G"
      },
      {
        "state": "TAS",
        "price": "800",
        "price_per_unit": "276",
        "price_unit": "G"
      },
      {
        "state": "ACT",
        "price": "800",
        "price_per_unit": "276",
        "price_unit": "G"
      },
      {
        "state": "NT",
        "price": "840",
        "price_per_unit": "290",
        "price_unit": "G"
      }
    ]
  },
  {
    "source_url": "https://www.woolworths.com.au/shop/productdetails/272457/no-vac-sanitiser-deodoriser-carpet-fresh-pet",
    "name": "No Vac Sanitiser & Deodoriser Carpet Fresh Pet 290g",
    "image_url": "https://cdn1.woolworths.media/content/wowproductimages/large/272457.jpg",
    "source_id": "Woolworths - 272457",
    "barcode": "9312240310445",
    "category_id": "1_2432B58",
    "shop": "Woolworths",
    "weight": "100G",
    "prices": [
      {
        "state": "NSW",
        "price": "600",
        "price_per_unit": "207",
        "price_unit": "G"
      },
      {
        "state": "VIC",
        "price": "600",
        "price_per_unit": "207",
        "price_unit": "G"
      },
      {
        "state": "QLD",
        "price": "600",
        "price_per_unit": "207",
        "price_unit": "G"
      },
      {
        "state": "WA",
        "price": "600",
        "price_per_unit": "207",
        "price_unit": "G"
      },
      {
        "state": "SA",
        "price": "600",
        "price_per_unit": "207",
        "price_unit": "G"
      },
      {
        "state": "TAS",
        "price": "600",
        "price_per_unit": "207",
        "price_unit": "G"
      },
      {
        "state": "ACT",
        "price": "600",
        "price_per_unit": "207",
        "price_unit": "G"
      },
      {
        "state": "NT",
        "price": "630",
        "price_per_unit": "217",
        "price_unit": "G"
      }
    ]
  },
  {
    "source_url": "https://www.woolworths.com.au/shop/productdetails/204867/no-vac-sanitiser-deodoriser-carpet-garden-breeze",
    "name": "No Vac Sanitiser & Deodoriser Carpet Garden Breeze 290g",
    "image_url": "https://cdn1.woolworths.media/content/wowproductimages/large/204867.jpg",
    "source_id": "Woolworths - 204867",
    "barcode": "9312240310438",
    "category_id": "1_2432B58",
    "shop": "Woolworths",
    "weight": "100G",
    "prices": [
      {
        "state": "NSW",
        "price": "600",
        "price_per_unit": "207",
        "price_unit": "G"
      },
      {
        "state": "VIC",
        "price": "600",
        "price_per_unit": "207",
        "price_unit": "G"
      },
      {
        "state": "QLD",
        "price": "600",
        "price_per_unit": "207",
        "price_unit": "G"
      },
      {
        "state": "WA",
        "price": "600",
        "price_per_unit": "207",
        "price_unit": "G"
      },
      {
        "state": "SA",
        "price": "600",
        "price_per_unit": "207",
        "price_unit": "G"
      },
      {
        "state": "TAS",
        "price": "600",
        "price_per_unit": "207",
        "price_unit": "G"
      },
      {
        "state": "ACT",
        "price": "600",
        "price_per_unit": "207",
        "price_unit": "G"
      },
      {
        "state": "NT",
        "price": "630",
        "price_per_unit": "217",
        "price_unit": "G"
      }
    ]
  },
  {
    "source_url": "https://www.woolworths.com.au/shop/productdetails/776080/no-vac-sanitiser-deodoriser-carpet-purifying-breeze",
    "name": "No Vac Sanitiser & Deodoriser Carpet Purifying Breeze 290g",
    "image_url": "https://cdn1.woolworths.media/content/wowproductimages/large/776080.jpg",
    "source_id": "Woolworths - 776080",
    "barcode": "9312240310452",
    "category_id": "1_2432B58",
    "shop": "Woolworths",
    "weight": "100G",
    "prices": [
      {
        "state": "NSW",
        "price": "600",
        "price_per_unit": "207",
        "price_unit": "G"
      },
      {
        "state": "VIC",
        "price": "600",
        "price_per_unit": "207",
        "price_unit": "G"
      },
      {
        "state": "QLD",
        "price": "600",
        "price_per_unit": "207",
        "price_unit": "G"
      },
      {
        "state": "WA",
        "price": "600",
        "price_per_unit": "207",
        "price_unit": "G"
      },
      {
        "state": "SA",
        "price": "600",
        "price_per_unit": "207",
        "price_unit": "G"
      },
      {
        "state": "TAS",
        "price": "600",
        "price_per_unit": "207",
        "price_unit": "G"
      },
      {
        "state": "ACT",
        "price": "600",
        "price_per_unit": "207",
        "price_unit": "G"
      },
      {
        "state": "NT",
        "price": "630",
        "price_per_unit": "217",
        "price_unit": "G"
      }
    ]
  },
  {
    "source_url": "https://www.woolworths.com.au/shop/productdetails/175915/ozkleen-carpet-power-lavender-floor-carpet-cleaner-trigger",
    "name": "OzKleen Carpet Power Lavender Floor Carpet Cleaner Trigger 500mL",
    "image_url": "https://cdn1.woolworths.media/content/wowproductimages/large/175915.jpg",
    "source_id": "Woolworths - 175915",
    "barcode": "803678000095",
    "category_id": "1_2432B58",
    "shop": "Woolworths",
    "weight": "100ML",
    "prices": [
      {
        "state": "NSW",
        "price": "800",
        "price_per_unit": "160",
        "price_unit": "ML"
      },
      {
        "state": "VIC",
        "price": "800",
        "price_per_unit": "160",
        "price_unit": "ML"
      },
      {
        "state": "QLD",
        "price": "800",
        "price_per_unit": "160",
        "price_unit": "ML"
      },
      {
        "state": "WA",
        "price": "800",
        "price_per_unit": "160",
        "price_unit": "ML"
      },
      {
        "state": "SA",
        "price": "800",
        "price_per_unit": "160",
        "price_unit": "ML"
      },
      {
        "state": "TAS",
        "price": "800",
        "price_per_unit": "160",
        "price_unit": "ML"
      },
      {
        "state": "ACT",
        "price": "800",
        "price_per_unit": "160",
        "price_unit": "ML"
      },
      {
        "state": "NT",
        "price": "840",
        "price_per_unit": "168",
        "price_unit": "ML"
      }
    ]
  },
  {
    "source_url": "https://www.woolworths.com.au/shop/productdetails/307913/pine-o-cleen-pomegranate-floor-disinfectant-liquid",
    "name": "Pine O Cleen Pomegranate Floor Disinfectant Liquid 1.5l",
    "image_url": "https://cdn1.woolworths.media/content/wowproductimages/large/307913.jpg",
    "source_id": "Woolworths - 307913",
    "barcode": "9300701474737",
    "category_id": "1_2432B58",
    "shop": "Woolworths",
    "weight": "100ML",
    "prices": [
      {
        "state": "NSW",
        "price": "1000",
        "price_per_unit": "67",
        "price_unit": "ML"
      },
      {
        "state": "VIC",
        "price": "1000",
        "price_per_unit": "67",
        "price_unit": "ML"
      },
      {
        "state": "QLD",
        "price": "1000",
        "price_per_unit": "67",
        "price_unit": "ML"
      },
      {
        "state": "WA",
        "price": "1000",
        "price_per_unit": "67",
        "price_unit": "ML"
      },
      {
        "state": "SA",
        "price": "1000",
        "price_per_unit": "67",
        "price_unit": "ML"
      },
      {
        "state": "TAS",
        "price": "1000",
        "price_per_unit": "67",
        "price_unit": "ML"
      },
      {
        "state": "ACT",
        "price": "1000",
        "price_per_unit": "67",
        "price_unit": "ML"
      },
      {
        "state": "NT",
        "price": "1050",
        "price_per_unit": "70",
        "price_unit": "ML"
      }
    ]
  },
  {
    "source_url": "https://www.woolworths.com.au/shop/productdetails/43032/pledge-gentle-wood-floor-cleaner-floor-cleaner",
    "name": "Pledge Gentle Wood Floor Cleaner Floor Cleaner 500ml",
    "image_url": "https://cdn1.woolworths.media/content/wowproductimages/large/043032.jpg",
    "source_id": "Woolworths - 43032",
    "barcode": "9300622315805",
    "category_id": "1_2432B58",
    "shop": "Woolworths",
    "weight": "100ML",
    "prices": [
      {
        "state": "NSW",
        "price": "680",
        "price_per_unit": "136",
        "price_unit": "ML"
      },
      {
        "state": "VIC",
        "price": "680",
        "price_per_unit": "136",
        "price_unit": "ML"
      },
      {
        "state": "QLD",
        "price": "680",
        "price_per_unit": "136",
        "price_unit": "ML"
      },
      {
        "state": "WA",
        "price": "680",
        "price_per_unit": "136",
        "price_unit": "ML"
      },
      {
        "state": "SA",
        "price": "680",
        "price_per_unit": "136",
        "price_unit": "ML"
      },
      {
        "state": "TAS",
        "price": "680",
        "price_per_unit": "136",
        "price_unit": "ML"
      },
      {
        "state": "ACT",
        "price": "680",
        "price_per_unit": "136",
        "price_unit": "ML"
      },
      {
        "state": "NT",
        "price": "710",
        "price_per_unit": "142",
        "price_unit": "ML"
      }
    ]
  },
  {
    "source_url": "https://www.woolworths.com.au/shop/productdetails/299529/saba-organics-floor-cleaner-lemon-scented-tea-tree",
    "name": "Saba Organics Floor Cleaner Lemon Scented Tea Tree 1L",
    "image_url": "https://cdn1.woolworths.media/content/wowproductimages/large/299529.jpg",
    "source_id": "Woolworths - 299529",
    "barcode": "9353548000447",
    "category_id": "1_2432B58",
    "shop": "Woolworths",
    "weight": "100ML",
    "prices": [
      {
        "state": "NSW",
        "price": "795",
        "price_per_unit": "80",
        "price_unit": "ML"
      },
      {
        "state": "VIC",
        "price": "795",
        "price_per_unit": "80",
        "price_unit": "ML"
      },
      {
        "state": "QLD",
        "price": "795",
        "price_per_unit": "80",
        "price_unit": "ML"
      },
      {
        "state": "WA",
        "price": "795",
        "price_per_unit": "80",
        "price_unit": "ML"
      },
      {
        "state": "SA",
        "price": "795",
        "price_per_unit": "80",
        "price_unit": "ML"
      },
      {
        "state": "TAS",
        "price": "795",
        "price_per_unit": "80",
        "price_unit": "ML"
      },
      {
        "state": "ACT",
        "price": "795",
        "price_per_unit": "80",
        "price_unit": "ML"
      },
      {
        "state": "NT",
        "price": "830",
        "price_per_unit": "83",
        "price_unit": "ML"
      }
    ]
  },
  {
    "source_url": "https://www.woolworths.com.au/shop/productdetails/750884/strike-carpet-cleaner-foam",
    "name": "Strike Carpet Cleaner Foam 500g",
    "image_url": "https://cdn1.woolworths.media/content/wowproductimages/large/750884.jpg",
    "source_id": "Woolworths - 750884",
    "barcode": "9300633391904",
    "category_id": "1_2432B58",
    "shop": "Woolworths",
    "weight": "100G",
    "prices": [
      {
        "state": "NSW",
        "price": "450",
        "price_per_unit": "90",
        "price_unit": "G"
      },
      {
        "state": "VIC",
        "price": "450",
        "price_per_unit": "90",
        "price_unit": "G"
      },
      {
        "state": "QLD",
        "price": "450",
        "price_per_unit": "90",
        "price_unit": "G"
      },
      {
        "state": "WA",
        "price": "450",
        "price_per_unit": "90",
        "price_unit": "G"
      },
      {
        "state": "SA",
        "price": "450",
        "price_per_unit": "90",
        "price_unit": "G"
      },
      {
        "state": "TAS",
        "price": "450",
        "price_per_unit": "90",
        "price_unit": "G"
      },
      {
        "state": "ACT",
        "price": "450",
        "price_per_unit": "90",
        "price_unit": "G"
      },
      {
        "state": "NT",
        "price": "470",
        "price_per_unit": "94",
        "price_unit": "G"
      }
    ]
  },
  {
    "source_url": "https://www.woolworths.com.au/shop/productdetails/296082/strike-floor-wipes",
    "name": "Strike Floor Wipes 20 Pack",
    "image_url": "https://cdn1.woolworths.media/content/wowproductimages/large/296082.jpg",
    "source_id": "Woolworths - 296082",
    "barcode": "9300633982058",
    "category_id": "1_2432B58",
    "shop": "Woolworths",
    "weight": "1EA",
    "prices": [
      {
        "state": "NSW",
        "price": "500",
        "price_per_unit": "25",
        "price_unit": "EA"
      },
      {
        "state": "VIC",
        "price": "500",
        "price_per_unit": "25",
        "price_unit": "EA"
      },
      {
        "state": "QLD",
        "price": "500",
        "price_per_unit": "25",
        "price_unit": "EA"
      },
      {
        "state": "WA",
        "price": "500",
        "price_per_unit": "25",
        "price_unit": "EA"
      },
      {
        "state": "SA",
        "price": "500",
        "price_per_unit": "25",
        "price_unit": "EA"
      },
      {
        "state": "TAS",
        "price": "500",
        "price_per_unit": "25",
        "price_unit": "EA"
      },
      {
        "state": "ACT",
        "price": "500",
        "price_per_unit": "25",
        "price_unit": "EA"
      },
      {
        "state": "NT",
        "price": "500",
        "price_per_unit": "25",
        "price_unit": "EA"
      }
    ]
  },
  {
    "source_url": "https://www.woolworths.com.au/shop/productdetails/183853/strike-pro-floor-cleaner-citrus-antibacterial-multi-surface",
    "name": "Strike Pro Floor Cleaner Citrus Antibacterial Multi Surface 750ml",
    "image_url": "https://cdn1.woolworths.media/content/wowproductimages/large/183853.jpg",
    "source_id": "Woolworths - 183853",
    "barcode": "9339687276691",
    "category_id": "1_2432B58",
    "shop": "Woolworths",
    "weight": "100ML",
    "prices": [
      {
        "state": "NSW",
        "price": "200",
        "price_per_unit": "27",
        "price_unit": "ML"
      },
      {
        "state": "VIC",
        "price": "200",
        "price_per_unit": "27",
        "price_unit": "ML"
      },
      {
        "state": "QLD",
        "price": "200",
        "price_per_unit": "27",
        "price_unit": "ML"
      },
      {
        "state": "WA",
        "price": "200",
        "price_per_unit": "27",
        "price_unit": "ML"
      },
      {
        "state": "SA",
        "price": "200",
        "price_per_unit": "27",
        "price_unit": "ML"
      },
      {
        "state": "TAS",
        "price": "200",
        "price_per_unit": "27",
        "price_unit": "ML"
      },
      {
        "state": "ACT",
        "price": "200",
        "price_per_unit": "27",
        "price_unit": "ML"
      },
      {
        "state": "NT",
        "price": "200",
        "price_per_unit": "27",
        "price_unit": "ML"
      }
    ]
  },
  {
    "source_url": "https://www.woolworths.com.au/shop/productdetails/154137/vanish-preen-gold-3-in-1-carpet-cleaning-foam-spray",
    "name": "Vanish Preen Gold 3 -In-1 Carpet Cleaning Foam Spray 600mL",
    "image_url": "https://cdn1.woolworths.media/content/wowproductimages/large/154137.jpg",
    "source_id": "Woolworths - 154137",
    "barcode": "9300701704384",
    "category_id": "1_2432B58",
    "shop": "Woolworths",
    "weight": "100G",
    "prices": [
      {
        "state": "NSW",
        "price": "800",
        "price_per_unit": "133",
        "price_unit": "G"
      },
      {
        "state": "VIC",
        "price": "800",
        "price_per_unit": "133",
        "price_unit": "G"
      },
      {
        "state": "QLD",
        "price": "800",
        "price_per_unit": "133",
        "price_unit": "G"
      },
      {
        "state": "WA",
        "price": "800",
        "price_per_unit": "133",
        "price_unit": "G"
      },
      {
        "state": "SA",
        "price": "800",
        "price_per_unit": "133",
        "price_unit": "G"
      },
      {
        "state": "TAS",
        "price": "800",
        "price_per_unit": "133",
        "price_unit": "G"
      },
      {
        "state": "ACT",
        "price": "800",
        "price_per_unit": "133",
        "price_unit": "G"
      },
      {
        "state": "NT",
        "price": "800",
        "price_per_unit": "133",
        "price_unit": "G"
      }
    ]
  },
  {
    "source_url": "https://www.woolworths.com.au/shop/productdetails/165794/vanish-preen-oxi-action-carpet-stain-removal-spray",
    "name": "Vanish Preen Oxi Action Carpet Stain Removal Spray 410mL",
    "image_url": "https://cdn1.woolworths.media/content/wowproductimages/large/165794.jpg",
    "source_id": "Woolworths - 165794",
    "barcode": "9300701707200",
    "category_id": "1_2432B58",
    "shop": "Woolworths",
    "weight": "100ML",
    "prices": [
      {
        "state": "NSW",
        "price": "800",
        "price_per_unit": "195",
        "price_unit": "ML"
      },
      {
        "state": "VIC",
        "price": "800",
        "price_per_unit": "195",
        "price_unit": "ML"
      },
      {
        "state": "QLD",
        "price": "800",
        "price_per_unit": "195",
        "price_unit": "ML"
      },
      {
        "state": "WA",
        "price": "800",
        "price_per_unit": "195",
        "price_unit": "ML"
      },
      {
        "state": "SA",
        "price": "800",
        "price_per_unit": "195",
        "price_unit": "ML"
      },
      {
        "state": "TAS",
        "price": "800",
        "price_per_unit": "195",
        "price_unit": "ML"
      },
      {
        "state": "ACT",
        "price": "800",
        "price_per_unit": "195",
        "price_unit": "ML"
      },
      {
        "state": "NT",
        "price": "800",
        "price_per_unit": "195",
        "price_unit": "ML"
      }
    ]
  },
  {
    "source_url": "https://www.woolworths.com.au/shop/productdetails/199462/wash-wild-floor-cleaner",
    "name": "Wash Wild Floor Cleaner 1l",
    "image_url": "https://cdn1.woolworths.media/content/wowproductimages/large/199462.jpg",
    "source_id": "Woolworths - 199462",
    "barcode": "9349506002509",
    "category_id": "1_2432B58",
    "shop": "Woolworths",
    "weight": "100ML",
    "prices": [
      {
        "state": "VIC",
        "price": "900",
        "price_per_unit": "90",
        "price_unit": "ML"
      },
      {
        "state": "SA",
        "price": "900",
        "price_per_unit": "90",
        "price_unit": "ML"
      },
      {
        "state": "ACT",
        "price": "900",
        "price_per_unit": "90",
        "price_unit": "ML"
      },
      {
        "state": "NT",
        "price": "900",
        "price_per_unit": "90",
        "price_unit": "ML"
      }
    ]
  },
  {
    "source_url": "https://www.woolworths.com.au/shop/productdetails/197400/wash-wild-floor-cleaner",
    "name": "Wash Wild Floor Cleaner 300ml",
    "image_url": "https://cdn1.woolworths.media/content/wowproductimages/large/197400.jpg",
    "source_id": "Woolworths - 197400",
    "barcode": "9349506002431",
    "category_id": "1_2432B58",
    "shop": "Woolworths",
    "weight": "100ML",
    "prices": [
      {
        "state": "VIC",
        "price": "590",
        "price_per_unit": "197",
        "price_unit": "ML"
      },
      {
        "state": "ACT",
        "price": "590",
        "price_per_unit": "197",
        "price_unit": "ML"
      },
      {
        "state": "NT",
        "price": "590",
        "price_per_unit": "197",
        "price_unit": "ML"
      }
    ]
  },
  {
    "source_url": "https://www.woolworths.com.au/shop/productdetails/716812/britex-odour-blaster",
    "name": "Britex Odour Blaster 500ml",
    "image_url": "https://cdn1.woolworths.media/content/wowproductimages/large/716812.jpg",
    "source_id": "Woolworths - 716812",
    "barcode": "9331562000902",
    "category_id": "1_2432B58",
    "shop": "Woolworths",
    "weight": "100ML",
    "prices": [
      {
        "state": "TAS",
        "price": "1500",
        "price_per_unit": "300",
        "price_unit": "ML"
      },
      {
        "state": "NT",
        "price": "1500",
        "price_per_unit": "300",
        "price_unit": "ML"
      }
    ]
  },
  {
    "source_url": "https://www.woolworths.com.au/shop/productdetails/716768/britex-spot-n-stain-remover",
    "name": "Britex Spot n Stain Remover 500ml",
    "image_url": "https://cdn1.woolworths.media/content/wowproductimages/large/716768.jpg",
    "source_id": "Woolworths - 716768",
    "barcode": "9331562000803",
    "category_id": "1_2432B58",
    "shop": "Woolworths",
    "weight": "100ML",
    "prices": [
      {
        "state": "TAS",
        "price": "1000",
        "price_per_unit": "200",
        "price_unit": "ML"
      },
      {
        "state": "NT",
        "price": "1000",
        "price_per_unit": "200",
        "price_unit": "ML"
      }
    ]
  },
  {
    "source_url": "https://www.woolworths.com.au/shop/productdetails/716798/britex-urine-remover",
    "name": "Britex Urine Remover 500ml",
    "image_url": "https://cdn1.woolworths.media/content/wowproductimages/large/716798.jpg",
    "source_id": "Woolworths - 716798",
    "barcode": "9331562000704",
    "category_id": "1_2432B58",
    "shop": "Woolworths",
    "weight": "100ML",
    "prices": [
      {
        "state": "TAS",
        "price": "1500",
        "price_per_unit": "300",
        "price_unit": "ML"
      },
      {
        "state": "NT",
        "price": "1500",
        "price_per_unit": "300",
        "price_unit": "ML"
      }
    ]
  },
  {
    "source_url": "https://www.woolworths.com.au/shop/productdetails/703745/black-decker-16wh-4-in-1-dustbuster",
    "name": "BLACK + DECKER 16Wh 4 In 1 Dustbuster Each",
    "image_url": "https://cdn1.woolworths.media/content/wowproductimages/large/703745.jpg",
    "source_id": "Woolworths - 703745",
    "barcode": "5035048677605",
    "category_id": "1_2432B58",
    "shop": "Woolworths",
    "weight": "0",
    "prices": [
      {
        "state": "NT",
        "price": "7900",
        "price_per_unit": null,
        "price_unit": ""
      }
    ]
  },
  {
    "source_url": "https://www.woolworths.com.au/shop/productdetails/920576/black-decker-3-6v-lithium-dustbuster",
    "name": "BLACK + DECKER 3.6V Lithium Dustbuster each",
    "image_url": "https://cdn1.woolworths.media/content/wowproductimages/large/920576.jpg",
    "source_id": "Woolworths - 920576",
    "barcode": "5035048698013",
    "category_id": "1_2432B58",
    "shop": "Woolworths",
    "weight": "0",
    "prices": [
      {
        "state": "NT",
        "price": "4900",
        "price_per_unit": null,
        "price_unit": ""
      }
    ]
  },
  {
    "source_url": "https://www.woolworths.com.au/shop/productdetails/67191/black-decker-bagless-vacuum-cleaner-1380w",
    "name": "BLACK + DECKER Bagless Vacuum Cleaner 1380W Each",
    "image_url": "https://cdn1.woolworths.media/content/wowproductimages/large/067191.jpg",
    "source_id": "Woolworths - 67191",
    "barcode": "5054905281120",
    "category_id": "1_2432B58",
    "shop": "Woolworths",
    "weight": "0",
    "prices": [
      {
        "state": "NT",
        "price": "7900",
        "price_per_unit": null,
        "price_unit": ""
      }
    ]
  },
  {
    "source_url": "https://www.woolworths.com.au/shop/productdetails/68848/black-decker-steam-mop-1300w",
    "name": "BLACK + DECKER Steam Mop 1300W Each",
    "image_url": "https://cdn1.woolworths.media/content/wowproductimages/large/068848.jpg",
    "source_id": "Woolworths - 68848",
    "barcode": "5035048665985",
    "category_id": "1_2432B58",
    "shop": "Woolworths",
    "weight": "0",
    "prices": [
      {
        "state": "NT",
        "price": "8500",
        "price_per_unit": null,
        "price_unit": ""
      }
    ]
  },
  {
    "source_url": "https://www.woolworths.com.au/shop/productdetails/215704/britex-carpet-upholstery-wipes",
    "name": "Britex Carpet & Upholstery Wipes 20 Pack",
    "image_url": "https://cdn1.woolworths.media/content/wowproductimages/large/215704.jpg",
    "source_id": "Woolworths - 215704",
    "barcode": "9331562001701",
    "category_id": "1_2432B58",
    "shop": "Woolworths",
    "weight": "1EA",
    "prices": [
      {
        "state": "NT",
        "price": "700",
        "price_per_unit": "35",
        "price_unit": "EA"
      }
    ]
  },
  {
    "source_url": "https://www.woolworths.com.au/shop/productdetails/313271/mistral-cordless-handstick-vacuum-cleaner",
    "name": "Mistral Cordless Handstick Vacuum Cleaner Each",
    "image_url": "https://cdn1.woolworths.media/content/wowproductimages/large/313271.jpg",
    "source_id": "Woolworths - 313271",
    "barcode": "9311106558007",
    "category_id": "1_2432B58",
    "shop": "Woolworths",
    "weight": "0",
    "prices": [
      {
        "state": "NT",
        "price": "12900",
        "price_per_unit": null,
        "price_unit": ""
      }
    ]
  }
]