[
  {
    "source_url": "https://www.woolworths.com.au/shop/productdetails/584927/perfection-fresh-cherry-tomatoes-loose-red-cherry",
    "name": "Cherry Tomatoes Loose Red Cherry Each",
    "image_url": "https://cdn1.woolworths.media/content/wowproductimages/large/584927.jpg",
    "source_id": "Woolworths - 584927",
    "barcode": "0262836000009",
    "shop": "Woolworths",
    "weight": "1EA",
    "prices": [
      {
        "state": "NSW",
        "price": "26",
        "price_per_unit": "26",
        "price_unit": "EA"
      },
      {
        "state": "VIC",
        "price": "26",
        "price_per_unit": "26",
        "price_unit": "EA"
      },
      {
        "state": "SA",
        "price": "26",
        "price_per_unit": "26",
        "price_unit": "EA"
      },
      {
        "state": "ACT",
        "price": "26",
        "price_per_unit": "26",
        "price_unit": "EA"
      }
    ]
  },
  {
    "source_url": "https://www.woolworths.com.au/shop/productdetails/134034/fresh-tomato",
    "name": "Fresh Tomato Each",
    "image_url": "https://cdn1.woolworths.media/content/wowproductimages/large/134034.jpg",
    "source_id": "Woolworths - 134034",
    "barcode": "0263151000002",
    "shop": "Woolworths",
    "weight": "1EA",
    "prices": [
      {
        "state": "NSW",
        "price": "65",
        "price_per_unit": "65",
        "price_unit": "EA"
      },
      {
        "state": "VIC",
        "price": "33",
        "price_per_unit": "33",
        "price_unit": "EA"
      },
      {
        "state": "QLD",
        "price": "65",
        "price_per_unit": "65",
        "price_unit": "EA"
      },
      {
        "state": "WA",
        "price": "65",
        "price_per_unit": "65",
        "price_unit": "EA"
      },
      {
        "state": "SA",
        "price": "65",
        "price_per_unit": "65",
        "price_unit": "EA"
      },
      {
        "state": "TAS",
        "price": "54",
        "price_per_unit": "54",
        "price_unit": "EA"
      },
      {
        "state": "ACT",
        "price": "54",
        "price_per_unit": "54",
        "price_unit": "EA"
      },
      {
        "state": "NT",
        "price": "54",
        "price_per_unit": "54",
        "price_unit": "EA"
      }
    ]
  },
  {
    "source_url": "https://www.woolworths.com.au/shop/productdetails/584925/perfection-fresh-grape-kumato-loose",
    "name": "Grape Kumato Loose Each",
    "image_url": "https://cdn1.woolworths.media/content/wowproductimages/large/584925.jpg",
    "source_id": "Woolworths - 584925",
    "barcode": "0268154000004",
    "shop": "Woolworths",
    "weight": "1EA",
    "prices": [
      null
    ]
  },
  {
    "source_url": "https://www.woolworths.com.au/shop/productdetails/584928/perfection-fresh-grape-tomato-golden",
    "name": "Grape Tomato Golden Each",
    "image_url": "https://cdn1.woolworths.media/content/wowproductimages/large/584928.jpg",
    "source_id": "Woolworths - 584928",
    "barcode": "0267341000001",
    "shop": "Woolworths",
    "weight": "1EA",
    "prices": [
      {
        "state": "NSW",
        "price": "18",
        "price_per_unit": "18",
        "price_unit": "EA"
      },
      null
    ]
  },
  {
    "source_url": "https://www.woolworths.com.au/shop/productdetails/768759/macro-gourmet-organic",
    "name": "Macro Gourmet Organic 400g Punnet",
    "image_url": "https://cdn1.woolworths.media/content/wowproductimages/large/768759.jpg",
    "source_id": "Woolworths - 768759",
    "barcode": "9300633450212",
    "shop": "Woolworths",
    "weight": "1KG",
    "prices": [
      {
        "state": "NSW",
        "price": "490",
        "price_per_unit": "1225",
        "price_unit": "KG"
      },
      {
        "state": "VIC",
        "price": "490",
        "price_per_unit": "1225",
        "price_unit": "KG"
      },
      {
        "state": "QLD",
        "price": "490",
        "price_per_unit": "1225",
        "price_unit": "KG"
      },
      {
        "state": "WA",
        "price": "490",
        "price_per_unit": "1225",
        "price_unit": "KG"
      },
      {
        "state": "SA",
        "price": "490",
        "price_per_unit": "1225",
        "price_unit": "KG"
      },
      null,
      null,
      {
        "state": "NT",
        "price": "490",
        "price_per_unit": "1225",
        "price_unit": "KG"
      }
    ]
  },
  {
    "source_url": "https://www.woolworths.com.au/shop/productdetails/166144/mini-roma-tomato",
    "name": "Mini-Roma Tomato 250g Punnet",
    "image_url": "https://cdn1.woolworths.media/content/wowproductimages/large/166144.jpg",
    "source_id": "Woolworths - 166144",
    "barcode": "9300633049515",
    "shop": "Woolworths",
    "weight": "1KG",
    "prices": [
      {
        "state": "NSW",
        "price": "350",
        "price_per_unit": "1400",
        "price_unit": "KG"
      },
      {
        "state": "VIC",
        "price": "350",
        "price_per_unit": "1400",
        "price_unit": "KG"
      },
      {
        "state": "QLD",
        "price": "350",
        "price_per_unit": "1400",
        "price_unit": "KG"
      },
      {
        "state": "WA",
        "price": "350",
        "price_per_unit": "1400",
        "price_unit": "KG"
      },
      {
        "state": "SA",
        "price": "350",
        "price_per_unit": "1400",
        "price_unit": "KG"
      },
      null,
      {
        "state": "ACT",
        "price": "350",
        "price_per_unit": "1400",
        "price_unit": "KG"
      },
      null
    ]
  },
  {
    "source_url": "https://www.woolworths.com.au/shop/productdetails/346757/oxheart-tomato",
    "name": "Oxheart Tomato Per Kg",
    "image_url": "https://cdn1.woolworths.media/content/wowproductimages/large/346757.jpg",
    "source_id": "Woolworths - 346757",
    "barcode": "0267919000006",
    "shop": "Woolworths",
    "weight": "1KG",
    "prices": [
      {
        "state": "ACT",
        "price": "790",
        "price_per_unit": "790",
        "price_unit": "KG"
      }
    ]
  },
  {
    "source_url": "https://www.woolworths.com.au/shop/productdetails/663649/perfection-kumato-tomato-punnet",
    "name": "Perfection Kumato Tomato Punnet 300g",
    "image_url": "https://cdn1.woolworths.media/content/wowproductimages/large/663649.jpg",
    "source_id": "Woolworths - 663649",
    "barcode": "9317948008366",
    "shop": "Woolworths",
    "weight": "1KG",
    "prices": [
      {
        "state": "NSW",
        "price": "490",
        "price_per_unit": "1633",
        "price_unit": "KG"
      },
      {
        "state": "VIC",
        "price": "390",
        "price_per_unit": "1300",
        "price_unit": "KG"
      },
      {
        "state": "QLD",
        "price": "490",
        "price_per_unit": "1633",
        "price_unit": "KG"
      },
      {
        "state": "WA",
        "price": "490",
        "price_per_unit": "1633",
        "price_unit": "KG"
      },
      {
        "state": "TAS",
        "price": "490",
        "price_per_unit": "1633",
        "price_unit": "KG"
      },
      {
        "state": "ACT",
        "price": "390",
        "price_per_unit": "1300",
        "price_unit": "KG"
      },
      {
        "state": "NT",
        "price": "390",
        "price_per_unit": "1300",
        "price_unit": "KG"
      }
    ]
  },
  {
    "source_url": "https://www.woolworths.com.au/shop/productdetails/61078/perfection-mix-a-mato-mini-tomatoes",
    "name": "Perfection Mix-a-Mato Mini Tomatoes 320g",
    "image_url": "https://cdn1.woolworths.media/content/wowproductimages/large/061078.jpg",
    "source_id": "Woolworths - 61078",
    "barcode": "9317948009271",
    "shop": "Woolworths",
    "weight": "1KG",
    "prices": [
      null,
      null
    ]
  },
  {
    "source_url": "https://www.woolworths.com.au/shop/productdetails/285761/perfection-romatherapy-baby-roma-tomato",
    "name": "Perfection Romatherapy Baby Roma Tomato 250g Punnet",
    "image_url": "https://cdn1.woolworths.media/content/wowproductimages/large/285761.jpg",
    "source_id": "Woolworths - 285761",
    "barcode": "9300633064372",
    "shop": "Woolworths",
    "weight": "1KG",
    "prices": [
      {
        "state": "NSW",
        "price": "490",
        "price_per_unit": "1960",
        "price_unit": "KG"
      },
      {
        "state": "VIC",
        "price": "490",
        "price_per_unit": "1960",
        "price_unit": "KG"
      },
      {
        "state": "QLD",
        "price": "490",
        "price_per_unit": "1960",
        "price_unit": "KG"
      },
      {
        "state": "WA",
        "price": "490",
        "price_per_unit": "1960",
        "price_unit": "KG"
      },
      {
        "state": "SA",
        "price": "490",
        "price_per_unit": "1960",
        "price_unit": "KG"
      },
      null,
      {
        "state": "ACT",
        "price": "490",
        "price_per_unit": "1960",
        "price_unit": "KG"
      },
      {
        "state": "NT",
        "price": "490",
        "price_per_unit": "1960",
        "price_unit": "KG"
      }
    ]
  },
  {
    "source_url": "https://www.woolworths.com.au/shop/productdetails/298577/ruby-burst-snacking-tomatoes-punnet",
    "name": "Ruby Burst Snacking Tomatoes Punnet 150g",
    "image_url": "https://cdn1.woolworths.media/content/wowproductimages/large/298577.jpg",
    "source_id": "Woolworths - 298577",
    "barcode": "9317948012202",
    "shop": "Woolworths",
    "weight": "1KG",
    "prices": [
      null
    ]
  },
  {
    "source_url": "https://www.woolworths.com.au/shop/productdetails/759911/select-gourmet-tomatoes",
    "name": "Select Gourmet Tomatoes 480g Punnet",
    "image_url": "https://cdn1.woolworths.media/content/wowproductimages/large/759911.jpg",
    "source_id": "Woolworths - 759911",
    "barcode": "9300633424091",
    "shop": "Woolworths",
    "weight": "1KG",
    "prices": [
      {
        "state": "NSW",
        "price": "450",
        "price_per_unit": "938",
        "price_unit": "KG"
      },
      {
        "state": "VIC",
        "price": "300",
        "price_per_unit": "625",
        "price_unit": "KG"
      },
      {
        "state": "QLD",
        "price": "450",
        "price_per_unit": "938",
        "price_unit": "KG"
      },
      {
        "state": "WA",
        "price": "450",
        "price_per_unit": "938",
        "price_unit": "KG"
      },
      {
        "state": "SA",
        "price": "450",
        "price_per_unit": "938",
        "price_unit": "KG"
      },
      {
        "state": "TAS",
        "price": "390",
        "price_per_unit": "813",
        "price_unit": "KG"
      },
      {
        "state": "ACT",
        "price": "390",
        "price_per_unit": "813",
        "price_unit": "KG"
      },
      {
        "state": "NT",
        "price": "390",
        "price_per_unit": "813",
        "price_unit": "KG"
      }
    ]
  },
  {
    "source_url": "https://www.woolworths.com.au/shop/productdetails/6002729/sweet-delight-tomatoes",
    "name": "Sweet Delight Tomatoes 200g",
    "image_url": "https://cdn1.woolworths.media/content/wowproductimages/large/6002729.jpg",
    "source_id": "Woolworths - 6002729",
    "barcode": "9340964000205",
    "shop": "Woolworths",
    "weight": "1KG",
    "prices": [
      {
        "state": "NSW",
        "price": "400",
        "price_per_unit": "2000",
        "price_unit": "KG"
      },
      {
        "state": "VIC",
        "price": "400",
        "price_per_unit": "2000",
        "price_unit": "KG"
      },
      {
        "state": "QLD",
        "price": "400",
        "price_per_unit": "2000",
        "price_unit": "KG"
      },
      {
        "state": "WA",
        "price": "400",
        "price_per_unit": "2000",
        "price_unit": "KG"
      },
      {
        "state": "SA",
        "price": "400",
        "price_per_unit": "2000",
        "price_unit": "KG"
      },
      null,
      {
        "state": "ACT",
        "price": "400",
        "price_per_unit": "2000",
        "price_unit": "KG"
      },
      {
        "state": "NT",
        "price": "400",
        "price_per_unit": "2000",
        "price_unit": "KG"
      }
    ]
  },
  {
    "source_url": "https://www.woolworths.com.au/shop/productdetails/665587/the-odd-bunch-tasty-snacking-tomato",
    "name": "The Odd Bunch Tasty Snacking Tomato 350g",
    "image_url": "https://cdn1.woolworths.media/content/wowproductimages/large/665587.jpg",
    "source_id": "Woolworths - 665587",
    "barcode": "9339687019410",
    "shop": "Woolworths",
    "weight": "1KG",
    "prices": [
      null,
      null
    ]
  },
  {
    "source_url": "https://www.woolworths.com.au/shop/productdetails/725063/tomato-kumato-tomato-loose-kumato-loose",
    "name": "Tomato Loose Kumato Loose Each",
    "image_url": "https://cdn1.woolworths.media/content/wowproductimages/large/725063.jpg",
    "source_id": "Woolworths - 725063",
    "barcode": "0260888000008",
    "shop": "Woolworths",
    "weight": "1EA",
    "prices": [
      {
        "state": "NSW",
        "price": "90",
        "price_per_unit": "90",
        "price_unit": "EA"
      },
      {
        "state": "VIC",
        "price": "90",
        "price_per_unit": "90",
        "price_unit": "EA"
      },
      {
        "state": "SA",
        "price": "90",
        "price_per_unit": "90",
        "price_unit": "EA"
      },
      {
        "state": "ACT",
        "price": "90",
        "price_per_unit": "90",
        "price_unit": "EA"
      }
    ]
  },
  {
    "source_url": "https://www.woolworths.com.au/shop/productdetails/163364/tomato-loose-vine-ripened-vine-ripened",
    "name": "Tomato Loose Vine Ripened Vine Ripened Each",
    "image_url": "https://cdn1.woolworths.media/content/wowproductimages/large/163364.jpg",
    "source_id": "Woolworths - 163364",
    "barcode": "0265934000001",
    "shop": "Woolworths",
    "weight": "1EA",
    "prices": [
      {
        "state": "NSW",
        "price": "56",
        "price_per_unit": "56",
        "price_unit": "EA"
      },
      {
        "state": "SA",
        "price": "56",
        "price_per_unit": "56",
        "price_unit": "EA"
      },
      {
        "state": "ACT",
        "price": "56",
        "price_per_unit": "56",
        "price_unit": "EA"
      }
    ]
  },
  {
    "source_url": "https://www.woolworths.com.au/shop/productdetails/149864/tomato-roma-red",
    "name": "Tomato Roma Red Each",
    "image_url": "https://cdn1.woolworths.media/content/wowproductimages/large/149864.jpg",
    "source_id": "Woolworths - 149864",
    "barcode": "0264087000005",
    "shop": "Woolworths",
    "weight": "1EA",
    "prices": [
      {
        "state": "NSW",
        "price": "53",
        "price_per_unit": "53",
        "price_unit": "EA"
      },
      {
        "state": "VIC",
        "price": "53",
        "price_per_unit": "53",
        "price_unit": "EA"
      },
      {
        "state": "QLD",
        "price": "53",
        "price_per_unit": "53",
        "price_unit": "EA"
      },
      {
        "state": "WA",
        "price": "53",
        "price_per_unit": "53",
        "price_unit": "EA"
      },
      {
        "state": "SA",
        "price": "53",
        "price_per_unit": "53",
        "price_unit": "EA"
      },
      {
        "state": "TAS",
        "price": "53",
        "price_per_unit": "53",
        "price_unit": "EA"
      },
      {
        "state": "ACT",
        "price": "53",
        "price_per_unit": "53",
        "price_unit": "EA"
      },
      null
    ]
  },
  {
    "source_url": "https://www.woolworths.com.au/shop/productdetails/136258/tomberry-tomatoes",
    "name": "Tomberry Tomatoes 125g",
    "image_url": "https://cdn1.woolworths.media/content/wowproductimages/large/136258.jpg",
    "source_id": "Woolworths - 136258",
    "barcode": "9369998048229",
    "shop": "Woolworths",
    "weight": "1KG",
    "prices": [
      {
        "state": "NSW",
        "price": "390",
        "price_per_unit": "3120",
        "price_unit": "KG"
      },
      {
        "state": "VIC",
        "price": "390",
        "price_per_unit": "3120",
        "price_unit": "KG"
      },
      {
        "state": "QLD",
        "price": "390",
        "price_per_unit": "3120",
        "price_unit": "KG"
      },
      {
        "state": "WA",
        "price": "390",
        "price_per_unit": "3120",
        "price_unit": "KG"
      },
      {
        "state": "TAS",
        "price": "390",
        "price_per_unit": "3120",
        "price_unit": "KG"
      },
      null,
      {
        "state": "NT",
        "price": "390",
        "price_per_unit": "3120",
        "price_unit": "KG"
      }
    ]
  },
  {
    "source_url": "https://www.woolworths.com.au/shop/productdetails/169438/truss-tomatoes",
    "name": "Truss Tomatoes Each",
    "image_url": "https://cdn1.woolworths.media/content/wowproductimages/large/169438.jpg",
    "source_id": "Woolworths - 169438",
    "barcode": "0264664000008",
    "shop": "Woolworths",
    "weight": "1EA",
    "prices": [
      {
        "state": "NSW",
        "price": "41",
        "price_per_unit": "41",
        "price_unit": "EA"
      },
      {
        "state": "VIC",
        "price": "55",
        "price_per_unit": "55",
        "price_unit": "EA"
      },
      {
        "state": "QLD",
        "price": "41",
        "price_per_unit": "41",
        "price_unit": "EA"
      },
      {
        "state": "WA",
        "price": "41",
        "price_per_unit": "41",
        "price_unit": "EA"
      },
      {
        "state": "SA",
        "price": "41",
        "price_per_unit": "41",
        "price_unit": "EA"
      },
      {
        "state": "TAS",
        "price": "69",
        "price_per_unit": "69",
        "price_unit": "EA"
      },
      {
        "state": "ACT",
        "price": "69",
        "price_per_unit": "69",
        "price_unit": "EA"
      },
      {
        "state": "NT",
        "price": "69",
        "price_per_unit": "69",
        "price_unit": "EA"
      }
    ]
  },
  {
    "source_url": "https://www.woolworths.com.au/shop/productdetails/149620/woolworths-cherry-tomatoes-punnet",
    "name": "Woolworths Cherry Tomatoes Punnet 250g",
    "image_url": "https://cdn1.woolworths.media/content/wowproductimages/large/149620.jpg",
    "source_id": "Woolworths - 149620",
    "barcode": "9300633607333",
    "shop": "Woolworths",
    "weight": "1KG",
    "prices": [
      {
        "state": "NSW",
        "price": "290",
        "price_per_unit": "1160",
        "price_unit": "KG"
      },
      {
        "state": "VIC",
        "price": "300",
        "price_per_unit": "1200",
        "price_unit": "KG"
      },
      {
        "state": "QLD",
        "price": "290",
        "price_per_unit": "1160",
        "price_unit": "KG"
      },
      {
        "state": "WA",
        "price": "290",
        "price_per_unit": "1160",
        "price_unit": "KG"
      },
      {
        "state": "SA",
        "price": "250",
        "price_per_unit": "1000",
        "price_unit": "KG"
      },
      {
        "state": "TAS",
        "price": "250",
        "price_per_unit": "1000",
        "price_unit": "KG"
      },
      {
        "state": "ACT",
        "price": "300",
        "price_per_unit": "1200",
        "price_unit": "KG"
      },
      {
        "state": "NT",
        "price": "300",
        "price_per_unit": "1200",
        "price_unit": "KG"
      }
    ]
  },
  {
    "source_url": "https://www.woolworths.com.au/shop/productdetails/760007/woolworths-roma-tomato",
    "name": "Woolworths Roma Tomato 480g Punnet",
    "image_url": "https://cdn1.woolworths.media/content/wowproductimages/large/760007.jpg",
    "source_id": "Woolworths - 760007",
    "barcode": "9300633429713",
    "shop": "Woolworths",
    "weight": "1KG",
    "prices": [
      {
        "state": "NSW",
        "price": "450",
        "price_per_unit": "938",
        "price_unit": "KG"
      },
      {
        "state": "VIC",
        "price": "450",
        "price_per_unit": "938",
        "price_unit": "KG"
      },
      {
        "state": "QLD",
        "price": "450",
        "price_per_unit": "938",
        "price_unit": "KG"
      },
      {
        "state": "WA",
        "price": "450",
        "price_per_unit": "938",
        "price_unit": "KG"
      },
      {
        "state": "TAS",
        "price": "450",
        "price_per_unit": "938",
        "price_unit": "KG"
      },
      {
        "state": "ACT",
        "price": "450",
        "price_per_unit": "938",
        "price_unit": "KG"
      },
      {
        "state": "NT",
        "price": "450",
        "price_per_unit": "938",
        "price_unit": "KG"
      }
    ]
  },
  {
    "source_url": "https://www.woolworths.com.au/shop/productdetails/143123/woolworths-tomato-grape",
    "name": "Woolworths Tomato Grape 200g Punnet",
    "image_url": "https://cdn1.woolworths.media/content/wowproductimages/large/143123.jpg",
    "source_id": "Woolworths - 143123",
    "barcode": "9359918000024",
    "shop": "Woolworths",
    "weight": "1KG",
    "prices": [
      {
        "state": "NSW",
        "price": "350",
        "price_per_unit": "1750",
        "price_unit": "KG"
      },
      {
        "state": "VIC",
        "price": "300",
        "price_per_unit": "1500",
        "price_unit": "KG"
      },
      {
        "state": "QLD",
        "price": "350",
        "price_per_unit": "1750",
        "price_unit": "KG"
      },
      {
        "state": "WA",
        "price": "350",
        "price_per_unit": "1750",
        "price_unit": "KG"
      },
      {
        "state": "ACT",
        "price": "350",
        "price_per_unit": "1750",
        "price_unit": "KG"
      },
      null
    ]
  },
  {
    "source_url": "https://www.woolworths.com.au/shop/productdetails/196442/woolworths-tomato-truss",
    "name": "Woolworths Tomato Truss 500g Punnet",
    "image_url": "https://cdn1.woolworths.media/content/wowproductimages/large/196442.jpg",
    "source_id": "Woolworths - 196442",
    "barcode": "9300633014735",
    "shop": "Woolworths",
    "weight": "1KG",
    "prices": [
      {
        "state": "NSW",
        "price": "270",
        "price_per_unit": "540",
        "price_unit": "KG"
      },
      {
        "state": "VIC",
        "price": "350",
        "price_per_unit": "700",
        "price_unit": "KG"
      },
      {
        "state": "QLD",
        "price": "270",
        "price_per_unit": "540",
        "price_unit": "KG"
      },
      {
        "state": "WA",
        "price": "270",
        "price_per_unit": "540",
        "price_unit": "KG"
      },
      {
        "state": "SA",
        "price": "270",
        "price_per_unit": "540",
        "price_unit": "KG"
      },
      {
        "state": "TAS",
        "price": "350",
        "price_per_unit": "700",
        "price_unit": "KG"
      },
      {
        "state": "ACT",
        "price": "350",
        "price_per_unit": "700",
        "price_unit": "KG"
      },
      {
        "state": "NT",
        "price": "350",
        "price_per_unit": "700",
        "price_unit": "KG"
      }
    ]
  },
  {
    "source_url": "https://www.woolworths.com.au/shop/productdetails/747009/woolworths-truss-cocktail-tomato-punnet",
    "name": "Woolworths Truss Cocktail Tomato Punnet 250g",
    "image_url": "https://cdn1.woolworths.media/content/wowproductimages/large/747009.jpg",
    "source_id": "Woolworths - 747009",
    "barcode": "9300633375645",
    "shop": "Woolworths",
    "weight": "1KG",
    "prices": [
      {
        "state": "NSW",
        "price": "400",
        "price_per_unit": "1600",
        "price_unit": "KG"
      },
      {
        "state": "VIC",
        "price": "350",
        "price_per_unit": "1400",
        "price_unit": "KG"
      },
      {
        "state": "QLD",
        "price": "400",
        "price_per_unit": "1600",
        "price_unit": "KG"
      },
      {
        "state": "WA",
        "price": "400",
        "price_per_unit": "1600",
        "price_unit": "KG"
      },
      {
        "state": "SA",
        "price": "450",
        "price_per_unit": "1800",
        "price_unit": "KG"
      },
      null,
      {
        "state": "ACT",
        "price": "250",
        "price_per_unit": "1000",
        "price_unit": "KG"
      },
      {
        "state": "NT",
        "price": "250",
        "price_per_unit": "1000",
        "price_unit": "KG"
      }
    ]
  },
  {
    "source_url": "https://www.woolworths.com.au/shop/productdetails/143730/woolworths-gourmet-tomatoes-punnet",
    "name": "Woolworths Gourmet Tomatoes Punnet 1kg",
    "image_url": "https://cdn1.woolworths.media/content/wowproductimages/large/143730.jpg",
    "source_id": "Woolworths - 143730",
    "barcode": "9300633620103",
    "shop": "Woolworths",
    "weight": "1KG",
    "prices": [
      {
        "state": "VIC",
        "price": "350",
        "price_per_unit": "350",
        "price_unit": "KG"
      },
      {
        "state": "QLD",
        "price": "570",
        "price_per_unit": "570",
        "price_unit": "KG"
      },
      {
        "state": "WA",
        "price": "570",
        "price_per_unit": "570",
        "price_unit": "KG"
      },
      {
        "state": "SA",
        "price": "570",
        "price_per_unit": "570",
        "price_unit": "KG"
      },
      {
        "state": "TAS",
        "price": "490",
        "price_per_unit": "490",
        "price_unit": "KG"
      },
      {
        "state": "ACT",
        "price": "490",
        "price_per_unit": "490",
        "price_unit": "KG"
      },
      {
        "state": "NT",
        "price": "490",
        "price_per_unit": "490",
        "price_unit": "KG"
      }
    ]
  },
  {
    "source_url": "https://www.woolworths.com.au/shop/productdetails/315645/perfection-kumato-grape-tomato",
    "name": "Perfection Kumato Grape Tomato 200g Punnet",
    "image_url": "https://cdn1.woolworths.media/content/wowproductimages/large/315645.jpg",
    "source_id": "Woolworths - 315645",
    "barcode": "9329294000055",
    "shop": "Woolworths",
    "weight": "1KG",
    "prices": [
      null
    ]
  },
  {
    "source_url": "https://www.woolworths.com.au/shop/productdetails/699902/woolworths-truss-tomatoes-vine-ripened-punnet",
    "name": "Woolworths Truss Tomatoes Vine Ripened Punnet 500g",
    "image_url": "https://cdn1.woolworths.media/content/wowproductimages/large/699902.jpg",
    "source_id": "Woolworths - 699902",
    "barcode": "9339687057856",
    "shop": "Woolworths",
    "weight": "1KG",
    "prices": [
      null
    ]
  },
  {
    "source_url": "https://www.woolworths.com.au/shop/productdetails/71255/munchkin-snacking-tomatoes",
    "name": "Munchkin Snacking Tomatoes 400g",
    "image_url": "https://cdn1.woolworths.media/content/wowproductimages/large/071255.jpg",
    "source_id": "Woolworths - 71255",
    "barcode": "9317948009363",
    "shop": "Woolworths",
    "weight": "1KG",
    "prices": [
      null
    ]
  },
  {
    "source_url": "https://www.woolworths.com.au/shop/productdetails/727144/woolworths-sweet-solanato-tomato-punnet-punnet",
    "name": "Woolworths Sweet Solanato Tomato Punnet Punnet 200g",
    "image_url": "https://cdn1.woolworths.media/content/wowproductimages/large/727144.jpg",
    "source_id": "Woolworths - 727144",
    "barcode": "9300633317621",
    "shop": "Woolworths",
    "weight": "1KG",
    "prices": [
      {
        "state": "TAS",
        "price": "400",
        "price_per_unit": "2000",
        "price_unit": "KG"
      }
    ]
  }
]