[
  {
    "source_url": "https://www.woolworths.com.au/shop/productdetails/669459/birch-waite-belgian-chocolate-dessert-sauce",
    "name": "Birch & Waite Belgian Chocolate Dessert Sauce 130g",
    "image_url": "https://cdn1.woolworths.media/content/wowproductimages/large/669459.jpg",
    "source_id": "Woolworths - 669459",
    "barcode": "93552905",
    "shop": "Woolworths",
    "weight": "1KG",
    "prices": [
      {
        "state": "NSW",
        "price": "330",
        "price_per_unit": "2538",
        "price_unit": "KG"
      },
      {
        "state": "VIC",
        "price": "330",
        "price_per_unit": "2538",
        "price_unit": "KG"
      },
      {
        "state": "QLD",
        "price": "330",
        "price_per_unit": "2538",
        "price_unit": "KG"
      },
      {
        "state": "WA",
        "price": "330",
        "price_per_unit": "2538",
        "price_unit": "KG"
      },
      {
        "state": "SA",
        "price": "330",
        "price_per_unit": "2538",
        "price_unit": "KG"
      },
      {
        "state": "TAS",
        "price": "330",
        "price_per_unit": "2538",
        "price_unit": "KG"
      },
      {
        "state": "TAS",
        "price": "330",
        "price_per_unit": "2538",
        "price_unit": "KG"
      },
      {
        "state": "ACT",
        "price": "330",
        "price_per_unit": "2538",
        "price_unit": "KG"
      },
      {
        "state": "ACT",
        "price": "330",
        "price_per_unit": "2538",
        "price_unit": "KG"
      },
      {
        "state": "NT",
        "price": "330",
        "price_per_unit": "2538",
        "price_unit": "KG"
      },
      {
        "state": "NT",
        "price": "330",
        "price_per_unit": "2538",
        "price_unit": "KG"
      }
    ]
  },
  {
    "source_url": "https://www.woolworths.com.au/shop/productdetails/80815/berry-blackberries",
    "name": "Blackberries 170g Punnet",
    "image_url": "https://cdn1.woolworths.media/content/wowproductimages/large/080815.jpg",
    "source_id": "Woolworths - 80815",
    "barcode": "9342373000296",
    "shop": "Woolworths",
    "weight": "1KG",
    "prices": [
      {
        "state": "NSW",
        "price": "500",
        "price_per_unit": "2941",
        "price_unit": "KG"
      },
      {
        "state": "VIC",
        "price": "500",
        "price_per_unit": "2941",
        "price_unit": "KG"
      },
      {
        "state": "QLD",
        "price": "500",
        "price_per_unit": "2941",
        "price_unit": "KG"
      },
      {
        "state": "WA",
        "price": "500",
        "price_per_unit": "2941",
        "price_unit": "KG"
      },
      {
        "state": "ACT",
        "price": "500",
        "price_per_unit": "2941",
        "price_unit": "KG"
      }
    ]
  },
  {
    "source_url": "https://www.woolworths.com.au/shop/productdetails/53192/blueberry-blueberries-punnet",
    "name": "Blueberries Punnet 170g",
    "image_url": "https://cdn1.woolworths.media/content/wowproductimages/large/053192.jpg",
    "source_id": "Woolworths - 53192",
    "barcode": "9342373000203",
    "shop": "Woolworths",
    "weight": "1KG",
    "prices": [
      {
        "state": "NSW",
        "price": "250",
        "price_per_unit": "1471",
        "price_unit": "KG"
      },
      {
        "state": "VIC",
        "price": "250",
        "price_per_unit": "1471",
        "price_unit": "KG"
      },
      {
        "state": "QLD",
        "price": "250",
        "price_per_unit": "1471",
        "price_unit": "KG"
      },
      {
        "state": "WA",
        "price": "250",
        "price_per_unit": "1471",
        "price_unit": "KG"
      },
      {
        "state": "TAS",
        "price": "390",
        "price_per_unit": "2294",
        "price_unit": "KG"
      },
      {
        "state": "ACT",
        "price": "250",
        "price_per_unit": "1471",
        "price_unit": "KG"
      }
    ]
  },
  {
    "source_url": "https://www.woolworths.com.au/shop/productdetails/136103/fresh-cherries",
    "name": "Fresh Cherries Per Kg",
    "image_url": "https://cdn1.woolworths.media/content/wowproductimages/large/136103.jpg",
    "source_id": "Woolworths - 136103",
    "barcode": "0267051000001",
    "shop": "Woolworths",
    "weight": "1KG",
    "prices": [
      {
        "state": "NSW",
        "price": "1690",
        "price_per_unit": "1690",
        "price_unit": "KG"
      },
      {
        "state": "VIC",
        "price": "1690",
        "price_per_unit": "1690",
        "price_unit": "KG"
      },
      {
        "state": "QLD",
        "price": "1690",
        "price_per_unit": "1690",
        "price_unit": "KG"
      },
      {
        "state": "WA",
        "price": "1690",
        "price_per_unit": "1690",
        "price_unit": "KG"
      },
      {
        "state": "SA",
        "price": "1690",
        "price_per_unit": "1690",
        "price_unit": "KG"
      },
      {
        "state": "TAS",
        "price": "1590",
        "price_per_unit": "1590",
        "price_unit": "KG"
      },
      {
        "state": "ACT",
        "price": "1590",
        "price_per_unit": "1590",
        "price_unit": "KG"
      },
      {
        "state": "NT",
        "price": "1590",
        "price_per_unit": "1590",
        "price_unit": "KG"
      }
    ]
  },
  {
    "source_url": "https://www.woolworths.com.au/shop/productdetails/6003273/cherry-king-size-400g-king-size-cherries",
    "name": "King Size Cherries 400g",
    "image_url": "https://cdn1.woolworths.media/content/wowproductimages/large/6003273.jpg",
    "source_id": "Woolworths - 6003273",
    "barcode": "9341864000227",
    "shop": "Woolworths",
    "weight": "1KG",
    "prices": []
  },
  {
    "source_url": "https://www.woolworths.com.au/shop/productdetails/827719/driscoll-s-premium-blackberries-punnet",
    "name": "Premium Blackberries 125g Punnet",
    "image_url": "https://cdn1.woolworths.media/content/wowproductimages/large/827719.jpg",
    "source_id": "Woolworths - 827719",
    "barcode": "9342373004010",
    "shop": "Woolworths",
    "weight": "1KG",
    "prices": [
      {
        "state": "NSW",
        "price": "450",
        "price_per_unit": "3600",
        "price_unit": "KG"
      },
      {
        "state": "VIC",
        "price": "450",
        "price_per_unit": "3600",
        "price_unit": "KG"
      },
      {
        "state": "QLD",
        "price": "450",
        "price_per_unit": "3600",
        "price_unit": "KG"
      },
      {
        "state": "WA",
        "price": "450",
        "price_per_unit": "3600",
        "price_unit": "KG"
      },
      {
        "state": "ACT",
        "price": "550",
        "price_per_unit": "4400",
        "price_unit": "KG"
      }
    ]
  },
  {
    "source_url": "https://www.woolworths.com.au/shop/productdetails/659179/strawberry-premium-strawberries",
    "name": "Premium Strawberries 350g Punnet",
    "image_url": "https://cdn1.woolworths.media/content/wowproductimages/large/659179.jpg",
    "source_id": "Woolworths - 659179",
    "barcode": "9319453010025",
    "shop": "Woolworths",
    "weight": "1KG",
    "prices": [
      {
        "state": "QLD",
        "price": "490",
        "price_per_unit": "1400",
        "price_unit": "KG"
      },
      {
        "state": "WA",
        "price": "490",
        "price_per_unit": "1400",
        "price_unit": "KG"
      },
      null,
      null
    ]
  },
  {
    "source_url": "https://www.woolworths.com.au/shop/productdetails/195766/driscoll-s-raspberries-200g-family",
    "name": "Raspberries 200g Family Punnet",
    "image_url": "https://cdn1.woolworths.media/content/wowproductimages/large/195766.jpg",
    "source_id": "Woolworths - 195766",
    "barcode": "9342373000418",
    "shop": "Woolworths",
    "weight": "1KG",
    "prices": []
  },
  {
    "source_url": "https://www.woolworths.com.au/shop/productdetails/165262/driscoll-s-raspberries-punnet",
    "name": "Raspberries Punnet 125g",
    "image_url": "https://cdn1.woolworths.media/content/wowproductimages/large/165262.jpg",
    "source_id": "Woolworths - 165262",
    "barcode": "9317948008038",
    "shop": "Woolworths",
    "weight": "1KG",
    "prices": [
      {
        "state": "NSW",
        "price": "390",
        "price_per_unit": "3120",
        "price_unit": "KG"
      },
      {
        "state": "VIC",
        "price": "300",
        "price_per_unit": "2400",
        "price_unit": "KG"
      },
      {
        "state": "QLD",
        "price": "390",
        "price_per_unit": "3120",
        "price_unit": "KG"
      },
      {
        "state": "WA",
        "price": "390",
        "price_per_unit": "3120",
        "price_unit": "KG"
      },
      {
        "state": "SA",
        "price": "350",
        "price_per_unit": "2800",
        "price_unit": "KG"
      },
      {
        "state": "ACT",
        "price": "390",
        "price_per_unit": "3120",
        "price_unit": "KG"
      },
      {
        "state": "NT",
        "price": "350",
        "price_per_unit": "2800",
        "price_unit": "KG"
      }
    ]
  },
  {
    "source_url": "https://www.woolworths.com.au/shop/productdetails/453364/raspberries-punnet",
    "name": "Raspberries Punnet 170g",
    "image_url": "https://cdn1.woolworths.media/content/wowproductimages/large/453364.jpg",
    "source_id": "Woolworths - 453364",
    "barcode": "9342373000463",
    "shop": "Woolworths",
    "weight": "1KG",
    "prices": [
      {
        "state": "NSW",
        "price": "470",
        "price_per_unit": "2765",
        "price_unit": "KG"
      },
      {
        "state": "VIC",
        "price": "470",
        "price_per_unit": "2765",
        "price_unit": "KG"
      },
      {
        "state": "QLD",
        "price": "470",
        "price_per_unit": "2765",
        "price_unit": "KG"
      },
      {
        "state": "WA",
        "price": "470",
        "price_per_unit": "2765",
        "price_unit": "KG"
      },
      {
        "state": "ACT",
        "price": "450",
        "price_per_unit": "2647",
        "price_unit": "KG"
      }
    ]
  },
  {
    "source_url": "https://www.woolworths.com.au/shop/productdetails/144607/strawberries",
    "name": "Strawberries 250g Punnet",
    "image_url": "https://cdn1.woolworths.media/content/wowproductimages/large/144607.jpg",
    "source_id": "Woolworths - 144607",
    "barcode": "9300633026028",
    "shop": "Woolworths",
    "weight": "1KG",
    "prices": [
      {
        "state": "NSW",
        "price": "200",
        "price_per_unit": "800",
        "price_unit": "KG"
      },
      {
        "state": "VIC",
        "price": "230",
        "price_per_unit": "920",
        "price_unit": "KG"
      },
      {
        "state": "QLD",
        "price": "200",
        "price_per_unit": "800",
        "price_unit": "KG"
      },
      {
        "state": "WA",
        "price": "200",
        "price_per_unit": "800",
        "price_unit": "KG"
      },
      {
        "state": "SA",
        "price": "330",
        "price_per_unit": "1320",
        "price_unit": "KG"
      },
      {
        "state": "TAS",
        "price": "250",
        "price_per_unit": "1000",
        "price_unit": "KG"
      },
      {
        "state": "ACT",
        "price": "200",
        "price_per_unit": "800",
        "price_unit": "KG"
      },
      {
        "state": "NT",
        "price": "290",
        "price_per_unit": "1160",
        "price_unit": "KG"
      }
    ]
  },
  {
    "source_url": "https://www.woolworths.com.au/shop/productdetails/748374/strawberries-fresh",
    "name": "Strawberries 450g Punnet",
    "image_url": "https://cdn1.woolworths.media/content/wowproductimages/large/748374.jpg",
    "source_id": "Woolworths - 748374",
    "barcode": "9342373001064",
    "shop": "Woolworths",
    "weight": "1KG",
    "prices": [
      {
        "state": "NSW",
        "price": "360",
        "price_per_unit": "800",
        "price_unit": "KG"
      },
      {
        "state": "VIC",
        "price": "360",
        "price_per_unit": "800",
        "price_unit": "KG"
      },
      {
        "state": "QLD",
        "price": "360",
        "price_per_unit": "800",
        "price_unit": "KG"
      },
      {
        "state": "WA",
        "price": "360",
        "price_per_unit": "800",
        "price_unit": "KG"
      },
      {
        "state": "SA",
        "price": "540",
        "price_per_unit": "1200",
        "price_unit": "KG"
      },
      {
        "state": "TAS",
        "price": "450",
        "price_per_unit": "1000",
        "price_unit": "KG"
      },
      {
        "state": "ACT",
        "price": "430",
        "price_per_unit": "956",
        "price_unit": "KG"
      },
      {
        "state": "NT",
        "price": "450",
        "price_per_unit": "1000",
        "price_unit": "KG"
      }
    ]
  },
  {
    "source_url": "https://www.woolworths.com.au/shop/productdetails/149820/strawberry-organic",
    "name": "Strawberry Organic 250g Punnet",
    "image_url": "https://cdn1.woolworths.media/content/wowproductimages/large/149820.jpg",
    "source_id": "Woolworths - 149820",
    "barcode": "9300633007201",
    "shop": "Woolworths",
    "weight": "1KG",
    "prices": [
      {
        "state": "VIC",
        "price": "750",
        "price_per_unit": "3000",
        "price_unit": "KG"
      },
      {
        "state": "SA",
        "price": "750",
        "price_per_unit": "3000",
        "price_unit": "KG"
      },
      null,
      null,
      {
        "state": "NT",
        "price": "750",
        "price_per_unit": "3000",
        "price_unit": "KG"
      }
    ]
  },
  {
    "source_url": "https://www.woolworths.com.au/shop/productdetails/195767/sweetest-batch-sweetest-batch-premium-strawberries",
    "name": "Sweetest Batch® Premium Strawberries 300g Punnet",
    "image_url": "https://cdn1.woolworths.media/content/wowproductimages/large/default.png",
    "source_id": "Woolworths - 195767",
    "barcode": "9342373000425",
    "shop": "Woolworths",
    "weight": "1KG",
    "prices": [
      {
        "state": "NSW",
        "price": "450",
        "price_per_unit": "1500",
        "price_unit": "KG"
      },
      {
        "state": "VIC",
        "price": "550",
        "price_per_unit": "1833",
        "price_unit": "KG"
      },
      {
        "state": "QLD",
        "price": "450",
        "price_per_unit": "1500",
        "price_unit": "KG"
      },
      {
        "state": "WA",
        "price": "450",
        "price_per_unit": "1500",
        "price_unit": "KG"
      },
      {
        "state": "SA",
        "price": "550",
        "price_per_unit": "1833",
        "price_unit": "KG"
      },
      {
        "state": "TAS",
        "price": "500",
        "price_per_unit": "1667",
        "price_unit": "KG"
      },
      {
        "state": "ACT",
        "price": "450",
        "price_per_unit": "1500",
        "price_unit": "KG"
      },
      {
        "state": "NT",
        "price": "500",
        "price_per_unit": "1667",
        "price_unit": "KG"
      }
    ]
  },
  {
    "source_url": "https://www.woolworths.com.au/shop/productdetails/826528/the-odd-bunch-apricot-fresh",
    "name": "The Odd Bunch Apricot Fresh 500G Punnet",
    "image_url": "https://cdn1.woolworths.media/content/wowproductimages/large/826528.jpg",
    "source_id": "Woolworths - 826528",
    "barcode": "9300633780319",
    "shop": "Woolworths",
    "weight": "1KG",
    "prices": [
      {
        "state": "NSW",
        "price": "310",
        "price_per_unit": "620",
        "price_unit": "KG"
      },
      {
        "state": "VIC",
        "price": "310",
        "price_per_unit": "620",
        "price_unit": "KG"
      },
      {
        "state": "QLD",
        "price": "310",
        "price_per_unit": "620",
        "price_unit": "KG"
      },
      {
        "state": "WA",
        "price": "310",
        "price_per_unit": "620",
        "price_unit": "KG"
      },
      {
        "state": "ACT",
        "price": "275",
        "price_per_unit": "550",
        "price_unit": "KG"
      },
      null
    ]
  },
  {
    "source_url": "https://www.woolworths.com.au/shop/productdetails/732262/the-odd-bunch-strawberries-punnet",
    "name": "The Odd Bunch Strawberries Punnet 500g",
    "image_url": "https://cdn1.woolworths.media/content/wowproductimages/large/732262.jpg",
    "source_id": "Woolworths - 732262",
    "barcode": "9300633423230",
    "shop": "Woolworths",
    "weight": "1KG",
    "prices": [
      {
        "state": "NSW",
        "price": "320",
        "price_per_unit": "640",
        "price_unit": "KG"
      },
      {
        "state": "VIC",
        "price": "320",
        "price_per_unit": "640",
        "price_unit": "KG"
      },
      {
        "state": "QLD",
        "price": "320",
        "price_per_unit": "640",
        "price_unit": "KG"
      },
      {
        "state": "WA",
        "price": "320",
        "price_per_unit": "640",
        "price_unit": "KG"
      },
      null,
      {
        "state": "ACT",
        "price": "300",
        "price_per_unit": "600",
        "price_unit": "KG"
      },
      null
    ]
  },
  {
    "source_url": "https://www.woolworths.com.au/shop/productdetails/319170/woolworths",
    "name": "Woolworths",
    "image_url": "https://cdn1.woolworths.media/content/wowproductimages/large/default.png",
    "source_id": "Woolworths - 319170",
    "barcode": "9320800000729",
    "shop": "Woolworths",
    "weight": "1KG",
    "prices": [
      null
    ]
  },
  {
    "source_url": "https://www.woolworths.com.au/shop/productdetails/136244/woolworths-australian-fresh-cherries-box",
    "name": "Woolworths Australian Fresh Cherries Box 1kg",
    "image_url": "https://cdn1.woolworths.media/content/wowproductimages/large/136244.jpg",
    "source_id": "Woolworths - 136244",
    "barcode": "9300633041168",
    "shop": "Woolworths",
    "weight": "1KG",
    "prices": [
      null,
      null,
      {
        "state": "NT",
        "price": "2600",
        "price_per_unit": "2600",
        "price_unit": "KG"
      }
    ]
  },
  {
    "source_url": "https://www.woolworths.com.au/shop/productdetails/521590/woolworths-cherries",
    "name": "Woolworths Cherries 300G",
    "image_url": "https://cdn1.woolworths.media/content/wowproductimages/large/521590.jpg",
    "source_id": "Woolworths - 521590",
    "barcode": "9300633612368",
    "shop": "Woolworths",
    "weight": "1KG",
    "prices": [
      {
        "state": "NSW",
        "price": "700",
        "price_per_unit": "2333",
        "price_unit": "KG"
      },
      {
        "state": "VIC",
        "price": "700",
        "price_per_unit": "2333",
        "price_unit": "KG"
      },
      {
        "state": "QLD",
        "price": "700",
        "price_per_unit": "2333",
        "price_unit": "KG"
      },
      {
        "state": "WA",
        "price": "700",
        "price_per_unit": "2333",
        "price_unit": "KG"
      },
      {
        "state": "SA",
        "price": "700",
        "price_per_unit": "2333",
        "price_unit": "KG"
      },
      {
        "state": "TAS",
        "price": "700",
        "price_per_unit": "2333",
        "price_unit": "KG"
      },
      {
        "state": "ACT",
        "price": "700",
        "price_per_unit": "2333",
        "price_unit": "KG"
      },
      {
        "state": "NT",
        "price": "700",
        "price_per_unit": "2333",
        "price_unit": "KG"
      }
    ]
  },
  {
    "source_url": "https://www.woolworths.com.au/shop/productdetails/750555/woolworths-cherries-fresh",
    "name": "Woolworths Cherries Fresh 500g Punnet",
    "image_url": "https://cdn1.woolworths.media/content/wowproductimages/large/750555.jpg",
    "source_id": "Woolworths - 750555",
    "barcode": "9300633453824",
    "shop": "Woolworths",
    "weight": "1KG",
    "prices": [
      {
        "state": "ACT",
        "price": "790",
        "price_per_unit": "1580",
        "price_unit": "KG"
      }
    ]
  },
  {
    "source_url": "https://www.woolworths.com.au/shop/productdetails/296813/blackberry-blackberries-punnet",
    "name": "Blackberries Punnet 125g",
    "image_url": "https://cdn1.woolworths.media/content/wowproductimages/large/296813.jpg",
    "source_id": "Woolworths - 296813",
    "barcode": "9319026070043",
    "shop": "Woolworths",
    "weight": "1KG",
    "prices": [
      {
        "state": "VIC",
        "price": "350",
        "price_per_unit": "2800",
        "price_unit": "KG"
      },
      {
        "state": "SA",
        "price": "400",
        "price_per_unit": "3200",
        "price_unit": "KG"
      },
      {
        "state": "TAS",
        "price": "450",
        "price_per_unit": "3600",
        "price_unit": "KG"
      },
      {
        "state": "NT",
        "price": "450",
        "price_per_unit": "3600",
        "price_unit": "KG"
      }
    ]
  },
  {
    "source_url": "https://www.woolworths.com.au/shop/productdetails/662480/blueberry-sweetest-batch-premium-blueberries",
    "name": "Sweetest Batch® Premium Blueberries 200g Punnet",
    "image_url": "https://cdn1.woolworths.media/content/wowproductimages/large/662480.jpg",
    "source_id": "Woolworths - 662480",
    "barcode": "9317948008496",
    "shop": "Woolworths",
    "weight": "1KG",
    "prices": [
      {
        "state": "VIC",
        "price": "590",
        "price_per_unit": "2950",
        "price_unit": "KG"
      },
      {
        "state": "SA",
        "price": "590",
        "price_per_unit": "2950",
        "price_unit": "KG"
      },
      {
        "state": "NT",
        "price": "590",
        "price_per_unit": "2950",
        "price_unit": "KG"
      }
    ]
  },
  {
    "source_url": "https://www.woolworths.com.au/shop/productdetails/775066/the-odd-bunch-cherries-punnet",
    "name": "The Odd Bunch Cherries Punnet 500g",
    "image_url": "https://cdn1.woolworths.media/content/wowproductimages/large/775066.jpg",
    "source_id": "Woolworths - 775066",
    "barcode": "9300633453817",
    "shop": "Woolworths",
    "weight": "1KG",
    "prices": [
      {
        "state": "VIC",
        "price": "670",
        "price_per_unit": "1340",
        "price_unit": "KG"
      },
      {
        "state": "QLD",
        "price": "670",
        "price_per_unit": "1340",
        "price_unit": "KG"
      },
      {
        "state": "WA",
        "price": "670",
        "price_per_unit": "1340",
        "price_unit": "KG"
      },
      {
        "state": "NT",
        "price": "630",
        "price_per_unit": "1260",
        "price_unit": "KG"
      }
    ]
  },
  {
    "source_url": "https://www.woolworths.com.au/shop/productdetails/169792/blueberries-punnet",
    "name": "Blueberries Punnet 125g",
    "image_url": "https://cdn1.woolworths.media/content/wowproductimages/large/169792.jpg",
    "source_id": "Woolworths - 169792",
    "barcode": "9317948004511",
    "shop": "Woolworths",
    "weight": "1KG",
    "prices": [
      {
        "state": "SA",
        "price": "350",
        "price_per_unit": "2800",
        "price_unit": "KG"
      },
      {
        "state": "NT",
        "price": "300",
        "price_per_unit": "2400",
        "price_unit": "KG"
      }
    ]
  },
  {
    "source_url": "https://www.woolworths.com.au/shop/productdetails/627400/cherry-cherries-red",
    "name": "Cherries Red 300g Punnet",
    "image_url": "https://cdn1.woolworths.media/content/wowproductimages/large/627400.jpg",
    "source_id": "Woolworths - 627400",
    "barcode": "741839700005",
    "shop": "Woolworths",
    "weight": "1KG",
    "prices": []
  }
]