[
  {
    "source_url": "https://www.woolworths.com.au/shop/productdetails/906438/a2-milk-gentle-gold-stage-2-infant-formula-6m-",
    "name": "A2 Milk Gentle Gold Stage 2 Infant Formula 6m+ 800g",
    "image_url": "https://cdn1.woolworths.media/content/wowproductimages/large/906438.jpg",
    "source_id": "Woolworths - 906438",
    "barcode": "9421902960895",
    "shop": "Woolworths",
    "weight": "100G",
    "prices": [
      {
        "state": "NSW",
        "price": "3200",
        "price_per_unit": "400",
        "price_unit": "G"
      },
      {
        "state": "VIC",
        "price": "3200",
        "price_per_unit": "400",
        "price_unit": "G"
      },
      {
        "state": "QLD",
        "price": "3200",
        "price_per_unit": "400",
        "price_unit": "G"
      },
      {
        "state": "WA",
        "price": "3200",
        "price_per_unit": "400",
        "price_unit": "G"
      },
      {
        "state": "SA",
        "price": "3200",
        "price_per_unit": "400",
        "price_unit": "G"
      },
      {
        "state": "TAS",
        "price": "3200",
        "price_per_unit": "400",
        "price_unit": "G"
      },
      {
        "state": "ACT",
        "price": "3200",
        "price_per_unit": "400",
        "price_unit": "G"
      },
      {
        "state": "NT",
        "price": "3200",
        "price_per_unit": "400",
        "price_unit": "G"
      }
    ]
  },
  {
    "source_url": "https://www.woolworths.com.au/shop/productdetails/237072/a2-platinum-follow-on-formula-stage-2",
    "name": "A2 Platinum Follow On Formula Stage 2 900g",
    "image_url": "https://cdn1.woolworths.media/content/wowproductimages/large/237072.jpg",
    "source_id": "Woolworths - 237072",
    "barcode": "9421902960604",
    "shop": "Woolworths",
    "weight": "100G",
    "prices": [
      {
        "state": "NSW",
        "price": "4050",
        "price_per_unit": "450",
        "price_unit": "G"
      },
      {
        "state": "QLD",
        "price": "4050",
        "price_per_unit": "450",
        "price_unit": "G"
      },
      {
        "state": "WA",
        "price": "4050",
        "price_per_unit": "450",
        "price_unit": "G"
      },
      {
        "state": "SA",
        "price": "4050",
        "price_per_unit": "450",
        "price_unit": "G"
      },
      {
        "state": "TAS",
        "price": "4050",
        "price_per_unit": "450",
        "price_unit": "G"
      },
      {
        "state": "ACT",
        "price": "4050",
        "price_per_unit": "450",
        "price_unit": "G"
      },
      {
        "state": "NT",
        "price": "4255",
        "price_per_unit": "473",
        "price_unit": "G"
      }
    ]
  },
  {
    "source_url": "https://www.woolworths.com.au/shop/productdetails/613485/alula-advance-stage-2-follow-on-baby-formula-6-12-months",
    "name": "Alula Advance+ Stage 2 Follow On Baby Formula 6-12 Months 800g",
    "image_url": "https://cdn1.woolworths.media/content/wowproductimages/large/613485.jpg",
    "source_id": "Woolworths - 613485",
    "barcode": "9347832001289",
    "shop": "Woolworths",
    "weight": "100G",
    "prices": [
      {
        "state": "NSW",
        "price": "3400",
        "price_per_unit": "425",
        "price_unit": "G"
      },
      {
        "state": "VIC",
        "price": "3400",
        "price_per_unit": "425",
        "price_unit": "G"
      },
      {
        "state": "QLD",
        "price": "3400",
        "price_per_unit": "425",
        "price_unit": "G"
      },
      {
        "state": "WA",
        "price": "3400",
        "price_per_unit": "425",
        "price_unit": "G"
      },
      {
        "state": "SA",
        "price": "3400",
        "price_per_unit": "425",
        "price_unit": "G"
      },
      {
        "state": "TAS",
        "price": "3400",
        "price_per_unit": "425",
        "price_unit": "G"
      },
      {
        "state": "ACT",
        "price": "3400",
        "price_per_unit": "425",
        "price_unit": "G"
      },
      {
        "state": "NT",
        "price": "3400",
        "price_per_unit": "425",
        "price_unit": "G"
      }
    ]
  },
  {
    "source_url": "https://www.woolworths.com.au/shop/productdetails/654783/alula-gold-follow-on-6-12-months-formula",
    "name": "Alula Gold Follow-On 6-12 Months Formula 900g",
    "image_url": "https://cdn1.woolworths.media/content/wowproductimages/large/654783.jpg",
    "source_id": "Woolworths - 654783",
    "barcode": "9347832001227",
    "shop": "Woolworths",
    "weight": "100G",
    "prices": [
      {
        "state": "VIC",
        "price": "2850",
        "price_per_unit": "317",
        "price_unit": "G"
      },
      {
        "state": "QLD",
        "price": "2850",
        "price_per_unit": "317",
        "price_unit": "G"
      },
      {
        "state": "WA",
        "price": "2850",
        "price_per_unit": "317",
        "price_unit": "G"
      },
      {
        "state": "SA",
        "price": "2850",
        "price_per_unit": "317",
        "price_unit": "G"
      },
      {
        "state": "TAS",
        "price": "2850",
        "price_per_unit": "317",
        "price_unit": "G"
      },
      {
        "state": "ACT",
        "price": "2850",
        "price_per_unit": "317",
        "price_unit": "G"
      },
      {
        "state": "NT",
        "price": "2995",
        "price_per_unit": "333",
        "price_unit": "G"
      }
    ]
  },
  {
    "source_url": "https://www.woolworths.com.au/shop/productdetails/654784/alula-gold-junior-2-years-milk-drink",
    "name": "Alula Gold Junior 2 Years + Milk Drink 900g",
    "image_url": "https://cdn1.woolworths.media/content/wowproductimages/large/654784.jpg",
    "source_id": "Woolworths - 654784",
    "barcode": "9347832001241",
    "shop": "Woolworths",
    "weight": "100G",
    "prices": [
      {
        "state": "NSW",
        "price": "2550",
        "price_per_unit": "283",
        "price_unit": "G"
      },
      {
        "state": "VIC",
        "price": "2550",
        "price_per_unit": "283",
        "price_unit": "G"
      },
      {
        "state": "QLD",
        "price": "2550",
        "price_per_unit": "283",
        "price_unit": "G"
      },
      {
        "state": "WA",
        "price": "2550",
        "price_per_unit": "283",
        "price_unit": "G"
      },
      {
        "state": "SA",
        "price": "2550",
        "price_per_unit": "283",
        "price_unit": "G"
      },
      {
        "state": "TAS",
        "price": "2550",
        "price_per_unit": "283",
        "price_unit": "G"
      },
      {
        "state": "ACT",
        "price": "2550",
        "price_per_unit": "283",
        "price_unit": "G"
      },
      {
        "state": "NT",
        "price": "2680",
        "price_per_unit": "298",
        "price_unit": "G"
      }
    ]
  },
  {
    "source_url": "https://www.woolworths.com.au/shop/productdetails/654818/alula-original-follow-on-6-12-months-formula",
    "name": "Alula Original Follow On 6-12 Months Formula 900g",
    "image_url": "https://cdn1.woolworths.media/content/wowproductimages/large/654818.jpg",
    "source_id": "Woolworths - 654818",
    "barcode": "9347832001142",
    "shop": "Woolworths",
    "weight": "100G",
    "prices": [
      {
        "state": "NSW",
        "price": "2000",
        "price_per_unit": "222",
        "price_unit": "G"
      },
      {
        "state": "VIC",
        "price": "2000",
        "price_per_unit": "222",
        "price_unit": "G"
      },
      {
        "state": "QLD",
        "price": "2000",
        "price_per_unit": "222",
        "price_unit": "G"
      },
      {
        "state": "WA",
        "price": "2000",
        "price_per_unit": "222",
        "price_unit": "G"
      },
      {
        "state": "SA",
        "price": "2000",
        "price_per_unit": "222",
        "price_unit": "G"
      },
      {
        "state": "TAS",
        "price": "2000",
        "price_per_unit": "222",
        "price_unit": "G"
      },
      {
        "state": "ACT",
        "price": "2000",
        "price_per_unit": "222",
        "price_unit": "G"
      },
      {
        "state": "NT",
        "price": "2100",
        "price_per_unit": "233",
        "price_unit": "G"
      }
    ]
  },
  {
    "source_url": "https://www.woolworths.com.au/shop/productdetails/378532/aptamil-gold-2-baby-follow-on-formula-from-6-to-12-months",
    "name": "Aptamil Gold+ 2 Baby Follow-On Formula From 6 To 12 Months 900g",
    "image_url": "https://cdn1.woolworths.media/content/wowproductimages/large/378532.jpg",
    "source_id": "Woolworths - 378532",
    "barcode": "9418783002837",
    "shop": "Woolworths",
    "weight": "100G",
    "prices": [
      {
        "state": "NSW",
        "price": "3000",
        "price_per_unit": "333",
        "price_unit": "G"
      },
      {
        "state": "VIC",
        "price": "3000",
        "price_per_unit": "333",
        "price_unit": "G"
      },
      {
        "state": "QLD",
        "price": "3000",
        "price_per_unit": "333",
        "price_unit": "G"
      },
      {
        "state": "WA",
        "price": "3000",
        "price_per_unit": "333",
        "price_unit": "G"
      },
      {
        "state": "SA",
        "price": "3000",
        "price_per_unit": "333",
        "price_unit": "G"
      },
      {
        "state": "ACT",
        "price": "3000",
        "price_per_unit": "333",
        "price_unit": "G"
      },
      {
        "state": "NT",
        "price": "3000",
        "price_per_unit": "333",
        "price_unit": "G"
      }
    ]
  },
  {
    "source_url": "https://www.woolworths.com.au/shop/productdetails/151743/aptamil-profutura-2-premium-follow-on-formula-from-6-to-12-months",
    "name": "Aptamil Profutura 2 Premium Follow-On Formula From 6 To 12 Months 900g",
    "image_url": "https://cdn1.woolworths.media/content/wowproductimages/large/151743.jpg",
    "source_id": "Woolworths - 151743",
    "barcode": "9418783008860",
    "shop": "Woolworths",
    "weight": "100G",
    "prices": [
      {
        "state": "NSW",
        "price": "4500",
        "price_per_unit": "500",
        "price_unit": "G"
      },
      {
        "state": "QLD",
        "price": "4500",
        "price_per_unit": "500",
        "price_unit": "G"
      },
      {
        "state": "WA",
        "price": "4500",
        "price_per_unit": "500",
        "price_unit": "G"
      },
      {
        "state": "NT",
        "price": "4720",
        "price_per_unit": "524",
        "price_unit": "G"
      }
    ]
  },
  {
    "source_url": "https://www.woolworths.com.au/shop/productdetails/250241/bellamy-s-organic-organic-follow-on-formula-stage-2-from-6-months",
    "name": "Bellamy's Organic Follow-On Formula Stage 2 From 6 Months 900g",
    "image_url": "https://cdn1.woolworths.media/content/wowproductimages/large/250241.jpg",
    "source_id": "Woolworths - 250241",
    "barcode": "9332045001751",
    "shop": "Woolworths",
    "weight": "100G",
    "prices": [
      {
        "state": "NSW",
        "price": "3600",
        "price_per_unit": "400",
        "price_unit": "G"
      },
      {
        "state": "VIC",
        "price": "3600",
        "price_per_unit": "400",
        "price_unit": "G"
      },
      {
        "state": "QLD",
        "price": "3600",
        "price_per_unit": "400",
        "price_unit": "G"
      },
      {
        "state": "WA",
        "price": "3600",
        "price_per_unit": "400",
        "price_unit": "G"
      },
      {
        "state": "SA",
        "price": "3600",
        "price_per_unit": "400",
        "price_unit": "G"
      },
      {
        "state": "TAS",
        "price": "3600",
        "price_per_unit": "400",
        "price_unit": "G"
      },
      {
        "state": "ACT",
        "price": "3600",
        "price_per_unit": "400",
        "price_unit": "G"
      },
      {
        "state": "NT",
        "price": "3780",
        "price_per_unit": "420",
        "price_unit": "G"
      }
    ]
  },
  {
    "source_url": "https://www.woolworths.com.au/shop/productdetails/88164/bubs-organic-grass-fed-follow-on-formula-stage-2",
    "name": "Bubs Organic Grass Fed Follow On Formula Stage 2 800g",
    "image_url": "https://cdn1.woolworths.media/content/wowproductimages/large/088164.jpg",
    "source_id": "Woolworths - 88164",
    "barcode": "9338078005704",
    "shop": "Woolworths",
    "weight": "100G",
    "prices": [
      {
        "state": "NSW",
        "price": "3200",
        "price_per_unit": "400",
        "price_unit": "G"
      },
      {
        "state": "VIC",
        "price": "3200",
        "price_per_unit": "400",
        "price_unit": "G"
      },
      {
        "state": "QLD",
        "price": "3200",
        "price_per_unit": "400",
        "price_unit": "G"
      },
      {
        "state": "WA",
        "price": "3200",
        "price_per_unit": "400",
        "price_unit": "G"
      },
      {
        "state": "SA",
        "price": "3200",
        "price_per_unit": "400",
        "price_unit": "G"
      },
      {
        "state": "TAS",
        "price": "3200",
        "price_per_unit": "400",
        "price_unit": "G"
      },
      {
        "state": "ACT",
        "price": "3200",
        "price_per_unit": "400",
        "price_unit": "G"
      },
      {
        "state": "NT",
        "price": "3500",
        "price_per_unit": "438",
        "price_unit": "G"
      }
    ]
  },
  {
    "source_url": "https://www.woolworths.com.au/shop/productdetails/1075798014/else-nutrition-plant-based-follow-on-baby-formula-800g",
    "name": "ELSE Nutrition Plant Based Follow on Baby Formula 800g",
    "image_url": "https://cdn1.woolworths.media/content/wowproductimages/large/1075798014.jpg",
    "source_id": "Woolworths - 1075798014",
    "barcode": null,
    "shop": "Woolworths",
    "weight": "100G",
    "prices": [
      {
        "state": "NSW",
        "price": "2147",
        "price_per_unit": "307",
        "price_unit": "G"
      },
      {
        "state": "VIC",
        "price": "2147",
        "price_per_unit": "307",
        "price_unit": "G"
      },
      {
        "state": "QLD",
        "price": "2147",
        "price_per_unit": "307",
        "price_unit": "G"
      },
      {
        "state": "WA",
        "price": "2147",
        "price_per_unit": "307",
        "price_unit": "G"
      },
      {
        "state": "SA",
        "price": "2147",
        "price_per_unit": "307",
        "price_unit": "G"
      },
      {
        "state": "TAS",
        "price": "2147",
        "price_per_unit": "307",
        "price_unit": "G"
      },
      {
        "state": "ACT",
        "price": "2147",
        "price_per_unit": "307",
        "price_unit": "G"
      },
      {
        "state": "NT",
        "price": "2147",
        "price_per_unit": "307",
        "price_unit": "G"
      }
    ]
  },
  {
    "source_url": "https://www.woolworths.com.au/shop/productdetails/1075529364/holle-organic-cow-milk-infant-follow-on-formula-2-with-dha-500g",
    "name": "Holle Organic Cow Milk Infant Follow-On Formula 2 with DHA 500g",
    "image_url": "https://cdn1.woolworths.media/content/wowproductimages/large/1075529364.jpg",
    "source_id": "Woolworths - 1075529364",
    "barcode": null,
    "shop": "Woolworths",
    "weight": "100G",
    "prices": [
      {
        "state": "NSW",
        "price": "3395",
        "price_per_unit": "799",
        "price_unit": "G"
      },
      {
        "state": "VIC",
        "price": "3395",
        "price_per_unit": "799",
        "price_unit": "G"
      },
      {
        "state": "QLD",
        "price": "3395",
        "price_per_unit": "799",
        "price_unit": "G"
      },
      {
        "state": "WA",
        "price": "3395",
        "price_per_unit": "799",
        "price_unit": "G"
      },
      {
        "state": "SA",
        "price": "3395",
        "price_per_unit": "799",
        "price_unit": "G"
      },
      {
        "state": "TAS",
        "price": "3395",
        "price_per_unit": "799",
        "price_unit": "G"
      },
      {
        "state": "ACT",
        "price": "3395",
        "price_per_unit": "799",
        "price_unit": "G"
      },
      {
        "state": "NT",
        "price": "3395",
        "price_per_unit": "799",
        "price_unit": "G"
      }
    ]
  },
  {
    "source_url": "https://www.woolworths.com.au/shop/productdetails/1075480616/holle-organic-cow-milk-infant-formula-1-with-dha-500g",
    "name": "Holle Organic Cow Milk Infant Formula 1 with DHA 500g",
    "image_url": "https://cdn1.woolworths.media/content/wowproductimages/large/1075480616.jpg",
    "source_id": "Woolworths - 1075480616",
    "barcode": null,
    "shop": "Woolworths",
    "weight": "100G",
    "prices": [
      {
        "state": "NSW",
        "price": "3595",
        "price_per_unit": "719",
        "price_unit": "G"
      },
      {
        "state": "VIC",
        "price": "3595",
        "price_per_unit": "719",
        "price_unit": "G"
      },
      {
        "state": "QLD",
        "price": "3595",
        "price_per_unit": "719",
        "price_unit": "G"
      },
      {
        "state": "WA",
        "price": "3595",
        "price_per_unit": "719",
        "price_unit": "G"
      },
      {
        "state": "SA",
        "price": "3595",
        "price_per_unit": "719",
        "price_unit": "G"
      },
      {
        "state": "TAS",
        "price": "3595",
        "price_per_unit": "719",
        "price_unit": "G"
      },
      {
        "state": "ACT",
        "price": "3595",
        "price_per_unit": "719",
        "price_unit": "G"
      },
      {
        "state": "NT",
        "price": "3595",
        "price_per_unit": "719",
        "price_unit": "G"
      }
    ]
  },
  {
    "source_url": "https://www.woolworths.com.au/shop/productdetails/1075480448/holle-organic-goat-milk-follow-on-infant-formula-2-with-dha-400g",
    "name": "Holle Organic Goat Milk Follow-On Infant Formula 2 with DHA 400g",
    "image_url": "https://cdn1.woolworths.media/content/wowproductimages/large/1075480448.jpg",
    "source_id": "Woolworths - 1075480448",
    "barcode": null,
    "shop": "Woolworths",
    "weight": "100G",
    "prices": [
      {
        "state": "NSW",
        "price": "3995",
        "price_per_unit": "999",
        "price_unit": "G"
      },
      {
        "state": "VIC",
        "price": "3995",
        "price_per_unit": "999",
        "price_unit": "G"
      },
      {
        "state": "QLD",
        "price": "3995",
        "price_per_unit": "999",
        "price_unit": "G"
      },
      {
        "state": "WA",
        "price": "3995",
        "price_per_unit": "999",
        "price_unit": "G"
      },
      {
        "state": "SA",
        "price": "3995",
        "price_per_unit": "999",
        "price_unit": "G"
      },
      {
        "state": "TAS",
        "price": "3995",
        "price_per_unit": "999",
        "price_unit": "G"
      },
      {
        "state": "ACT",
        "price": "3995",
        "price_per_unit": "999",
        "price_unit": "G"
      },
      {
        "state": "NT",
        "price": "3995",
        "price_per_unit": "999",
        "price_unit": "G"
      }
    ]
  },
  {
    "source_url": "https://www.woolworths.com.au/shop/productdetails/215113/infacare-comfort-follow-on-formula-stage-2-6-12-months",
    "name": "Infacare Comfort Follow-On Formula Stage 2, 6-12 Months 850g",
    "image_url": "https://cdn1.woolworths.media/content/wowproductimages/large/215113.jpg",
    "source_id": "Woolworths - 215113",
    "barcode": "9347832001128",
    "shop": "Woolworths",
    "weight": "100G",
    "prices": [
      {
        "state": "NSW",
        "price": "1650",
        "price_per_unit": "194",
        "price_unit": "G"
      },
      {
        "state": "VIC",
        "price": "1650",
        "price_per_unit": "194",
        "price_unit": "G"
      },
      {
        "state": "QLD",
        "price": "1650",
        "price_per_unit": "194",
        "price_unit": "G"
      },
      {
        "state": "WA",
        "price": "1650",
        "price_per_unit": "194",
        "price_unit": "G"
      },
      {
        "state": "SA",
        "price": "1650",
        "price_per_unit": "194",
        "price_unit": "G"
      },
      {
        "state": "TAS",
        "price": "1650",
        "price_per_unit": "194",
        "price_unit": "G"
      },
      {
        "state": "ACT",
        "price": "1650",
        "price_per_unit": "194",
        "price_unit": "G"
      },
      {
        "state": "NT",
        "price": "1735",
        "price_per_unit": "204",
        "price_unit": "G"
      }
    ]
  },
  {
    "source_url": "https://www.woolworths.com.au/shop/productdetails/743732/karicare-2-baby-follow-on-formula-from-6-to-12-months",
    "name": "Karicare 2 Baby Follow-On Formula From 6 To 12 Months 900g",
    "image_url": "https://cdn1.woolworths.media/content/wowproductimages/large/743732.jpg",
    "source_id": "Woolworths - 743732",
    "barcode": "9418783003100",
    "shop": "Woolworths",
    "weight": "100G",
    "prices": [
      {
        "state": "NSW",
        "price": "2000",
        "price_per_unit": "222",
        "price_unit": "G"
      },
      {
        "state": "VIC",
        "price": "2000",
        "price_per_unit": "222",
        "price_unit": "G"
      },
      {
        "state": "QLD",
        "price": "2000",
        "price_per_unit": "222",
        "price_unit": "G"
      },
      {
        "state": "WA",
        "price": "2000",
        "price_per_unit": "222",
        "price_unit": "G"
      },
      {
        "state": "SA",
        "price": "2000",
        "price_per_unit": "222",
        "price_unit": "G"
      },
      {
        "state": "TAS",
        "price": "2000",
        "price_per_unit": "222",
        "price_unit": "G"
      },
      {
        "state": "ACT",
        "price": "2000",
        "price_per_unit": "222",
        "price_unit": "G"
      },
      {
        "state": "NT",
        "price": "2000",
        "price_per_unit": "222",
        "price_unit": "G"
      }
    ]
  },
  {
    "source_url": "https://www.woolworths.com.au/shop/productdetails/1075481129/littleoak-goat-s-milk-infant-formula-stage-1-6-x-30g-sachets",
    "name": "LittleOak Goat's Milk Infant Formula Stage 1 - 6 x 30g Sachets",
    "image_url": "https://cdn1.woolworths.media/content/wowproductimages/large/1075481129.jpg",
    "source_id": "Woolworths - 1075481129",
    "barcode": null,
    "shop": "Woolworths",
    "weight": "100G",
    "prices": [
      {
        "state": "NSW",
        "price": "1395",
        "price_per_unit": "775",
        "price_unit": "G"
      },
      {
        "state": "VIC",
        "price": "1395",
        "price_per_unit": "775",
        "price_unit": "G"
      },
      {
        "state": "QLD",
        "price": "1395",
        "price_per_unit": "775",
        "price_unit": "G"
      },
      {
        "state": "WA",
        "price": "1395",
        "price_per_unit": "775",
        "price_unit": "G"
      },
      {
        "state": "SA",
        "price": "1395",
        "price_per_unit": "775",
        "price_unit": "G"
      },
      {
        "state": "TAS",
        "price": "1395",
        "price_per_unit": "775",
        "price_unit": "G"
      },
      {
        "state": "ACT",
        "price": "1395",
        "price_per_unit": "775",
        "price_unit": "G"
      },
      {
        "state": "NT",
        "price": "1395",
        "price_per_unit": "775",
        "price_unit": "G"
      }
    ]
  },
  {
    "source_url": "https://www.woolworths.com.au/shop/productdetails/1073847378/mumamoo-stage-2-australian-made-premium-follow-on-baby-formula-6-12-months-800g",
    "name": "Mumamoo Stage 2 Australian Made Premium Follow-On Baby Formula 6-12 months 800g",
    "image_url": "https://cdn1.woolworths.media/content/wowproductimages/large/1073847378.jpg",
    "source_id": "Woolworths - 1073847378",
    "barcode": null,
    "shop": "Woolworths",
    "weight": "100G",
    "prices": [
      {
        "state": "NSW",
        "price": "3500",
        "price_per_unit": "438",
        "price_unit": "G"
      },
      {
        "state": "VIC",
        "price": "3500",
        "price_per_unit": "438",
        "price_unit": "G"
      },
      {
        "state": "QLD",
        "price": "3500",
        "price_per_unit": "438",
        "price_unit": "G"
      },
      {
        "state": "WA",
        "price": "3500",
        "price_per_unit": "438",
        "price_unit": "G"
      },
      {
        "state": "SA",
        "price": "3500",
        "price_per_unit": "438",
        "price_unit": "G"
      },
      {
        "state": "TAS",
        "price": "3500",
        "price_per_unit": "438",
        "price_unit": "G"
      },
      {
        "state": "ACT",
        "price": "3500",
        "price_per_unit": "438",
        "price_unit": "G"
      },
      {
        "state": "NT",
        "price": "3500",
        "price_per_unit": "438",
        "price_unit": "G"
      }
    ]
  },
  {
    "source_url": "https://www.woolworths.com.au/shop/productdetails/1075258649/nature-one-dairy-organic-follow-on-formula-step-2-900g",
    "name": "Nature One Dairy Organic Follow-On Formula Step 2 900g",
    "image_url": "https://cdn1.woolworths.media/content/wowproductimages/large/1075258649.jpg",
    "source_id": "Woolworths - 1075258649",
    "barcode": null,
    "shop": "Woolworths",
    "weight": "100G",
    "prices": [
      {
        "state": "NSW",
        "price": "4400",
        "price_per_unit": "489",
        "price_unit": "G"
      },
      {
        "state": "VIC",
        "price": "4400",
        "price_per_unit": "489",
        "price_unit": "G"
      },
      {
        "state": "QLD",
        "price": "4400",
        "price_per_unit": "489",
        "price_unit": "G"
      },
      {
        "state": "WA",
        "price": "4400",
        "price_per_unit": "489",
        "price_unit": "G"
      },
      {
        "state": "SA",
        "price": "4400",
        "price_per_unit": "489",
        "price_unit": "G"
      },
      {
        "state": "TAS",
        "price": "4400",
        "price_per_unit": "489",
        "price_unit": "G"
      },
      {
        "state": "ACT",
        "price": "4400",
        "price_per_unit": "489",
        "price_unit": "G"
      },
      {
        "state": "NT",
        "price": "4400",
        "price_per_unit": "489",
        "price_unit": "G"
      }
    ]
  },
  {
    "source_url": "https://www.woolworths.com.au/shop/productdetails/1075259858/nature-one-dairy-organic-follow-on-formula-step-2-900g-x-3",
    "name": "Nature One Dairy Organic Follow-On Formula Step 2 900g x 3",
    "image_url": "https://cdn1.woolworths.media/content/wowproductimages/large/1075259858.jpg",
    "source_id": "Woolworths - 1075259858",
    "barcode": null,
    "shop": "Woolworths",
    "weight": "100G",
    "prices": [
      {
        "state": "NSW",
        "price": "11100",
        "price_per_unit": "411",
        "price_unit": "G"
      },
      {
        "state": "VIC",
        "price": "11100",
        "price_per_unit": "411",
        "price_unit": "G"
      },
      {
        "state": "QLD",
        "price": "11100",
        "price_per_unit": "411",
        "price_unit": "G"
      },
      {
        "state": "WA",
        "price": "11100",
        "price_per_unit": "411",
        "price_unit": "G"
      },
      {
        "state": "SA",
        "price": "11100",
        "price_per_unit": "411",
        "price_unit": "G"
      },
      {
        "state": "TAS",
        "price": "11100",
        "price_per_unit": "411",
        "price_unit": "G"
      },
      {
        "state": "ACT",
        "price": "11100",
        "price_per_unit": "411",
        "price_unit": "G"
      },
      {
        "state": "NT",
        "price": "11100",
        "price_per_unit": "411",
        "price_unit": "G"
      }
    ]
  },
  {
    "source_url": "https://www.woolworths.com.au/shop/productdetails/1075259854/nature-one-dairy-organic-follow-on-formula-step-2-900g-x-6",
    "name": "Nature One Dairy Organic Follow-On Formula Step 2 900g x 6",
    "image_url": "https://cdn1.woolworths.media/content/wowproductimages/large/1075259854.jpg",
    "source_id": "Woolworths - 1075259854",
    "barcode": null,
    "shop": "Woolworths",
    "weight": "100G",
    "prices": [
      {
        "state": "NSW",
        "price": "21000",
        "price_per_unit": "389",
        "price_unit": "G"
      },
      {
        "state": "VIC",
        "price": "21000",
        "price_per_unit": "389",
        "price_unit": "G"
      },
      {
        "state": "QLD",
        "price": "21000",
        "price_per_unit": "389",
        "price_unit": "G"
      },
      {
        "state": "WA",
        "price": "21000",
        "price_per_unit": "389",
        "price_unit": "G"
      },
      {
        "state": "SA",
        "price": "21000",
        "price_per_unit": "389",
        "price_unit": "G"
      },
      {
        "state": "TAS",
        "price": "21000",
        "price_per_unit": "389",
        "price_unit": "G"
      },
      {
        "state": "ACT",
        "price": "21000",
        "price_per_unit": "389",
        "price_unit": "G"
      },
      {
        "state": "NT",
        "price": "21000",
        "price_per_unit": "389",
        "price_unit": "G"
      }
    ]
  },
  {
    "source_url": "https://www.woolworths.com.au/shop/productdetails/1075258673/nature-one-dairy-premium-follow-on-formula-step-2-900g",
    "name": "Nature One Dairy Premium Follow-On Formula Step 2 900g",
    "image_url": "https://cdn1.woolworths.media/content/wowproductimages/large/1075258673.jpg",
    "source_id": "Woolworths - 1075258673",
    "barcode": null,
    "shop": "Woolworths",
    "weight": "100G",
    "prices": [
      {
        "state": "NSW",
        "price": "4200",
        "price_per_unit": "467",
        "price_unit": "G"
      },
      {
        "state": "VIC",
        "price": "4200",
        "price_per_unit": "467",
        "price_unit": "G"
      },
      {
        "state": "QLD",
        "price": "4200",
        "price_per_unit": "467",
        "price_unit": "G"
      },
      {
        "state": "WA",
        "price": "4200",
        "price_per_unit": "467",
        "price_unit": "G"
      },
      {
        "state": "SA",
        "price": "4200",
        "price_per_unit": "467",
        "price_unit": "G"
      },
      {
        "state": "TAS",
        "price": "4200",
        "price_per_unit": "467",
        "price_unit": "G"
      },
      {
        "state": "ACT",
        "price": "4200",
        "price_per_unit": "467",
        "price_unit": "G"
      },
      {
        "state": "NT",
        "price": "4200",
        "price_per_unit": "467",
        "price_unit": "G"
      }
    ]
  },
  {
    "source_url": "https://www.woolworths.com.au/shop/productdetails/1075259877/nature-one-dairy-premium-follow-on-formula-step-2-900g-x-3",
    "name": "Nature One Dairy Premium Follow-On Formula Step 2 900g x 3",
    "image_url": "https://cdn1.woolworths.media/content/wowproductimages/large/1075259877.jpg",
    "source_id": "Woolworths - 1075259877",
    "barcode": null,
    "shop": "Woolworths",
    "weight": "100G",
    "prices": [
      {
        "state": "NSW",
        "price": "10500",
        "price_per_unit": "389",
        "price_unit": "G"
      },
      {
        "state": "VIC",
        "price": "10500",
        "price_per_unit": "389",
        "price_unit": "G"
      },
      {
        "state": "QLD",
        "price": "10500",
        "price_per_unit": "389",
        "price_unit": "G"
      },
      {
        "state": "WA",
        "price": "10500",
        "price_per_unit": "389",
        "price_unit": "G"
      },
      {
        "state": "SA",
        "price": "10500",
        "price_per_unit": "389",
        "price_unit": "G"
      },
      {
        "state": "TAS",
        "price": "10500",
        "price_per_unit": "389",
        "price_unit": "G"
      },
      {
        "state": "ACT",
        "price": "10500",
        "price_per_unit": "389",
        "price_unit": "G"
      },
      {
        "state": "NT",
        "price": "10500",
        "price_per_unit": "389",
        "price_unit": "G"
      }
    ]
  },
  {
    "source_url": "https://www.woolworths.com.au/shop/productdetails/1075258675/nature-one-dairy-premium-junior-nutritious-milk-drink-step-4-900g",
    "name": "Nature One Dairy Premium Junior Nutritious Milk Drink Step 4 900g",
    "image_url": "https://cdn1.woolworths.media/content/wowproductimages/large/1075258675.jpg",
    "source_id": "Woolworths - 1075258675",
    "barcode": null,
    "shop": "Woolworths",
    "weight": "100G",
    "prices": [
      {
        "state": "NSW",
        "price": "4200",
        "price_per_unit": "467",
        "price_unit": "G"
      },
      {
        "state": "VIC",
        "price": "4200",
        "price_per_unit": "467",
        "price_unit": "G"
      },
      {
        "state": "QLD",
        "price": "4200",
        "price_per_unit": "467",
        "price_unit": "G"
      },
      {
        "state": "WA",
        "price": "4200",
        "price_per_unit": "467",
        "price_unit": "G"
      },
      {
        "state": "SA",
        "price": "4200",
        "price_per_unit": "467",
        "price_unit": "G"
      },
      {
        "state": "TAS",
        "price": "4200",
        "price_per_unit": "467",
        "price_unit": "G"
      },
      {
        "state": "ACT",
        "price": "4200",
        "price_per_unit": "467",
        "price_unit": "G"
      },
      {
        "state": "NT",
        "price": "4200",
        "price_per_unit": "467",
        "price_unit": "G"
      }
    ]
  },
  {
    "source_url": "https://www.woolworths.com.au/shop/productdetails/1075259878/nature-one-dairy-premium-newborn-formula-step-1-900g-x-3",
    "name": "Nature One Dairy Premium Newborn Formula Step 1 900g x 3",
    "image_url": "https://cdn1.woolworths.media/content/wowproductimages/large/1075259878.jpg",
    "source_id": "Woolworths - 1075259878",
    "barcode": null,
    "shop": "Woolworths",
    "weight": "100G",
    "prices": [
      {
        "state": "NSW",
        "price": "10500",
        "price_per_unit": "389",
        "price_unit": "G"
      },
      {
        "state": "VIC",
        "price": "10500",
        "price_per_unit": "389",
        "price_unit": "G"
      },
      {
        "state": "QLD",
        "price": "10500",
        "price_per_unit": "389",
        "price_unit": "G"
      },
      {
        "state": "WA",
        "price": "10500",
        "price_per_unit": "389",
        "price_unit": "G"
      },
      {
        "state": "SA",
        "price": "10500",
        "price_per_unit": "389",
        "price_unit": "G"
      },
      {
        "state": "TAS",
        "price": "10500",
        "price_per_unit": "389",
        "price_unit": "G"
      },
      {
        "state": "ACT",
        "price": "10500",
        "price_per_unit": "389",
        "price_unit": "G"
      },
      {
        "state": "NT",
        "price": "10500",
        "price_per_unit": "389",
        "price_unit": "G"
      }
    ]
  },
  {
    "source_url": "https://www.woolworths.com.au/shop/productdetails/1075259874/nature-one-dairy-premium-newborn-formula-step-1-900g-x-6",
    "name": "Nature One Dairy Premium Newborn Formula Step 1 900g x 6",
    "image_url": "https://cdn1.woolworths.media/content/wowproductimages/large/1075259874.jpg",
    "source_id": "Woolworths - 1075259874",
    "barcode": null,
    "shop": "Woolworths",
    "weight": "100G",
    "prices": [
      {
        "state": "NSW",
        "price": "19800",
        "price_per_unit": "367",
        "price_unit": "G"
      },
      {
        "state": "VIC",
        "price": "19800",
        "price_per_unit": "367",
        "price_unit": "G"
      },
      {
        "state": "QLD",
        "price": "19800",
        "price_per_unit": "367",
        "price_unit": "G"
      },
      {
        "state": "WA",
        "price": "19800",
        "price_per_unit": "367",
        "price_unit": "G"
      },
      {
        "state": "SA",
        "price": "19800",
        "price_per_unit": "367",
        "price_unit": "G"
      },
      {
        "state": "TAS",
        "price": "19800",
        "price_per_unit": "367",
        "price_unit": "G"
      },
      {
        "state": "ACT",
        "price": "19800",
        "price_per_unit": "367",
        "price_unit": "G"
      },
      {
        "state": "NT",
        "price": "19800",
        "price_per_unit": "367",
        "price_unit": "G"
      }
    ]
  },
  {
    "source_url": "https://www.woolworths.com.au/shop/productdetails/1075259889/nature-one-dairy-premium-with-2-mos-follow-on-formula-step-2-900g-x-3",
    "name": "Nature One Dairy Premium with 2-MOs – Follow-On Formula Step 2 900g x 3",
    "image_url": "https://cdn1.woolworths.media/content/wowproductimages/large/1075259889.jpg",
    "source_id": "Woolworths - 1075259889",
    "barcode": null,
    "shop": "Woolworths",
    "weight": "100G",
    "prices": [
      {
        "state": "NSW",
        "price": "11700",
        "price_per_unit": "433",
        "price_unit": "G"
      },
      {
        "state": "VIC",
        "price": "11700",
        "price_per_unit": "433",
        "price_unit": "G"
      },
      {
        "state": "QLD",
        "price": "11700",
        "price_per_unit": "433",
        "price_unit": "G"
      },
      {
        "state": "WA",
        "price": "11700",
        "price_per_unit": "433",
        "price_unit": "G"
      },
      {
        "state": "SA",
        "price": "11700",
        "price_per_unit": "433",
        "price_unit": "G"
      },
      {
        "state": "TAS",
        "price": "11700",
        "price_per_unit": "433",
        "price_unit": "G"
      },
      {
        "state": "ACT",
        "price": "11700",
        "price_per_unit": "433",
        "price_unit": "G"
      },
      {
        "state": "NT",
        "price": "11700",
        "price_per_unit": "433",
        "price_unit": "G"
      }
    ]
  },
  {
    "source_url": "https://www.woolworths.com.au/shop/productdetails/1075259887/nature-one-dairy-premium-with-2-mos-follow-on-formula-step-2-900g-x-6",
    "name": "Nature One Dairy Premium with 2-MOs – Follow-On Formula Step 2 900g x 6",
    "image_url": "https://cdn1.woolworths.media/content/wowproductimages/large/1075259887.jpg",
    "source_id": "Woolworths - 1075259887",
    "barcode": null,
    "shop": "Woolworths",
    "weight": "100G",
    "prices": [
      {
        "state": "NSW",
        "price": "22200",
        "price_per_unit": "411",
        "price_unit": "G"
      },
      {
        "state": "VIC",
        "price": "22200",
        "price_per_unit": "411",
        "price_unit": "G"
      },
      {
        "state": "QLD",
        "price": "22200",
        "price_per_unit": "411",
        "price_unit": "G"
      },
      {
        "state": "WA",
        "price": "22200",
        "price_per_unit": "411",
        "price_unit": "G"
      },
      {
        "state": "SA",
        "price": "22200",
        "price_per_unit": "411",
        "price_unit": "G"
      },
      {
        "state": "TAS",
        "price": "22200",
        "price_per_unit": "411",
        "price_unit": "G"
      },
      {
        "state": "ACT",
        "price": "22200",
        "price_per_unit": "411",
        "price_unit": "G"
      },
      {
        "state": "NT",
        "price": "22200",
        "price_per_unit": "411",
        "price_unit": "G"
      }
    ]
  },
  {
    "source_url": "https://www.woolworths.com.au/shop/productdetails/1075259888/nature-one-dairy-premium-with-2-mos-newborn-formula-step-1-900g-x-3",
    "name": "Nature One Dairy Premium with 2-MOs – Newborn Formula Step 1 900g x 3",
    "image_url": "https://cdn1.woolworths.media/content/wowproductimages/large/1075259888.jpg",
    "source_id": "Woolworths - 1075259888",
    "barcode": null,
    "shop": "Woolworths",
    "weight": "100G",
    "prices": [
      {
        "state": "NSW",
        "price": "11700",
        "price_per_unit": "433",
        "price_unit": "G"
      },
      {
        "state": "VIC",
        "price": "11700",
        "price_per_unit": "433",
        "price_unit": "G"
      },
      {
        "state": "QLD",
        "price": "11700",
        "price_per_unit": "433",
        "price_unit": "G"
      },
      {
        "state": "WA",
        "price": "11700",
        "price_per_unit": "433",
        "price_unit": "G"
      },
      {
        "state": "SA",
        "price": "11700",
        "price_per_unit": "433",
        "price_unit": "G"
      },
      {
        "state": "TAS",
        "price": "11700",
        "price_per_unit": "433",
        "price_unit": "G"
      },
      {
        "state": "ACT",
        "price": "11700",
        "price_per_unit": "433",
        "price_unit": "G"
      },
      {
        "state": "NT",
        "price": "11700",
        "price_per_unit": "433",
        "price_unit": "G"
      }
    ]
  },
  {
    "source_url": "https://www.woolworths.com.au/shop/productdetails/1075259886/nature-one-dairy-premium-with-2-mos-newborn-formula-step-1-900g-x-6",
    "name": "Nature One Dairy Premium with 2-MOs – Newborn Formula Step 1 900g x 6",
    "image_url": "https://cdn1.woolworths.media/content/wowproductimages/large/1075259886.jpg",
    "source_id": "Woolworths - 1075259886",
    "barcode": null,
    "shop": "Woolworths",
    "weight": "100G",
    "prices": [
      {
        "state": "NSW",
        "price": "22200",
        "price_per_unit": "411",
        "price_unit": "G"
      },
      {
        "state": "VIC",
        "price": "22200",
        "price_per_unit": "411",
        "price_unit": "G"
      },
      {
        "state": "QLD",
        "price": "22200",
        "price_per_unit": "411",
        "price_unit": "G"
      },
      {
        "state": "WA",
        "price": "22200",
        "price_per_unit": "411",
        "price_unit": "G"
      },
      {
        "state": "SA",
        "price": "22200",
        "price_per_unit": "411",
        "price_unit": "G"
      },
      {
        "state": "TAS",
        "price": "22200",
        "price_per_unit": "411",
        "price_unit": "G"
      },
      {
        "state": "ACT",
        "price": "22200",
        "price_per_unit": "411",
        "price_unit": "G"
      },
      {
        "state": "NT",
        "price": "22200",
        "price_per_unit": "411",
        "price_unit": "G"
      }
    ]
  },
  {
    "source_url": "https://www.woolworths.com.au/shop/productdetails/155540/nestle-nan-comfort-2-follow-on-formula-6-12-months-powder",
    "name": "Nestle NAN Comfort 2 Follow-On Formula 6-12 Months Powder 800g",
    "image_url": "https://cdn1.woolworths.media/content/wowproductimages/large/155540.jpg",
    "source_id": "Woolworths - 155540",
    "barcode": "7613287081674",
    "shop": "Woolworths",
    "weight": "100G",
    "prices": [
      {
        "state": "NSW",
        "price": "2100",
        "price_per_unit": "263",
        "price_unit": "G"
      },
      {
        "state": "VIC",
        "price": "2100",
        "price_per_unit": "263",
        "price_unit": "G"
      },
      {
        "state": "QLD",
        "price": "2100",
        "price_per_unit": "263",
        "price_unit": "G"
      },
      {
        "state": "WA",
        "price": "2100",
        "price_per_unit": "263",
        "price_unit": "G"
      },
      {
        "state": "SA",
        "price": "2100",
        "price_per_unit": "263",
        "price_unit": "G"
      },
      {
        "state": "TAS",
        "price": "2100",
        "price_per_unit": "263",
        "price_unit": "G"
      },
      {
        "state": "ACT",
        "price": "2100",
        "price_per_unit": "263",
        "price_unit": "G"
      },
      {
        "state": "NT",
        "price": "2205",
        "price_per_unit": "276",
        "price_unit": "G"
      }
    ]
  },
  {
    "source_url": "https://www.woolworths.com.au/shop/productdetails/155537/nestle-nan-optipro-2-follow-on-formula-6-12-months-powder",
    "name": "Nestle NAN Optipro 2 Follow-On Formula 6-12 Months Powder 800g",
    "image_url": "https://cdn1.woolworths.media/content/wowproductimages/large/155537.jpg",
    "source_id": "Woolworths - 155537",
    "barcode": "7613287040510",
    "shop": "Woolworths",
    "weight": "100G",
    "prices": [
      {
        "state": "NSW",
        "price": "2900",
        "price_per_unit": "363",
        "price_unit": "G"
      },
      {
        "state": "VIC",
        "price": "2900",
        "price_per_unit": "363",
        "price_unit": "G"
      },
      {
        "state": "QLD",
        "price": "2900",
        "price_per_unit": "363",
        "price_unit": "G"
      },
      {
        "state": "WA",
        "price": "2900",
        "price_per_unit": "363",
        "price_unit": "G"
      },
      {
        "state": "SA",
        "price": "2900",
        "price_per_unit": "363",
        "price_unit": "G"
      },
      {
        "state": "TAS",
        "price": "2900",
        "price_per_unit": "363",
        "price_unit": "G"
      },
      {
        "state": "ACT",
        "price": "2900",
        "price_per_unit": "363",
        "price_unit": "G"
      },
      {
        "state": "NT",
        "price": "3045",
        "price_per_unit": "381",
        "price_unit": "G"
      }
    ]
  },
  {
    "source_url": "https://www.woolworths.com.au/shop/productdetails/155533/nestle-nan-supremepro-2-follow-on-premium-formula-6-12-months",
    "name": "Nestle NAN Supremepro 2 Follow-On Premium Formula 6-12 Months 800g",
    "image_url": "https://cdn1.woolworths.media/content/wowproductimages/large/155533.jpg",
    "source_id": "Woolworths - 155533",
    "barcode": "7613039679562",
    "shop": "Woolworths",
    "weight": "100G",
    "prices": [
      {
        "state": "NSW",
        "price": "3800",
        "price_per_unit": "475",
        "price_unit": "G"
      },
      {
        "state": "VIC",
        "price": "3800",
        "price_per_unit": "475",
        "price_unit": "G"
      },
      {
        "state": "QLD",
        "price": "3800",
        "price_per_unit": "475",
        "price_unit": "G"
      },
      {
        "state": "WA",
        "price": "3800",
        "price_per_unit": "475",
        "price_unit": "G"
      },
      {
        "state": "SA",
        "price": "3800",
        "price_per_unit": "475",
        "price_unit": "G"
      },
      {
        "state": "TAS",
        "price": "3800",
        "price_per_unit": "475",
        "price_unit": "G"
      },
      {
        "state": "ACT",
        "price": "3800",
        "price_per_unit": "475",
        "price_unit": "G"
      },
      {
        "state": "NT",
        "price": "3990",
        "price_per_unit": "499",
        "price_unit": "G"
      }
    ]
  },
  {
    "source_url": "https://www.woolworths.com.au/shop/productdetails/1075481179/novalac-reflux-infant-formula-800g",
    "name": "Novalac Reflux Infant Formula 800g",
    "image_url": "https://cdn1.woolworths.media/content/wowproductimages/large/1075481179.jpg",
    "source_id": "Woolworths - 1075481179",
    "barcode": null,
    "shop": "Woolworths",
    "weight": "100G",
    "prices": [
      {
        "state": "NSW",
        "price": "3204",
        "price_per_unit": "401",
        "price_unit": "G"
      },
      {
        "state": "VIC",
        "price": "3204",
        "price_per_unit": "401",
        "price_unit": "G"
      },
      {
        "state": "QLD",
        "price": "3204",
        "price_per_unit": "401",
        "price_unit": "G"
      },
      {
        "state": "WA",
        "price": "3204",
        "price_per_unit": "401",
        "price_unit": "G"
      },
      {
        "state": "SA",
        "price": "3204",
        "price_per_unit": "401",
        "price_unit": "G"
      },
      {
        "state": "TAS",
        "price": "3204",
        "price_per_unit": "401",
        "price_unit": "G"
      },
      {
        "state": "ACT",
        "price": "3204",
        "price_per_unit": "401",
        "price_unit": "G"
      },
      {
        "state": "NT",
        "price": "3204",
        "price_per_unit": "401",
        "price_unit": "G"
      }
    ]
  },
  {
    "source_url": "https://www.woolworths.com.au/shop/productdetails/160940/nutura-organic-follow-on-formula-6-12-months",
    "name": "Nutura Organic Follow On Formula 6-12 Months 800g",
    "image_url": "https://cdn1.woolworths.media/content/wowproductimages/large/160940.jpg",
    "source_id": "Woolworths - 160940",
    "barcode": "9350758000625",
    "shop": "Woolworths",
    "weight": "100G",
    "prices": [
      {
        "state": "NSW",
        "price": "2800",
        "price_per_unit": "350",
        "price_unit": "G"
      },
      {
        "state": "VIC",
        "price": "2800",
        "price_per_unit": "350",
        "price_unit": "G"
      },
      {
        "state": "QLD",
        "price": "2800",
        "price_per_unit": "350",
        "price_unit": "G"
      },
      {
        "state": "WA",
        "price": "2800",
        "price_per_unit": "350",
        "price_unit": "G"
      },
      {
        "state": "SA",
        "price": "2800",
        "price_per_unit": "350",
        "price_unit": "G"
      },
      {
        "state": "TAS",
        "price": "2800",
        "price_per_unit": "350",
        "price_unit": "G"
      },
      {
        "state": "ACT",
        "price": "2800",
        "price_per_unit": "350",
        "price_unit": "G"
      },
      {
        "state": "NT",
        "price": "2800",
        "price_per_unit": "350",
        "price_unit": "G"
      }
    ]
  },
  {
    "source_url": "https://www.woolworths.com.au/shop/productdetails/1075345711/sprout-organic-plant-based-infant-formula-0-12-months-700g",
    "name": "Sprout Organic Plant Based Infant Formula 0-12 Months 700g",
    "image_url": "https://cdn1.woolworths.media/content/wowproductimages/large/1075345711.jpg",
    "source_id": "Woolworths - 1075345711",
    "barcode": null,
    "shop": "Woolworths",
    "weight": "100G",
    "prices": [
      {
        "state": "NSW",
        "price": "3995",
        "price_per_unit": "571",
        "price_unit": "G"
      },
      {
        "state": "VIC",
        "price": "3995",
        "price_per_unit": "571",
        "price_unit": "G"
      },
      {
        "state": "QLD",
        "price": "3995",
        "price_per_unit": "571",
        "price_unit": "G"
      },
      {
        "state": "WA",
        "price": "3995",
        "price_per_unit": "571",
        "price_unit": "G"
      },
      {
        "state": "SA",
        "price": "3995",
        "price_per_unit": "571",
        "price_unit": "G"
      },
      {
        "state": "TAS",
        "price": "3995",
        "price_per_unit": "571",
        "price_unit": "G"
      },
      {
        "state": "ACT",
        "price": "3995",
        "price_per_unit": "571",
        "price_unit": "G"
      },
      {
        "state": "NT",
        "price": "3995",
        "price_per_unit": "571",
        "price_unit": "G"
      }
    ]
  }
]