[
  {
    "source_url": "https://www.woolworths.com.au/shop/productdetails/461664/maybelline-build-a-brow-pen-gel-255-soft-brown",
    "name": "Maybelline Build A Brow Pen & Gel 255 Soft Brown 15g",
    "image_url": "https://cdn1.woolworths.media/content/wowproductimages/large/461664.jpg",
    "source_id": "Woolworths - 461664",
    "barcode": "3600531681319",
    "category_id": "1_894D0A8",
    "shop": "Woolworths",
    "weight": "10G",
    "prices": [
      {
        "state": "NSW",
        "price": "2900",
        "price_per_unit": "1933",
        "price_unit": "G"
      },
      {
        "state": "VIC",
        "price": "2900",
        "price_per_unit": "1933",
        "price_unit": "G"
      },
      {
        "state": "QLD",
        "price": "2900",
        "price_per_unit": "1933",
        "price_unit": "G"
      },
      {
        "state": "WA",
        "price": "2900",
        "price_per_unit": "1933",
        "price_unit": "G"
      },
      {
        "state": "SA",
        "price": "2900",
        "price_per_unit": "1933",
        "price_unit": "G"
      },
      {
        "state": "TAS",
        "price": "2900",
        "price_per_unit": "1933",
        "price_unit": "G"
      },
      {
        "state": "ACT",
        "price": "2900",
        "price_per_unit": "1933",
        "price_unit": "G"
      },
      {
        "state": "NT",
        "price": "2900",
        "price_per_unit": "1933",
        "price_unit": "G"
      }
    ]
  },
  {
    "source_url": "https://www.woolworths.com.au/shop/productdetails/461665/maybelline-build-a-brow-pen-gel-260-deep-brown",
    "name": "Maybelline Build A Brow Pen & Gel 260 Deep Brown 15g",
    "image_url": "https://cdn1.woolworths.media/content/wowproductimages/large/461665.jpg",
    "source_id": "Woolworths - 461665",
    "barcode": "3600531681340",
    "category_id": "1_894D0A8",
    "shop": "Woolworths",
    "weight": "10G",
    "prices": [
      {
        "state": "NSW",
        "price": "2900",
        "price_per_unit": "1933",
        "price_unit": "G"
      },
      {
        "state": "VIC",
        "price": "2900",
        "price_per_unit": "1933",
        "price_unit": "G"
      },
      {
        "state": "QLD",
        "price": "2900",
        "price_per_unit": "1933",
        "price_unit": "G"
      },
      {
        "state": "WA",
        "price": "2900",
        "price_per_unit": "1933",
        "price_unit": "G"
      },
      {
        "state": "SA",
        "price": "2900",
        "price_per_unit": "1933",
        "price_unit": "G"
      },
      {
        "state": "TAS",
        "price": "2900",
        "price_per_unit": "1933",
        "price_unit": "G"
      },
      {
        "state": "ACT",
        "price": "2900",
        "price_per_unit": "1933",
        "price_unit": "G"
      },
      {
        "state": "NT",
        "price": "2900",
        "price_per_unit": "1933",
        "price_unit": "G"
      }
    ]
  },
  {
    "source_url": "https://www.woolworths.com.au/shop/productdetails/380447/maybelline-fit-me-concealer-light-15",
    "name": "Maybelline Fit Me Concealer - Light 15 6.8ml",
    "image_url": "https://cdn1.woolworths.media/content/wowproductimages/large/380447.jpg",
    "source_id": "Woolworths - 380447",
    "barcode": "9344329010823",
    "category_id": "1_894D0A8",
    "shop": "Woolworths",
    "weight": "10ML",
    "prices": [
      {
        "state": "NSW",
        "price": "2000",
        "price_per_unit": "2941",
        "price_unit": "ML"
      },
      {
        "state": "VIC",
        "price": "2000",
        "price_per_unit": "2941",
        "price_unit": "ML"
      },
      {
        "state": "QLD",
        "price": "2000",
        "price_per_unit": "2941",
        "price_unit": "ML"
      },
      {
        "state": "WA",
        "price": "2000",
        "price_per_unit": "2941",
        "price_unit": "ML"
      },
      {
        "state": "SA",
        "price": "2000",
        "price_per_unit": "2941",
        "price_unit": "ML"
      },
      {
        "state": "TAS",
        "price": "2000",
        "price_per_unit": "2941",
        "price_unit": "ML"
      },
      {
        "state": "ACT",
        "price": "2000",
        "price_per_unit": "2941",
        "price_unit": "ML"
      },
      {
        "state": "NT",
        "price": "2000",
        "price_per_unit": "2941",
        "price_unit": "ML"
      }
    ]
  },
  {
    "source_url": "https://www.woolworths.com.au/shop/productdetails/807805/maybelline-fit-me-concealer-ivory",
    "name": "Maybelline Fit Me Concealer Ivory 6.8ml",
    "image_url": "https://cdn1.woolworths.media/content/wowproductimages/large/807805.jpg",
    "source_id": "Woolworths - 807805",
    "barcode": "41554543551",
    "category_id": "1_894D0A8",
    "shop": "Woolworths",
    "weight": "10ML",
    "prices": [
      {
        "state": "NSW",
        "price": "2000",
        "price_per_unit": "2941",
        "price_unit": "ML"
      },
      {
        "state": "VIC",
        "price": "2000",
        "price_per_unit": "2941",
        "price_unit": "ML"
      },
      {
        "state": "QLD",
        "price": "2000",
        "price_per_unit": "2941",
        "price_unit": "ML"
      },
      {
        "state": "WA",
        "price": "2000",
        "price_per_unit": "2941",
        "price_unit": "ML"
      },
      {
        "state": "SA",
        "price": "2000",
        "price_per_unit": "2941",
        "price_unit": "ML"
      },
      {
        "state": "ACT",
        "price": "2000",
        "price_per_unit": "2941",
        "price_unit": "ML"
      },
      {
        "state": "NT",
        "price": "2000",
        "price_per_unit": "2941",
        "price_unit": "ML"
      }
    ]
  },
  {
    "source_url": "https://www.woolworths.com.au/shop/productdetails/380444/maybelline-fit-me-dewy-smooth-foundation-classic-ivory-120",
    "name": "Maybelline Fit Me Dewy & Smooth Foundation - Classic Ivory 120 30ml",
    "image_url": "https://cdn1.woolworths.media/content/wowproductimages/large/380444.jpg",
    "source_id": "Woolworths - 380444",
    "barcode": "9344329007779",
    "category_id": "1_894D0A8",
    "shop": "Woolworths",
    "weight": "10ML",
    "prices": [
      {
        "state": "NSW",
        "price": "2600",
        "price_per_unit": "867",
        "price_unit": "ML"
      },
      {
        "state": "WA",
        "price": "2600",
        "price_per_unit": "867",
        "price_unit": "ML"
      },
      {
        "state": "SA",
        "price": "2600",
        "price_per_unit": "867",
        "price_unit": "ML"
      },
      {
        "state": "ACT",
        "price": "2600",
        "price_per_unit": "867",
        "price_unit": "ML"
      }
    ]
  },
  {
    "source_url": "https://www.woolworths.com.au/shop/productdetails/819299/maybelline-fit-me-dewy-smooth-foundation-ivory-115",
    "name": "Maybelline Fit Me Dewy & Smooth Foundation - Ivory 115 30ml",
    "image_url": "https://cdn1.woolworths.media/content/wowproductimages/large/819299.jpg",
    "source_id": "Woolworths - 819299",
    "barcode": "9344329078250",
    "category_id": "1_894D0A8",
    "shop": "Woolworths",
    "weight": "10ML",
    "prices": [
      {
        "state": "NSW",
        "price": "2600",
        "price_per_unit": "867",
        "price_unit": "ML"
      },
      {
        "state": "WA",
        "price": "2600",
        "price_per_unit": "867",
        "price_unit": "ML"
      },
      {
        "state": "SA",
        "price": "2600",
        "price_per_unit": "867",
        "price_unit": "ML"
      },
      {
        "state": "ACT",
        "price": "2600",
        "price_per_unit": "867",
        "price_unit": "ML"
      }
    ]
  },
  {
    "source_url": "https://www.woolworths.com.au/shop/productdetails/807797/maybelline-fit-me-dewy-smooth-foundation-nude-beige-125",
    "name": "Maybelline Fit Me Dewy & Smooth Foundation - Nude Beige 125 30ml",
    "image_url": "https://cdn1.woolworths.media/content/wowproductimages/large/807797.jpg",
    "source_id": "Woolworths - 807797",
    "barcode": "9344329078267",
    "category_id": "1_894D0A8",
    "shop": "Woolworths",
    "weight": "10ML",
    "prices": [
      {
        "state": "NSW",
        "price": "2600",
        "price_per_unit": "867",
        "price_unit": "ML"
      },
      {
        "state": "WA",
        "price": "2600",
        "price_per_unit": "867",
        "price_unit": "ML"
      },
      {
        "state": "SA",
        "price": "2600",
        "price_per_unit": "867",
        "price_unit": "ML"
      },
      {
        "state": "ACT",
        "price": "2600",
        "price_per_unit": "867",
        "price_unit": "ML"
      }
    ]
  },
  {
    "source_url": "https://www.woolworths.com.au/shop/productdetails/380446/maybelline-fit-me-dewy-smooth-liquid-foundation-medium-buff",
    "name": "Maybelline Fit Me Dewy & Smooth Liquid Foundation - Medium Buff 30ml",
    "image_url": "https://cdn1.woolworths.media/content/wowproductimages/large/380446.jpg",
    "source_id": "Woolworths - 380446",
    "barcode": "9344329007793",
    "category_id": "1_894D0A8",
    "shop": "Woolworths",
    "weight": "10ML",
    "prices": [
      {
        "state": "NSW",
        "price": "2600",
        "price_per_unit": "867",
        "price_unit": "ML"
      },
      {
        "state": "WA",
        "price": "2600",
        "price_per_unit": "867",
        "price_unit": "ML"
      },
      {
        "state": "SA",
        "price": "2600",
        "price_per_unit": "867",
        "price_unit": "ML"
      },
      {
        "state": "ACT",
        "price": "2600",
        "price_per_unit": "867",
        "price_unit": "ML"
      }
    ]
  },
  {
    "source_url": "https://www.woolworths.com.au/shop/productdetails/380781/maybelline-fit-me-dewy-smooth-liquid-foundation-sun-beige",
    "name": "Maybelline Fit Me Dewy & Smooth Liquid Foundation - Sun Beige 30ml",
    "image_url": "https://cdn1.woolworths.media/content/wowproductimages/large/380781.jpg",
    "source_id": "Woolworths - 380781",
    "barcode": "9344329007816",
    "category_id": "1_894D0A8",
    "shop": "Woolworths",
    "weight": "10ML",
    "prices": [
      {
        "state": "NSW",
        "price": "2600",
        "price_per_unit": "867",
        "price_unit": "ML"
      },
      {
        "state": "SA",
        "price": "2600",
        "price_per_unit": "867",
        "price_unit": "ML"
      },
      {
        "state": "ACT",
        "price": "2600",
        "price_per_unit": "867",
        "price_unit": "ML"
      }
    ]
  },
  {
    "source_url": "https://www.woolworths.com.au/shop/productdetails/502365/maybelline-fit-me-loose-finishing-powder-10-fair-light",
    "name": "Maybelline Fit Me Loose Finishing Powder 10 Fair Light 20g",
    "image_url": "https://cdn1.woolworths.media/content/wowproductimages/large/502365.jpg",
    "source_id": "Woolworths - 502365",
    "barcode": "9344329257785",
    "category_id": "1_894D0A8",
    "shop": "Woolworths",
    "weight": "10G",
    "prices": [
      {
        "state": "NSW",
        "price": "2300",
        "price_per_unit": "1150",
        "price_unit": "G"
      },
      {
        "state": "VIC",
        "price": "2300",
        "price_per_unit": "1150",
        "price_unit": "G"
      },
      {
        "state": "QLD",
        "price": "2300",
        "price_per_unit": "1150",
        "price_unit": "G"
      },
      {
        "state": "WA",
        "price": "2300",
        "price_per_unit": "1150",
        "price_unit": "G"
      },
      {
        "state": "SA",
        "price": "2300",
        "price_per_unit": "1150",
        "price_unit": "G"
      },
      {
        "state": "TAS",
        "price": "2300",
        "price_per_unit": "1150",
        "price_unit": "G"
      },
      {
        "state": "ACT",
        "price": "2300",
        "price_per_unit": "1150",
        "price_unit": "G"
      },
      {
        "state": "NT",
        "price": "2300",
        "price_per_unit": "1150",
        "price_unit": "G"
      }
    ]
  },
  {
    "source_url": "https://www.woolworths.com.au/shop/productdetails/877391/maybelline-fit-me-matte-poreless-foundation-classic-ivory-120",
    "name": "Maybelline Fit Me Matte & Poreless Foundation - Classic Ivory 120 30ml",
    "image_url": "https://cdn1.woolworths.media/content/wowproductimages/large/877391.jpg",
    "source_id": "Woolworths - 877391",
    "barcode": "9344329095271",
    "category_id": "1_894D0A8",
    "shop": "Woolworths",
    "weight": "10ML",
    "prices": [
      {
        "state": "NSW",
        "price": "2600",
        "price_per_unit": "867",
        "price_unit": "ML"
      },
      {
        "state": "VIC",
        "price": "2600",
        "price_per_unit": "867",
        "price_unit": "ML"
      },
      {
        "state": "QLD",
        "price": "2600",
        "price_per_unit": "867",
        "price_unit": "ML"
      },
      {
        "state": "WA",
        "price": "2600",
        "price_per_unit": "867",
        "price_unit": "ML"
      },
      {
        "state": "SA",
        "price": "2600",
        "price_per_unit": "867",
        "price_unit": "ML"
      },
      {
        "state": "TAS",
        "price": "2600",
        "price_per_unit": "867",
        "price_unit": "ML"
      },
      {
        "state": "ACT",
        "price": "2600",
        "price_per_unit": "867",
        "price_unit": "ML"
      },
      {
        "state": "NT",
        "price": "2730",
        "price_per_unit": "910",
        "price_unit": "ML"
      }
    ]
  },
  {
    "source_url": "https://www.woolworths.com.au/shop/productdetails/622369/maybelline-fit-me-matte-poreless-foundation-creamy-beige-122",
    "name": "Maybelline Fit Me Matte & Poreless Foundation - Creamy Beige 122 30ml",
    "image_url": "https://cdn1.woolworths.media/content/wowproductimages/large/622369.jpg",
    "source_id": "Woolworths - 622369",
    "barcode": "9344329122786",
    "category_id": "1_894D0A8",
    "shop": "Woolworths",
    "weight": "10ML",
    "prices": [
      {
        "state": "NSW",
        "price": "2600",
        "price_per_unit": "867",
        "price_unit": "ML"
      },
      {
        "state": "SA",
        "price": "2600",
        "price_per_unit": "867",
        "price_unit": "ML"
      },
      {
        "state": "ACT",
        "price": "2600",
        "price_per_unit": "867",
        "price_unit": "ML"
      }
    ]
  },
  {
    "source_url": "https://www.woolworths.com.au/shop/productdetails/877451/maybelline-fit-me-matte-poreless-foundation-ivory-115",
    "name": "Maybelline Fit Me Matte & Poreless Foundation - Ivory 115 30ml",
    "image_url": "https://cdn1.woolworths.media/content/wowproductimages/large/877451.jpg",
    "source_id": "Woolworths - 877451",
    "barcode": "9344329095042",
    "category_id": "1_894D0A8",
    "shop": "Woolworths",
    "weight": "10ML",
    "prices": [
      {
        "state": "NSW",
        "price": "2600",
        "price_per_unit": "867",
        "price_unit": "ML"
      },
      {
        "state": "VIC",
        "price": "2600",
        "price_per_unit": "867",
        "price_unit": "ML"
      },
      {
        "state": "QLD",
        "price": "2600",
        "price_per_unit": "867",
        "price_unit": "ML"
      },
      {
        "state": "WA",
        "price": "2600",
        "price_per_unit": "867",
        "price_unit": "ML"
      },
      {
        "state": "SA",
        "price": "2600",
        "price_per_unit": "867",
        "price_unit": "ML"
      },
      {
        "state": "TAS",
        "price": "2600",
        "price_per_unit": "867",
        "price_unit": "ML"
      },
      {
        "state": "ACT",
        "price": "2600",
        "price_per_unit": "867",
        "price_unit": "ML"
      },
      {
        "state": "NT",
        "price": "2730",
        "price_per_unit": "910",
        "price_unit": "ML"
      }
    ]
  },
  {
    "source_url": "https://www.woolworths.com.au/shop/productdetails/819980/maybelline-fit-me-matte-poreless-foundation-light-beige-118",
    "name": "Maybelline Fit Me Matte & Poreless Foundation - Light Beige 118 30ml",
    "image_url": "https://cdn1.woolworths.media/content/wowproductimages/large/819980.jpg",
    "source_id": "Woolworths - 819980",
    "barcode": "9344329142074",
    "category_id": "1_894D0A8",
    "shop": "Woolworths",
    "weight": "10ML",
    "prices": [
      {
        "state": "NSW",
        "price": "2600",
        "price_per_unit": "867",
        "price_unit": "ML"
      },
      {
        "state": "WA",
        "price": "2600",
        "price_per_unit": "867",
        "price_unit": "ML"
      },
      {
        "state": "SA",
        "price": "2600",
        "price_per_unit": "867",
        "price_unit": "ML"
      },
      {
        "state": "ACT",
        "price": "2600",
        "price_per_unit": "867",
        "price_unit": "ML"
      }
    ]
  },
  {
    "source_url": "https://www.woolworths.com.au/shop/productdetails/877393/maybelline-fit-me-matte-poreless-foundation-natural-beige",
    "name": "Maybelline Fit Me Matte & Poreless Foundation - Natural Beige 30ml",
    "image_url": "https://cdn1.woolworths.media/content/wowproductimages/large/877393.jpg",
    "source_id": "Woolworths - 877393",
    "barcode": "9344329095035",
    "category_id": "1_894D0A8",
    "shop": "Woolworths",
    "weight": "10ML",
    "prices": [
      {
        "state": "NSW",
        "price": "2600",
        "price_per_unit": "867",
        "price_unit": "ML"
      },
      {
        "state": "VIC",
        "price": "2600",
        "price_per_unit": "867",
        "price_unit": "ML"
      },
      {
        "state": "QLD",
        "price": "2600",
        "price_per_unit": "867",
        "price_unit": "ML"
      },
      {
        "state": "WA",
        "price": "2600",
        "price_per_unit": "867",
        "price_unit": "ML"
      },
      {
        "state": "SA",
        "price": "2600",
        "price_per_unit": "867",
        "price_unit": "ML"
      },
      {
        "state": "TAS",
        "price": "2600",
        "price_per_unit": "867",
        "price_unit": "ML"
      },
      {
        "state": "ACT",
        "price": "2600",
        "price_per_unit": "867",
        "price_unit": "ML"
      },
      {
        "state": "NT",
        "price": "2730",
        "price_per_unit": "910",
        "price_unit": "ML"
      }
    ]
  },
  {
    "source_url": "https://www.woolworths.com.au/shop/productdetails/622358/maybelline-fit-me-matte-poreless-foundation-porcelain-110",
    "name": "Maybelline Fit Me Matte & Poreless Foundation - Porcelain 110 30ml",
    "image_url": "https://cdn1.woolworths.media/content/wowproductimages/large/622358.jpg",
    "source_id": "Woolworths - 622358",
    "barcode": "9344329115351",
    "category_id": "1_894D0A8",
    "shop": "Woolworths",
    "weight": "10ML",
    "prices": [
      {
        "state": "NSW",
        "price": "2600",
        "price_per_unit": "867",
        "price_unit": "ML"
      },
      {
        "state": "VIC",
        "price": "2600",
        "price_per_unit": "867",
        "price_unit": "ML"
      },
      {
        "state": "QLD",
        "price": "2600",
        "price_per_unit": "867",
        "price_unit": "ML"
      },
      {
        "state": "WA",
        "price": "2600",
        "price_per_unit": "867",
        "price_unit": "ML"
      },
      {
        "state": "SA",
        "price": "2600",
        "price_per_unit": "867",
        "price_unit": "ML"
      },
      {
        "state": "TAS",
        "price": "2600",
        "price_per_unit": "867",
        "price_unit": "ML"
      },
      {
        "state": "ACT",
        "price": "2600",
        "price_per_unit": "867",
        "price_unit": "ML"
      },
      {
        "state": "NT",
        "price": "2730",
        "price_per_unit": "910",
        "price_unit": "ML"
      }
    ]
  },
  {
    "source_url": "https://www.woolworths.com.au/shop/productdetails/819867/maybelline-fit-me-matte-poreless-foundation-natural-ivory-112",
    "name": "Maybelline Fit Me Matte & Poreless Foundation- Natural Ivory 112 30ml",
    "image_url": "https://cdn1.woolworths.media/content/wowproductimages/large/819867.jpg",
    "source_id": "Woolworths - 819867",
    "barcode": "9344329180533",
    "category_id": "1_894D0A8",
    "shop": "Woolworths",
    "weight": "10ML",
    "prices": [
      {
        "state": "NSW",
        "price": "2600",
        "price_per_unit": "867",
        "price_unit": "ML"
      },
      {
        "state": "WA",
        "price": "2600",
        "price_per_unit": "867",
        "price_unit": "ML"
      },
      {
        "state": "SA",
        "price": "2600",
        "price_per_unit": "867",
        "price_unit": "ML"
      },
      {
        "state": "ACT",
        "price": "2600",
        "price_per_unit": "867",
        "price_unit": "ML"
      }
    ]
  },
  {
    "source_url": "https://www.woolworths.com.au/shop/productdetails/674483/maybelline-fit-me-matte-poreless-foundation-pure-beige-235",
    "name": "Maybelline Fit Me Matte & Poreless Foundation- Pure Beige 235 30ml",
    "image_url": "https://cdn1.woolworths.media/content/wowproductimages/large/674483.jpg",
    "source_id": "Woolworths - 674483",
    "barcode": "9344329115368",
    "category_id": "1_894D0A8",
    "shop": "Woolworths",
    "weight": "10ML",
    "prices": [
      {
        "state": "NSW",
        "price": "2600",
        "price_per_unit": "867",
        "price_unit": "ML"
      },
      {
        "state": "WA",
        "price": "2600",
        "price_per_unit": "867",
        "price_unit": "ML"
      },
      {
        "state": "SA",
        "price": "2600",
        "price_per_unit": "867",
        "price_unit": "ML"
      },
      {
        "state": "ACT",
        "price": "2600",
        "price_per_unit": "867",
        "price_unit": "ML"
      }
    ]
  },
  {
    "source_url": "https://www.woolworths.com.au/shop/productdetails/688569/maybelline-fit-me-matte-poreless-pressed-powder-classic-ivory",
    "name": "Maybelline Fit Me Matte & Poreless Pressed Powder - Classic Ivory Each",
    "image_url": "https://cdn1.woolworths.media/content/wowproductimages/large/688569.jpg",
    "source_id": "Woolworths - 688569",
    "barcode": "9344329149462",
    "category_id": "1_894D0A8",
    "shop": "Woolworths",
    "weight": "10G",
    "prices": [
      {
        "state": "NSW",
        "price": "2000",
        "price_per_unit": "2222",
        "price_unit": "G"
      },
      {
        "state": "VIC",
        "price": "2000",
        "price_per_unit": "2222",
        "price_unit": "G"
      },
      {
        "state": "QLD",
        "price": "2000",
        "price_per_unit": "2222",
        "price_unit": "G"
      },
      {
        "state": "WA",
        "price": "2000",
        "price_per_unit": "2222",
        "price_unit": "G"
      },
      {
        "state": "SA",
        "price": "2000",
        "price_per_unit": "2222",
        "price_unit": "G"
      },
      {
        "state": "TAS",
        "price": "2000",
        "price_per_unit": "2222",
        "price_unit": "G"
      },
      {
        "state": "ACT",
        "price": "2000",
        "price_per_unit": "2222",
        "price_unit": "G"
      },
      {
        "state": "NT",
        "price": "2000",
        "price_per_unit": "2222",
        "price_unit": "G"
      }
    ]
  },
  {
    "source_url": "https://www.woolworths.com.au/shop/productdetails/688710/maybelline-fit-me-matte-poreless-pressed-powder-pure-beige-235",
    "name": "Maybelline Fit Me Matte & Poreless Pressed Powder- Pure Beige 235 Each",
    "image_url": "https://cdn1.woolworths.media/content/wowproductimages/large/688710.jpg",
    "source_id": "Woolworths - 688710",
    "barcode": "9344329149486",
    "category_id": "1_894D0A8",
    "shop": "Woolworths",
    "weight": "10G",
    "prices": [
      {
        "state": "NSW",
        "price": "2000",
        "price_per_unit": "2222",
        "price_unit": "G"
      },
      {
        "state": "VIC",
        "price": "2000",
        "price_per_unit": "2222",
        "price_unit": "G"
      },
      {
        "state": "QLD",
        "price": "2000",
        "price_per_unit": "2222",
        "price_unit": "G"
      },
      {
        "state": "WA",
        "price": "2000",
        "price_per_unit": "2222",
        "price_unit": "G"
      },
      {
        "state": "SA",
        "price": "2000",
        "price_per_unit": "2222",
        "price_unit": "G"
      },
      {
        "state": "TAS",
        "price": "2000",
        "price_per_unit": "2222",
        "price_unit": "G"
      },
      {
        "state": "ACT",
        "price": "2000",
        "price_per_unit": "2222",
        "price_unit": "G"
      },
      {
        "state": "NT",
        "price": "2000",
        "price_per_unit": "2222",
        "price_unit": "G"
      }
    ]
  },
  {
    "source_url": "https://www.woolworths.com.au/shop/productdetails/164715/maybelline-fit-me-matte-poreless-primer",
    "name": "Maybelline Fit Me Matte & Poreless Primer 30ml",
    "image_url": "https://cdn1.woolworths.media/content/wowproductimages/large/164715.jpg",
    "source_id": "Woolworths - 164715",
    "barcode": "9344329215082",
    "category_id": "1_894D0A8",
    "shop": "Woolworths",
    "weight": "10ML",
    "prices": [
      {
        "state": "NSW",
        "price": "2100",
        "price_per_unit": "700",
        "price_unit": "ML"
      },
      {
        "state": "WA",
        "price": "2100",
        "price_per_unit": "700",
        "price_unit": "ML"
      },
      {
        "state": "SA",
        "price": "2100",
        "price_per_unit": "700",
        "price_unit": "ML"
      },
      {
        "state": "ACT",
        "price": "2100",
        "price_per_unit": "700",
        "price_unit": "ML"
      }
    ]
  },
  {
    "source_url": "https://www.woolworths.com.au/shop/productdetails/98498/maybelline-fit-me-matte-pore-powder-natural-beige",
    "name": "Maybelline Fit Me Matte Pore Powder Natural Beige 8.5g",
    "image_url": "https://cdn1.woolworths.media/content/wowproductimages/large/098498.jpg",
    "source_id": "Woolworths - 98498",
    "barcode": "9344329177519",
    "category_id": "1_894D0A8",
    "shop": "Woolworths",
    "weight": "10G",
    "prices": [
      {
        "state": "NSW",
        "price": "2000",
        "price_per_unit": "2353",
        "price_unit": "G"
      },
      {
        "state": "SA",
        "price": "2000",
        "price_per_unit": "2353",
        "price_unit": "G"
      },
      {
        "state": "ACT",
        "price": "2000",
        "price_per_unit": "2353",
        "price_unit": "G"
      }
    ]
  },
  {
    "source_url": "https://www.woolworths.com.au/shop/productdetails/164547/maybelline-fit-me-matte-poreless-primer",
    "name": "Maybelline Fit Me Matte Poreless Primer 30ml",
    "image_url": "https://cdn1.woolworths.media/content/wowproductimages/large/164547.jpg",
    "source_id": "Woolworths - 164547",
    "barcode": "9344329215068",
    "category_id": "1_894D0A8",
    "shop": "Woolworths",
    "weight": "10ML",
    "prices": [
      {
        "state": "NSW",
        "price": "2100",
        "price_per_unit": "700",
        "price_unit": "ML"
      },
      {
        "state": "SA",
        "price": "2100",
        "price_per_unit": "700",
        "price_unit": "ML"
      },
      {
        "state": "ACT",
        "price": "2100",
        "price_per_unit": "700",
        "price_unit": "ML"
      }
    ]
  },
  {
    "source_url": "https://www.woolworths.com.au/shop/productdetails/380448/maybelline-fit-me-natural-coverage-concealer-sand",
    "name": "Maybelline Fit Me Natural Coverage Concealer - Sand 6.8ml",
    "image_url": "https://cdn1.woolworths.media/content/wowproductimages/large/380448.jpg",
    "source_id": "Woolworths - 380448",
    "barcode": "9344329010793",
    "category_id": "1_894D0A8",
    "shop": "Woolworths",
    "weight": "10ML",
    "prices": [
      {
        "state": "NSW",
        "price": "2000",
        "price_per_unit": "2941",
        "price_unit": "ML"
      },
      {
        "state": "VIC",
        "price": "2000",
        "price_per_unit": "2941",
        "price_unit": "ML"
      },
      {
        "state": "QLD",
        "price": "2000",
        "price_per_unit": "2941",
        "price_unit": "ML"
      },
      {
        "state": "WA",
        "price": "2000",
        "price_per_unit": "2941",
        "price_unit": "ML"
      },
      {
        "state": "SA",
        "price": "2000",
        "price_per_unit": "2941",
        "price_unit": "ML"
      },
      {
        "state": "TAS",
        "price": "2000",
        "price_per_unit": "2941",
        "price_unit": "ML"
      },
      {
        "state": "ACT",
        "price": "2000",
        "price_per_unit": "2941",
        "price_unit": "ML"
      },
      {
        "state": "NT",
        "price": "2000",
        "price_per_unit": "2941",
        "price_unit": "ML"
      }
    ]
  },
  {
    "source_url": "https://www.woolworths.com.au/shop/productdetails/674477/maybelline-fit-me-true-to-tone-blush-nude",
    "name": "Maybelline Fit Me True-To-Tone Blush - Nude 4.5g",
    "image_url": "https://cdn1.woolworths.media/content/wowproductimages/large/674477.jpg",
    "source_id": "Woolworths - 674477",
    "barcode": "9344329139012",
    "category_id": "1_894D0A8",
    "shop": "Woolworths",
    "weight": "10G",
    "prices": [
      {
        "state": "NSW",
        "price": "1900",
        "price_per_unit": "4222",
        "price_unit": "G"
      },
      {
        "state": "WA",
        "price": "1900",
        "price_per_unit": "4222",
        "price_unit": "G"
      },
      {
        "state": "SA",
        "price": "1900",
        "price_per_unit": "4222",
        "price_unit": "G"
      },
      {
        "state": "ACT",
        "price": "1900",
        "price_per_unit": "4222",
        "price_unit": "G"
      }
    ]
  },
  {
    "source_url": "https://www.woolworths.com.au/shop/productdetails/164514/maybelline-fitme-dewy-smooth-foundation-natural-beige",
    "name": "Maybelline Fitme Dewy & Smooth Foundation Natural Beige 30ml",
    "image_url": "https://cdn1.woolworths.media/content/wowproductimages/large/164514.jpg",
    "source_id": "Woolworths - 164514",
    "barcode": "9344329078281",
    "category_id": "1_894D0A8",
    "shop": "Woolworths",
    "weight": "10ML",
    "prices": [
      {
        "state": "NSW",
        "price": "2600",
        "price_per_unit": "867",
        "price_unit": "ML"
      },
      {
        "state": "SA",
        "price": "2600",
        "price_per_unit": "867",
        "price_unit": "ML"
      },
      {
        "state": "ACT",
        "price": "2600",
        "price_per_unit": "867",
        "price_unit": "ML"
      }
    ]
  },
  {
    "source_url": "https://www.woolworths.com.au/shop/productdetails/164815/maybelline-fitme-dewy-smooth-foundation-sandy-beige",
    "name": "Maybelline Fitme Dewy & Smooth Foundation Sandy Beige 30ml",
    "image_url": "https://cdn1.woolworths.media/content/wowproductimages/large/164815.jpg",
    "source_id": "Woolworths - 164815",
    "barcode": "9344329078274",
    "category_id": "1_894D0A8",
    "shop": "Woolworths",
    "weight": "10ML",
    "prices": [
      {
        "state": "NSW",
        "price": "2600",
        "price_per_unit": "867",
        "price_unit": "ML"
      },
      {
        "state": "WA",
        "price": "2600",
        "price_per_unit": "867",
        "price_unit": "ML"
      },
      {
        "state": "SA",
        "price": "2600",
        "price_per_unit": "867",
        "price_unit": "ML"
      },
      {
        "state": "ACT",
        "price": "2600",
        "price_per_unit": "867",
        "price_unit": "ML"
      }
    ]
  },
  {
    "source_url": "https://www.woolworths.com.au/shop/productdetails/716193/maybelline-instant-age-rewind-concealer-fair-110",
    "name": "Maybelline Instant Age Rewind Concealer - Fair 110 6ml",
    "image_url": "https://cdn1.woolworths.media/content/wowproductimages/large/716193.jpg",
    "source_id": "Woolworths - 716193",
    "barcode": "41554259247",
    "category_id": "1_894D0A8",
    "shop": "Woolworths",
    "weight": "10ML",
    "prices": [
      {
        "state": "NSW",
        "price": "2300",
        "price_per_unit": "3833",
        "price_unit": "ML"
      },
      {
        "state": "WA",
        "price": "2300",
        "price_per_unit": "3833",
        "price_unit": "ML"
      },
      {
        "state": "SA",
        "price": "2300",
        "price_per_unit": "3833",
        "price_unit": "ML"
      },
      {
        "state": "ACT",
        "price": "2300",
        "price_per_unit": "3833",
        "price_unit": "ML"
      }
    ]
  },
  {
    "source_url": "https://www.woolworths.com.au/shop/productdetails/818818/maybelline-instant-age-rewind-concealer-honey",
    "name": "Maybelline Instant Age Rewind Concealer - Honey 6ml",
    "image_url": "https://cdn1.woolworths.media/content/wowproductimages/large/818818.jpg",
    "source_id": "Woolworths - 818818",
    "barcode": "41554259278",
    "category_id": "1_894D0A8",
    "shop": "Woolworths",
    "weight": "10ML",
    "prices": [
      {
        "state": "NSW",
        "price": "2300",
        "price_per_unit": "3833",
        "price_unit": "ML"
      },
      {
        "state": "SA",
        "price": "2300",
        "price_per_unit": "3833",
        "price_unit": "ML"
      },
      {
        "state": "ACT",
        "price": "2300",
        "price_per_unit": "3833",
        "price_unit": "ML"
      }
    ]
  },
  {
    "source_url": "https://www.woolworths.com.au/shop/productdetails/716125/maybelline-instant-age-rewind-concealer-light",
    "name": "Maybelline Instant Age Rewind Concealer - Light 6ml",
    "image_url": "https://cdn1.woolworths.media/content/wowproductimages/large/716125.jpg",
    "source_id": "Woolworths - 716125",
    "barcode": "3600530733842",
    "category_id": "1_894D0A8",
    "shop": "Woolworths",
    "weight": "10ML",
    "prices": [
      {
        "state": "NSW",
        "price": "2300",
        "price_per_unit": "3833",
        "price_unit": "ML"
      },
      {
        "state": "VIC",
        "price": "2300",
        "price_per_unit": "3833",
        "price_unit": "ML"
      },
      {
        "state": "QLD",
        "price": "2300",
        "price_per_unit": "3833",
        "price_unit": "ML"
      },
      {
        "state": "WA",
        "price": "2300",
        "price_per_unit": "3833",
        "price_unit": "ML"
      },
      {
        "state": "SA",
        "price": "2300",
        "price_per_unit": "3833",
        "price_unit": "ML"
      },
      {
        "state": "TAS",
        "price": "2300",
        "price_per_unit": "3833",
        "price_unit": "ML"
      },
      {
        "state": "ACT",
        "price": "2300",
        "price_per_unit": "3833",
        "price_unit": "ML"
      },
      {
        "state": "NT",
        "price": "2300",
        "price_per_unit": "3833",
        "price_unit": "ML"
      }
    ]
  },
  {
    "source_url": "https://www.woolworths.com.au/shop/productdetails/104958/maybelline-instant-age-rewind-concealer-sand",
    "name": "Maybelline Instant Age Rewind Concealer Sand 6.8mL",
    "image_url": "https://cdn1.woolworths.media/content/wowproductimages/large/104958.jpg",
    "source_id": "Woolworths - 104958",
    "barcode": "9344329257549",
    "category_id": "1_894D0A8",
    "shop": "Woolworths",
    "weight": "10ML",
    "prices": [
      {
        "state": "NSW",
        "price": "2300",
        "price_per_unit": "3382",
        "price_unit": "ML"
      },
      {
        "state": "VIC",
        "price": "2300",
        "price_per_unit": "3382",
        "price_unit": "ML"
      },
      {
        "state": "QLD",
        "price": "2300",
        "price_per_unit": "3382",
        "price_unit": "ML"
      },
      {
        "state": "WA",
        "price": "2300",
        "price_per_unit": "3382",
        "price_unit": "ML"
      },
      {
        "state": "SA",
        "price": "2300",
        "price_per_unit": "3382",
        "price_unit": "ML"
      },
      {
        "state": "TAS",
        "price": "2300",
        "price_per_unit": "3382",
        "price_unit": "ML"
      },
      {
        "state": "ACT",
        "price": "2300",
        "price_per_unit": "3382",
        "price_unit": "ML"
      },
      {
        "state": "NT",
        "price": "2300",
        "price_per_unit": "3382",
        "price_unit": "ML"
      }
    ]
  },
  {
    "source_url": "https://www.woolworths.com.au/shop/productdetails/818759/maybelline-instant-age-rewind-dark-circle-concealer-ivory",
    "name": "Maybelline Instant Age Rewind Dark Circle Concealer - Ivory 6ml",
    "image_url": "https://cdn1.woolworths.media/content/wowproductimages/large/818759.jpg",
    "source_id": "Woolworths - 818759",
    "barcode": "41554546781",
    "category_id": "1_894D0A8",
    "shop": "Woolworths",
    "weight": "10ML",
    "prices": [
      {
        "state": "NSW",
        "price": "2300",
        "price_per_unit": "3833",
        "price_unit": "ML"
      },
      {
        "state": "VIC",
        "price": "2300",
        "price_per_unit": "3833",
        "price_unit": "ML"
      },
      {
        "state": "QLD",
        "price": "2300",
        "price_per_unit": "3833",
        "price_unit": "ML"
      },
      {
        "state": "WA",
        "price": "2300",
        "price_per_unit": "3833",
        "price_unit": "ML"
      },
      {
        "state": "SA",
        "price": "2300",
        "price_per_unit": "3833",
        "price_unit": "ML"
      },
      {
        "state": "TAS",
        "price": "2300",
        "price_per_unit": "3833",
        "price_unit": "ML"
      },
      {
        "state": "ACT",
        "price": "2300",
        "price_per_unit": "3833",
        "price_unit": "ML"
      },
      {
        "state": "NT",
        "price": "2300",
        "price_per_unit": "3833",
        "price_unit": "ML"
      }
    ]
  },
  {
    "source_url": "https://www.woolworths.com.au/shop/productdetails/500624/maybelline-instant-anti-age-perfector-4-in-1-glow-makeup-deep",
    "name": "Maybelline Instant Anti Age Perfector 4-In-1 Glow Makeup Deep 20mL",
    "image_url": "https://cdn1.woolworths.media/content/wowproductimages/large/500624.jpg",
    "source_id": "Woolworths - 500624",
    "barcode": "9344329253404",
    "category_id": "1_894D0A8",
    "shop": "Woolworths",
    "weight": "10ML",
    "prices": [
      {
        "state": "NSW",
        "price": "3500",
        "price_per_unit": "1750",
        "price_unit": "ML"
      },
      {
        "state": "SA",
        "price": "3500",
        "price_per_unit": "1750",
        "price_unit": "ML"
      },
      {
        "state": "ACT",
        "price": "3500",
        "price_per_unit": "1750",
        "price_unit": "ML"
      }
    ]
  },
  {
    "source_url": "https://www.woolworths.com.au/shop/productdetails/502023/maybelline-instant-anti-age-perfector-4-in-1-glow-makeup-medium-deep",
    "name": "Maybelline Instant Anti Age Perfector 4-In-1 Glow Makeup Medium Deep 20mL",
    "image_url": "https://cdn1.woolworths.media/content/wowproductimages/large/502023.jpg",
    "source_id": "Woolworths - 502023",
    "barcode": "9344329253411",
    "category_id": "1_894D0A8",
    "shop": "Woolworths",
    "weight": "10ML",
    "prices": [
      {
        "state": "NSW",
        "price": "3500",
        "price_per_unit": "1750",
        "price_unit": "ML"
      },
      {
        "state": "WA",
        "price": "3500",
        "price_per_unit": "1750",
        "price_unit": "ML"
      },
      {
        "state": "SA",
        "price": "3500",
        "price_per_unit": "1750",
        "price_unit": "ML"
      },
      {
        "state": "ACT",
        "price": "3500",
        "price_per_unit": "1750",
        "price_unit": "ML"
      }
    ]
  },
  {
    "source_url": "https://www.woolworths.com.au/shop/productdetails/275992/maybelline-instant-perfector-glow-fair-light",
    "name": "Maybelline Instant Perfector Glow Fair/Light Each",
    "image_url": "https://cdn1.woolworths.media/content/wowproductimages/large/275992.jpg",
    "source_id": "Woolworths - 275992",
    "barcode": "9344329242873",
    "category_id": "1_894D0A8",
    "shop": "Woolworths",
    "weight": "10ML",
    "prices": [
      {
        "state": "NSW",
        "price": "3500",
        "price_per_unit": "1750",
        "price_unit": "ML"
      },
      {
        "state": "WA",
        "price": "3500",
        "price_per_unit": "1750",
        "price_unit": "ML"
      },
      {
        "state": "SA",
        "price": "3500",
        "price_per_unit": "1750",
        "price_unit": "ML"
      },
      {
        "state": "ACT",
        "price": "3500",
        "price_per_unit": "1750",
        "price_unit": "ML"
      }
    ]
  },
  {
    "source_url": "https://www.woolworths.com.au/shop/productdetails/274881/maybelline-instant-perfector-glow-makeup-light",
    "name": "Maybelline Instant Perfector Glow Makeup Light each",
    "image_url": "https://cdn1.woolworths.media/content/wowproductimages/large/274881.jpg",
    "source_id": "Woolworths - 274881",
    "barcode": "9344329242880",
    "category_id": "1_894D0A8",
    "shop": "Woolworths",
    "weight": "10ML",
    "prices": [
      {
        "state": "NSW",
        "price": "3500",
        "price_per_unit": "1750",
        "price_unit": "ML"
      },
      {
        "state": "VIC",
        "price": "3500",
        "price_per_unit": "1750",
        "price_unit": "ML"
      },
      {
        "state": "QLD",
        "price": "3500",
        "price_per_unit": "1750",
        "price_unit": "ML"
      },
      {
        "state": "WA",
        "price": "3500",
        "price_per_unit": "1750",
        "price_unit": "ML"
      },
      {
        "state": "SA",
        "price": "3500",
        "price_per_unit": "1750",
        "price_unit": "ML"
      },
      {
        "state": "TAS",
        "price": "3500",
        "price_per_unit": "1750",
        "price_unit": "ML"
      },
      {
        "state": "ACT",
        "price": "3500",
        "price_per_unit": "1750",
        "price_unit": "ML"
      },
      {
        "state": "NT",
        "price": "3500",
        "price_per_unit": "1750",
        "price_unit": "ML"
      }
    ]
  },
  {
    "source_url": "https://www.woolworths.com.au/shop/productdetails/275953/maybelline-instant-perfector-glow-medium",
    "name": "Maybelline Instant Perfector Glow Medium Each",
    "image_url": "https://cdn1.woolworths.media/content/wowproductimages/large/275953.jpg",
    "source_id": "Woolworths - 275953",
    "barcode": "9344329242897",
    "category_id": "1_894D0A8",
    "shop": "Woolworths",
    "weight": "10ML",
    "prices": [
      {
        "state": "NSW",
        "price": "3500",
        "price_per_unit": "1750",
        "price_unit": "ML"
      },
      {
        "state": "VIC",
        "price": "3500",
        "price_per_unit": "1750",
        "price_unit": "ML"
      },
      {
        "state": "QLD",
        "price": "3500",
        "price_per_unit": "1750",
        "price_unit": "ML"
      },
      {
        "state": "WA",
        "price": "3500",
        "price_per_unit": "1750",
        "price_unit": "ML"
      },
      {
        "state": "SA",
        "price": "3500",
        "price_per_unit": "1750",
        "price_unit": "ML"
      },
      {
        "state": "TAS",
        "price": "3500",
        "price_per_unit": "1750",
        "price_unit": "ML"
      },
      {
        "state": "ACT",
        "price": "3500",
        "price_per_unit": "1750",
        "price_unit": "ML"
      },
      {
        "state": "NT",
        "price": "3500",
        "price_per_unit": "1750",
        "price_unit": "ML"
      }
    ]
  },
  {
    "source_url": "https://www.woolworths.com.au/shop/productdetails/497998/maybelline-lasting-fix-loose-setting-powder-matte-finish",
    "name": "Maybelline Lasting Fix Loose Setting Powder Matte Finish 6g",
    "image_url": "https://cdn1.woolworths.media/content/wowproductimages/large/497998.jpg",
    "source_id": "Woolworths - 497998",
    "barcode": "9344329257556",
    "category_id": "1_894D0A8",
    "shop": "Woolworths",
    "weight": "10G",
    "prices": [
      {
        "state": "NSW",
        "price": "2000",
        "price_per_unit": "3333",
        "price_unit": "G"
      },
      {
        "state": "SA",
        "price": "2000",
        "price_per_unit": "3333",
        "price_unit": "G"
      },
      {
        "state": "ACT",
        "price": "2000",
        "price_per_unit": "3333",
        "price_unit": "G"
      }
    ]
  },
  {
    "source_url": "https://www.woolworths.com.au/shop/productdetails/14151/maybelline-lasting-fix-make-up-setting-spray",
    "name": "Maybelline Lasting Fix Make Up Setting Spray 100ml",
    "image_url": "https://cdn1.woolworths.media/content/wowproductimages/large/014151.jpg",
    "source_id": "Woolworths - 14151",
    "barcode": "9344329171760",
    "category_id": "1_894D0A8",
    "shop": "Woolworths",
    "weight": "10ML",
    "prices": [
      {
        "state": "NSW",
        "price": "1900",
        "price_per_unit": "190",
        "price_unit": "ML"
      },
      {
        "state": "WA",
        "price": "1900",
        "price_per_unit": "190",
        "price_unit": "ML"
      },
      {
        "state": "SA",
        "price": "1900",
        "price_per_unit": "190",
        "price_unit": "ML"
      },
      {
        "state": "ACT",
        "price": "1900",
        "price_per_unit": "190",
        "price_unit": "ML"
      }
    ]
  },
  {
    "source_url": "https://www.woolworths.com.au/shop/productdetails/918067/maybelline-sunkisser-blush-city-sizzle",
    "name": "Maybelline Sunkisser Blush City Sizzle 4.7mL",
    "image_url": "https://cdn1.woolworths.media/content/wowproductimages/large/918067.jpg",
    "source_id": "Woolworths - 918067",
    "barcode": "9344329263465",
    "category_id": "1_894D0A8",
    "shop": "Woolworths",
    "weight": "1EA",
    "prices": [
      {
        "state": "NSW",
        "price": "2700",
        "price_per_unit": "2700",
        "price_unit": "EA"
      },
      {
        "state": "WA",
        "price": "2700",
        "price_per_unit": "2700",
        "price_unit": "EA"
      },
      {
        "state": "SA",
        "price": "2700",
        "price_per_unit": "2700",
        "price_unit": "EA"
      },
      {
        "state": "ACT",
        "price": "2700",
        "price_per_unit": "2700",
        "price_unit": "EA"
      }
    ]
  },
  {
    "source_url": "https://www.woolworths.com.au/shop/productdetails/917983/maybelline-sunkisser-blush-midnight-shimmer",
    "name": "Maybelline Sunkisser Blush Midnight Shimmer 4.7mL",
    "image_url": "https://cdn1.woolworths.media/content/wowproductimages/large/917983.jpg",
    "source_id": "Woolworths - 917983",
    "barcode": "9344329263496",
    "category_id": "1_894D0A8",
    "shop": "Woolworths",
    "weight": "1EA",
    "prices": [
      {
        "state": "NSW",
        "price": "2700",
        "price_per_unit": "2700",
        "price_unit": "EA"
      },
      {
        "state": "VIC",
        "price": "2700",
        "price_per_unit": "2700",
        "price_unit": "EA"
      },
      {
        "state": "QLD",
        "price": "2700",
        "price_per_unit": "2700",
        "price_unit": "EA"
      },
      {
        "state": "WA",
        "price": "2700",
        "price_per_unit": "2700",
        "price_unit": "EA"
      },
      {
        "state": "SA",
        "price": "2700",
        "price_per_unit": "2700",
        "price_unit": "EA"
      },
      {
        "state": "TAS",
        "price": "2700",
        "price_per_unit": "2700",
        "price_unit": "EA"
      },
      {
        "state": "ACT",
        "price": "2700",
        "price_per_unit": "2700",
        "price_unit": "EA"
      }
    ]
  },
  {
    "source_url": "https://www.woolworths.com.au/shop/productdetails/918303/maybelline-sunkisser-highlighter-sol-search-3",
    "name": "Maybelline Sunkisser Highlighter Sol Search 3 4.7mL",
    "image_url": "https://cdn1.woolworths.media/content/wowproductimages/large/918303.jpg",
    "source_id": "Woolworths - 918303",
    "barcode": "9344329263489",
    "category_id": "1_894D0A8",
    "shop": "Woolworths",
    "weight": "1EA",
    "prices": [
      {
        "state": "NSW",
        "price": "2700",
        "price_per_unit": "2700",
        "price_unit": "EA"
      },
      {
        "state": "VIC",
        "price": "2700",
        "price_per_unit": "2700",
        "price_unit": "EA"
      },
      {
        "state": "QLD",
        "price": "2700",
        "price_per_unit": "2700",
        "price_unit": "EA"
      },
      {
        "state": "WA",
        "price": "2700",
        "price_per_unit": "2700",
        "price_unit": "EA"
      },
      {
        "state": "SA",
        "price": "2700",
        "price_per_unit": "2700",
        "price_unit": "EA"
      },
      {
        "state": "TAS",
        "price": "2700",
        "price_per_unit": "2700",
        "price_unit": "EA"
      },
      {
        "state": "ACT",
        "price": "2700",
        "price_per_unit": "2700",
        "price_unit": "EA"
      },
      {
        "state": "NT",
        "price": "2700",
        "price_per_unit": "2700",
        "price_unit": "EA"
      }
    ]
  },
  {
    "source_url": "https://www.woolworths.com.au/shop/productdetails/500477/maybelline-super-stay-powder-foundation-ivory",
    "name": "Maybelline Super Stay Powder Foundation Ivory 9g",
    "image_url": "https://cdn1.woolworths.media/content/wowproductimages/large/500477.jpg",
    "source_id": "Woolworths - 500477",
    "barcode": "9344329257532",
    "category_id": "1_894D0A8",
    "shop": "Woolworths",
    "weight": "10G",
    "prices": [
      {
        "state": "NSW",
        "price": "3000",
        "price_per_unit": "3333",
        "price_unit": "G"
      },
      {
        "state": "SA",
        "price": "3000",
        "price_per_unit": "3333",
        "price_unit": "G"
      },
      {
        "state": "ACT",
        "price": "3000",
        "price_per_unit": "3333",
        "price_unit": "G"
      }
    ]
  },
  {
    "source_url": "https://www.woolworths.com.au/shop/productdetails/275784/maybelline-superstay-24h-powder-ivory",
    "name": "Maybelline Superstay 24h Powder Ivory Each",
    "image_url": "https://cdn1.woolworths.media/content/wowproductimages/large/275784.jpg",
    "source_id": "Woolworths - 275784",
    "barcode": "9344329249186",
    "category_id": "1_894D0A8",
    "shop": "Woolworths",
    "weight": "10G",
    "prices": [
      {
        "state": "NSW",
        "price": "3000",
        "price_per_unit": "3333",
        "price_unit": "G"
      },
      {
        "state": "WA",
        "price": "3000",
        "price_per_unit": "3333",
        "price_unit": "G"
      },
      {
        "state": "SA",
        "price": "3000",
        "price_per_unit": "3333",
        "price_unit": "G"
      },
      {
        "state": "ACT",
        "price": "3000",
        "price_per_unit": "3333",
        "price_unit": "G"
      }
    ]
  },
  {
    "source_url": "https://www.woolworths.com.au/shop/productdetails/275835/maybelline-superstay-24h-powder-nude",
    "name": "Maybelline Superstay 24h Powder Nude Each",
    "image_url": "https://cdn1.woolworths.media/content/wowproductimages/large/275835.jpg",
    "source_id": "Woolworths - 275835",
    "barcode": "9344329249193",
    "category_id": "1_894D0A8",
    "shop": "Woolworths",
    "weight": "10G",
    "prices": [
      {
        "state": "NSW",
        "price": "3000",
        "price_per_unit": "3333",
        "price_unit": "G"
      },
      {
        "state": "VIC",
        "price": "3000",
        "price_per_unit": "3333",
        "price_unit": "G"
      },
      {
        "state": "QLD",
        "price": "3000",
        "price_per_unit": "3333",
        "price_unit": "G"
      },
      {
        "state": "WA",
        "price": "3000",
        "price_per_unit": "3333",
        "price_unit": "G"
      },
      {
        "state": "SA",
        "price": "3000",
        "price_per_unit": "3333",
        "price_unit": "G"
      },
      {
        "state": "TAS",
        "price": "3000",
        "price_per_unit": "3333",
        "price_unit": "G"
      },
      {
        "state": "ACT",
        "price": "3000",
        "price_per_unit": "3333",
        "price_unit": "G"
      }
    ]
  },
  {
    "source_url": "https://www.woolworths.com.au/shop/productdetails/104286/maybelline-superstay-lumi-30h-matte-foundation-119",
    "name": "Maybelline Superstay Lumi 30H Matte Foundation 119 each",
    "image_url": "https://cdn1.woolworths.media/content/wowproductimages/large/104286.jpg",
    "source_id": "Woolworths - 104286",
    "barcode": "9344329264882",
    "category_id": "1_894D0A8",
    "shop": "Woolworths",
    "weight": "10ML",
    "prices": [
      {
        "state": "NSW",
        "price": "3500",
        "price_per_unit": "1000",
        "price_unit": "ML"
      },
      {
        "state": "VIC",
        "price": "3500",
        "price_per_unit": "1000",
        "price_unit": "ML"
      },
      {
        "state": "QLD",
        "price": "3500",
        "price_per_unit": "1000",
        "price_unit": "ML"
      },
      {
        "state": "WA",
        "price": "3500",
        "price_per_unit": "1000",
        "price_unit": "ML"
      },
      {
        "state": "SA",
        "price": "3500",
        "price_per_unit": "1000",
        "price_unit": "ML"
      },
      {
        "state": "TAS",
        "price": "3500",
        "price_per_unit": "1000",
        "price_unit": "ML"
      },
      {
        "state": "ACT",
        "price": "3500",
        "price_per_unit": "1000",
        "price_unit": "ML"
      },
      {
        "state": "NT",
        "price": "3500",
        "price_per_unit": "1000",
        "price_unit": "ML"
      }
    ]
  },
  {
    "source_url": "https://www.woolworths.com.au/shop/productdetails/104258/maybelline-superstay-lumi-30h-matte-foundation-126",
    "name": "Maybelline Superstay Lumi 30H Matte Foundation 126 each",
    "image_url": "https://cdn1.woolworths.media/content/wowproductimages/large/104258.jpg",
    "source_id": "Woolworths - 104258",
    "barcode": "9344329264899",
    "category_id": "1_894D0A8",
    "shop": "Woolworths",
    "weight": "10ML",
    "prices": [
      {
        "state": "NSW",
        "price": "3500",
        "price_per_unit": "1000",
        "price_unit": "ML"
      },
      {
        "state": "VIC",
        "price": "3500",
        "price_per_unit": "1000",
        "price_unit": "ML"
      },
      {
        "state": "QLD",
        "price": "3500",
        "price_per_unit": "1000",
        "price_unit": "ML"
      },
      {
        "state": "WA",
        "price": "3500",
        "price_per_unit": "1000",
        "price_unit": "ML"
      },
      {
        "state": "SA",
        "price": "3500",
        "price_per_unit": "1000",
        "price_unit": "ML"
      },
      {
        "state": "TAS",
        "price": "3500",
        "price_per_unit": "1000",
        "price_unit": "ML"
      },
      {
        "state": "ACT",
        "price": "3500",
        "price_per_unit": "1000",
        "price_unit": "ML"
      },
      {
        "state": "NT",
        "price": "3500",
        "price_per_unit": "1000",
        "price_unit": "ML"
      }
    ]
  },
  {
    "source_url": "https://www.woolworths.com.au/shop/productdetails/104957/maybelline-superstay-lumi-30h-matte-foundation-128",
    "name": "Maybelline Superstay Lumi 30H Matte Foundation 128 each",
    "image_url": "https://cdn1.woolworths.media/content/wowproductimages/large/104957.jpg",
    "source_id": "Woolworths - 104957",
    "barcode": "9344329264905",
    "category_id": "1_894D0A8",
    "shop": "Woolworths",
    "weight": "10ML",
    "prices": [
      {
        "state": "NSW",
        "price": "3500",
        "price_per_unit": "1000",
        "price_unit": "ML"
      },
      {
        "state": "WA",
        "price": "3500",
        "price_per_unit": "1000",
        "price_unit": "ML"
      },
      {
        "state": "SA",
        "price": "3500",
        "price_per_unit": "1000",
        "price_unit": "ML"
      },
      {
        "state": "ACT",
        "price": "3500",
        "price_per_unit": "1000",
        "price_unit": "ML"
      }
    ]
  },
  {
    "source_url": "https://www.woolworths.com.au/shop/productdetails/104068/maybelline-superstay-lumi-30h-matte-foundation-337",
    "name": "Maybelline Superstay Lumi 30H Matte Foundation 337 each",
    "image_url": "https://cdn1.woolworths.media/content/wowproductimages/large/104068.jpg",
    "source_id": "Woolworths - 104068",
    "barcode": "9344329264912",
    "category_id": "1_894D0A8",
    "shop": "Woolworths",
    "weight": "10ML",
    "prices": [
      {
        "state": "NSW",
        "price": "3500",
        "price_per_unit": "1000",
        "price_unit": "ML"
      },
      {
        "state": "SA",
        "price": "3500",
        "price_per_unit": "1000",
        "price_unit": "ML"
      },
      {
        "state": "ACT",
        "price": "3500",
        "price_per_unit": "1000",
        "price_unit": "ML"
      }
    ]
  },
  {
    "source_url": "https://www.woolworths.com.au/shop/productdetails/104881/maybelline-superstay-lumi-30h-matte-foundation-98",
    "name": "Maybelline Superstay Lumi 30H Matte Foundation 98 each",
    "image_url": "https://cdn1.woolworths.media/content/wowproductimages/large/104881.jpg",
    "source_id": "Woolworths - 104881",
    "barcode": "9344329264868",
    "category_id": "1_894D0A8",
    "shop": "Woolworths",
    "weight": "10ML",
    "prices": [
      {
        "state": "NSW",
        "price": "3500",
        "price_per_unit": "1000",
        "price_unit": "ML"
      },
      {
        "state": "VIC",
        "price": "3500",
        "price_per_unit": "1000",
        "price_unit": "ML"
      },
      {
        "state": "QLD",
        "price": "3500",
        "price_per_unit": "1000",
        "price_unit": "ML"
      },
      {
        "state": "WA",
        "price": "3500",
        "price_per_unit": "1000",
        "price_unit": "ML"
      },
      {
        "state": "SA",
        "price": "3500",
        "price_per_unit": "1000",
        "price_unit": "ML"
      },
      {
        "state": "TAS",
        "price": "3500",
        "price_per_unit": "1000",
        "price_unit": "ML"
      },
      {
        "state": "ACT",
        "price": "3500",
        "price_per_unit": "1000",
        "price_unit": "ML"
      },
      {
        "state": "NT",
        "price": "3500",
        "price_per_unit": "1000",
        "price_unit": "ML"
      }
    ]
  },
  {
    "source_url": "https://www.woolworths.com.au/shop/productdetails/461043/maybelline-the-falsies-surreal-mascara-meta-black",
    "name": "Maybelline The Falsies Surreal Mascara Meta Black 10mL",
    "image_url": "https://cdn1.woolworths.media/content/wowproductimages/large/461043.jpg",
    "source_id": "Woolworths - 461043",
    "barcode": "9344329256146",
    "category_id": "1_894D0A8",
    "shop": "Woolworths",
    "weight": "10ML",
    "prices": [
      {
        "state": "NSW",
        "price": "2600",
        "price_per_unit": "2600",
        "price_unit": "ML"
      },
      {
        "state": "VIC",
        "price": "2600",
        "price_per_unit": "2600",
        "price_unit": "ML"
      },
      {
        "state": "QLD",
        "price": "2600",
        "price_per_unit": "2600",
        "price_unit": "ML"
      },
      {
        "state": "WA",
        "price": "2600",
        "price_per_unit": "2600",
        "price_unit": "ML"
      },
      {
        "state": "SA",
        "price": "2600",
        "price_per_unit": "2600",
        "price_unit": "ML"
      },
      {
        "state": "TAS",
        "price": "2600",
        "price_per_unit": "2600",
        "price_unit": "ML"
      },
      {
        "state": "ACT",
        "price": "2600",
        "price_per_unit": "2600",
        "price_unit": "ML"
      },
      {
        "state": "NT",
        "price": "2600",
        "price_per_unit": "2600",
        "price_unit": "ML"
      }
    ]
  },
  {
    "source_url": "https://www.woolworths.com.au/shop/productdetails/502025/mcobeauty-3-in-1-super-glow-face-body-oil-stick-bronze",
    "name": "MCoBeauty 3-In-1 Super Glow Face & Body Oil Stick Bronze each",
    "image_url": "https://cdn1.woolworths.media/content/wowproductimages/large/502025.jpg",
    "source_id": "Woolworths - 502025",
    "barcode": "9331880028725",
    "category_id": "1_894D0A8",
    "shop": "Woolworths",
    "weight": "10G",
    "prices": [
      {
        "state": "NSW",
        "price": "2400",
        "price_per_unit": "800",
        "price_unit": "G"
      },
      {
        "state": "WA",
        "price": "2400",
        "price_per_unit": "800",
        "price_unit": "G"
      },
      {
        "state": "SA",
        "price": "2400",
        "price_per_unit": "800",
        "price_unit": "G"
      },
      {
        "state": "ACT",
        "price": "2400",
        "price_per_unit": "800",
        "price_unit": "G"
      }
    ]
  },
  {
    "source_url": "https://www.woolworths.com.au/shop/productdetails/506380/mcobeauty-4-in-1-colour-corrector-peach",
    "name": "MCoBeauty 4 In 1 Colour Corrector Peach 4.3ml",
    "image_url": "https://cdn1.woolworths.media/content/wowproductimages/large/506380.jpg",
    "source_id": "Woolworths - 506380",
    "barcode": "9331880026608",
    "category_id": "1_894D0A8",
    "shop": "Woolworths",
    "weight": "10ML",
    "prices": [
      {
        "state": "NSW",
        "price": "1800",
        "price_per_unit": "4186",
        "price_unit": "ML"
      },
      {
        "state": "WA",
        "price": "1800",
        "price_per_unit": "4186",
        "price_unit": "ML"
      },
      {
        "state": "SA",
        "price": "1800",
        "price_per_unit": "4186",
        "price_unit": "ML"
      },
      {
        "state": "TAS",
        "price": "1800",
        "price_per_unit": "4186",
        "price_unit": "ML"
      },
      {
        "state": "ACT",
        "price": "1800",
        "price_per_unit": "4186",
        "price_unit": "ML"
      },
      {
        "state": "NT",
        "price": "1800",
        "price_per_unit": "4186",
        "price_unit": "ML"
      }
    ]
  },
  {
    "source_url": "https://www.woolworths.com.au/shop/productdetails/503967/mcobeauty-4-in-1-colour-corrector-green",
    "name": "MCoBeauty 4-In-1 Colour Corrector Green 4.3mL",
    "image_url": "https://cdn1.woolworths.media/content/wowproductimages/large/503967.jpg",
    "source_id": "Woolworths - 503967",
    "barcode": "9331880026622",
    "category_id": "1_894D0A8",
    "shop": "Woolworths",
    "weight": "10ML",
    "prices": [
      {
        "state": "NSW",
        "price": "1800",
        "price_per_unit": "4186",
        "price_unit": "ML"
      },
      {
        "state": "WA",
        "price": "1800",
        "price_per_unit": "4186",
        "price_unit": "ML"
      },
      {
        "state": "SA",
        "price": "1800",
        "price_per_unit": "4186",
        "price_unit": "ML"
      },
      {
        "state": "TAS",
        "price": "1800",
        "price_per_unit": "4186",
        "price_unit": "ML"
      },
      {
        "state": "ACT",
        "price": "1800",
        "price_per_unit": "4186",
        "price_unit": "ML"
      },
      {
        "state": "NT",
        "price": "1800",
        "price_per_unit": "4186",
        "price_unit": "ML"
      }
    ]
  },
  {
    "source_url": "https://www.woolworths.com.au/shop/productdetails/506000/mcobeauty-4-in-1-colour-corrector-orange",
    "name": "MCoBeauty 4-In-1 Colour Corrector Orange 4.3mL",
    "image_url": "https://cdn1.woolworths.media/content/wowproductimages/large/506000.jpg",
    "source_id": "Woolworths - 506000",
    "barcode": "9331880026615",
    "category_id": "1_894D0A8",
    "shop": "Woolworths",
    "weight": "10ML",
    "prices": [
      {
        "state": "NSW",
        "price": "1800",
        "price_per_unit": "4186",
        "price_unit": "ML"
      },
      {
        "state": "SA",
        "price": "1800",
        "price_per_unit": "4186",
        "price_unit": "ML"
      },
      {
        "state": "ACT",
        "price": "1800",
        "price_per_unit": "4186",
        "price_unit": "ML"
      }
    ]
  },
  {
    "source_url": "https://www.woolworths.com.au/shop/productdetails/504435/mcobeauty-4-in-1-colour-corrector-pink",
    "name": "MCoBeauty 4-In-1 Colour Corrector Pink 4.3mL",
    "image_url": "https://cdn1.woolworths.media/content/wowproductimages/large/504435.jpg",
    "source_id": "Woolworths - 504435",
    "barcode": "9331880026639",
    "category_id": "1_894D0A8",
    "shop": "Woolworths",
    "weight": "10ML",
    "prices": [
      {
        "state": "NSW",
        "price": "1800",
        "price_per_unit": "4186",
        "price_unit": "ML"
      },
      {
        "state": "SA",
        "price": "1800",
        "price_per_unit": "4186",
        "price_unit": "ML"
      },
      {
        "state": "ACT",
        "price": "1800",
        "price_per_unit": "4186",
        "price_unit": "ML"
      }
    ]
  },
  {
    "source_url": "https://www.woolworths.com.au/shop/productdetails/511907/mcobeauty-all-in-one-colour-correcting-serum",
    "name": "MCoBeauty All In One Colour Correcting Serum 30ml",
    "image_url": "https://cdn1.woolworths.media/content/wowproductimages/large/511907.jpg",
    "source_id": "Woolworths - 511907",
    "barcode": "9331880029364",
    "category_id": "1_894D0A8",
    "shop": "Woolworths",
    "weight": "10ML",
    "prices": [
      {
        "state": "NSW",
        "price": "2600",
        "price_per_unit": "867",
        "price_unit": "ML"
      },
      {
        "state": "VIC",
        "price": "2600",
        "price_per_unit": "867",
        "price_unit": "ML"
      },
      {
        "state": "QLD",
        "price": "2600",
        "price_per_unit": "867",
        "price_unit": "ML"
      },
      {
        "state": "WA",
        "price": "2600",
        "price_per_unit": "867",
        "price_unit": "ML"
      },
      {
        "state": "SA",
        "price": "2600",
        "price_per_unit": "867",
        "price_unit": "ML"
      },
      {
        "state": "TAS",
        "price": "2600",
        "price_per_unit": "867",
        "price_unit": "ML"
      },
      {
        "state": "ACT",
        "price": "2600",
        "price_per_unit": "867",
        "price_unit": "ML"
      },
      {
        "state": "NT",
        "price": "2600",
        "price_per_unit": "867",
        "price_unit": "ML"
      }
    ]
  },
  {
    "source_url": "https://www.woolworths.com.au/shop/productdetails/503922/mcobeauty-baby-face-multiuse-cream-stick-chouchou",
    "name": "MCoBeauty Baby Face Multiuse Cream Stick Chouchou 5g",
    "image_url": "https://cdn1.woolworths.media/content/wowproductimages/large/503922.jpg",
    "source_id": "Woolworths - 503922",
    "barcode": "9331880027803",
    "category_id": "1_894D0A8",
    "shop": "Woolworths",
    "weight": "10G",
    "prices": [
      {
        "state": "NSW",
        "price": "2400",
        "price_per_unit": "4800",
        "price_unit": "G"
      },
      {
        "state": "SA",
        "price": "2400",
        "price_per_unit": "4800",
        "price_unit": "G"
      },
      {
        "state": "ACT",
        "price": "2400",
        "price_per_unit": "4800",
        "price_unit": "G"
      }
    ]
  },
  {
    "source_url": "https://www.woolworths.com.au/shop/productdetails/503954/mcobeauty-baby-face-multiuse-cream-stick-kitty",
    "name": "MCoBeauty Baby Face Multiuse Cream Stick Kitty 5g",
    "image_url": "https://cdn1.woolworths.media/content/wowproductimages/large/503954.jpg",
    "source_id": "Woolworths - 503954",
    "barcode": "9331880026752",
    "category_id": "1_894D0A8",
    "shop": "Woolworths",
    "weight": "10G",
    "prices": [
      {
        "state": "NSW",
        "price": "2400",
        "price_per_unit": "4800",
        "price_unit": "G"
      },
      {
        "state": "WA",
        "price": "2400",
        "price_per_unit": "4800",
        "price_unit": "G"
      },
      {
        "state": "SA",
        "price": "2400",
        "price_per_unit": "4800",
        "price_unit": "G"
      },
      {
        "state": "TAS",
        "price": "2400",
        "price_per_unit": "4800",
        "price_unit": "G"
      },
      {
        "state": "ACT",
        "price": "2400",
        "price_per_unit": "4800",
        "price_unit": "G"
      },
      {
        "state": "NT",
        "price": "2400",
        "price_per_unit": "4800",
        "price_unit": "G"
      }
    ]
  },
  {
    "source_url": "https://www.woolworths.com.au/shop/productdetails/503963/mcobeauty-baby-face-multiuse-cream-stick-lou-lou",
    "name": "MCoBeauty Baby Face Multiuse Cream Stick Lou Lou 5g",
    "image_url": "https://cdn1.woolworths.media/content/wowproductimages/large/503963.jpg",
    "source_id": "Woolworths - 503963",
    "barcode": "9331880026745",
    "category_id": "1_894D0A8",
    "shop": "Woolworths",
    "weight": "10G",
    "prices": [
      {
        "state": "NSW",
        "price": "2400",
        "price_per_unit": "4800",
        "price_unit": "G"
      },
      {
        "state": "WA",
        "price": "2400",
        "price_per_unit": "4800",
        "price_unit": "G"
      },
      {
        "state": "SA",
        "price": "2400",
        "price_per_unit": "4800",
        "price_unit": "G"
      },
      {
        "state": "TAS",
        "price": "2400",
        "price_per_unit": "4800",
        "price_unit": "G"
      },
      {
        "state": "ACT",
        "price": "2400",
        "price_per_unit": "4800",
        "price_unit": "G"
      },
      {
        "state": "NT",
        "price": "2400",
        "price_per_unit": "4800",
        "price_unit": "G"
      }
    ]
  },
  {
    "source_url": "https://www.woolworths.com.au/shop/productdetails/55736/mcobeauty-bouncy-jelly-cheek-lip-tint-berry-pop",
    "name": "MCoBeauty Bouncy Jelly Cheek & Lip Tint Berry Pop 7g",
    "image_url": "https://cdn1.woolworths.media/content/wowproductimages/large/055736.jpg",
    "source_id": "Woolworths - 55736",
    "barcode": "9331880036140",
    "category_id": "1_894D0A8",
    "shop": "Woolworths",
    "weight": "10G",
    "prices": [
      {
        "state": "NSW",
        "price": "2000",
        "price_per_unit": "2857",
        "price_unit": "G"
      },
      {
        "state": "WA",
        "price": "2000",
        "price_per_unit": "2857",
        "price_unit": "G"
      },
      {
        "state": "SA",
        "price": "2000",
        "price_per_unit": "2857",
        "price_unit": "G"
      },
      {
        "state": "TAS",
        "price": "2000",
        "price_per_unit": "2857",
        "price_unit": "G"
      },
      {
        "state": "ACT",
        "price": "2000",
        "price_per_unit": "2857",
        "price_unit": "G"
      },
      {
        "state": "NT",
        "price": "2000",
        "price_per_unit": "2857",
        "price_unit": "G"
      }
    ]
  },
  {
    "source_url": "https://www.woolworths.com.au/shop/productdetails/55301/mcobeauty-bouncy-jelly-cheek-lip-tint-coral-pop",
    "name": "MCoBeauty Bouncy Jelly Cheek & Lip Tint Coral Pop 7g",
    "image_url": "https://cdn1.woolworths.media/content/wowproductimages/large/055301.jpg",
    "source_id": "Woolworths - 55301",
    "barcode": "9331880036126",
    "category_id": "1_894D0A8",
    "shop": "Woolworths",
    "weight": "10G",
    "prices": [
      {
        "state": "NSW",
        "price": "2000",
        "price_per_unit": "2857",
        "price_unit": "G"
      },
      {
        "state": "VIC",
        "price": "2000",
        "price_per_unit": "2857",
        "price_unit": "G"
      },
      {
        "state": "QLD",
        "price": "2000",
        "price_per_unit": "2857",
        "price_unit": "G"
      },
      {
        "state": "WA",
        "price": "2000",
        "price_per_unit": "2857",
        "price_unit": "G"
      },
      {
        "state": "SA",
        "price": "2000",
        "price_per_unit": "2857",
        "price_unit": "G"
      },
      {
        "state": "TAS",
        "price": "2000",
        "price_per_unit": "2857",
        "price_unit": "G"
      },
      {
        "state": "ACT",
        "price": "2000",
        "price_per_unit": "2857",
        "price_unit": "G"
      },
      {
        "state": "NT",
        "price": "2000",
        "price_per_unit": "2857",
        "price_unit": "G"
      }
    ]
  },
  {
    "source_url": "https://www.woolworths.com.au/shop/productdetails/53877/mcobeauty-bouncy-jelly-cheek-lip-tint-pink-pop",
    "name": "MCoBeauty Bouncy Jelly Cheek & Lip Tint Pink Pop 7g",
    "image_url": "https://cdn1.woolworths.media/content/wowproductimages/large/053877.jpg",
    "source_id": "Woolworths - 53877",
    "barcode": "9331880036119",
    "category_id": "1_894D0A8",
    "shop": "Woolworths",
    "weight": "10G",
    "prices": [
      {
        "state": "NSW",
        "price": "2000",
        "price_per_unit": "2857",
        "price_unit": "G"
      },
      {
        "state": "VIC",
        "price": "2000",
        "price_per_unit": "2857",
        "price_unit": "G"
      },
      {
        "state": "QLD",
        "price": "2000",
        "price_per_unit": "2857",
        "price_unit": "G"
      },
      {
        "state": "WA",
        "price": "2000",
        "price_per_unit": "2857",
        "price_unit": "G"
      },
      {
        "state": "SA",
        "price": "2000",
        "price_per_unit": "2857",
        "price_unit": "G"
      },
      {
        "state": "TAS",
        "price": "2000",
        "price_per_unit": "2857",
        "price_unit": "G"
      },
      {
        "state": "ACT",
        "price": "2000",
        "price_per_unit": "2857",
        "price_unit": "G"
      },
      {
        "state": "NT",
        "price": "2000",
        "price_per_unit": "2857",
        "price_unit": "G"
      }
    ]
  },
  {
    "source_url": "https://www.woolworths.com.au/shop/productdetails/54070/mcobeauty-bouncy-jelly-cheek-lip-tint-red-pop",
    "name": "MCoBeauty Bouncy Jelly Cheek & Lip Tint Red Pop 7g",
    "image_url": "https://cdn1.woolworths.media/content/wowproductimages/large/054070.jpg",
    "source_id": "Woolworths - 54070",
    "barcode": "9331880036133",
    "category_id": "1_894D0A8",
    "shop": "Woolworths",
    "weight": "10G",
    "prices": [
      {
        "state": "NSW",
        "price": "2000",
        "price_per_unit": "2857",
        "price_unit": "G"
      },
      {
        "state": "QLD",
        "price": "2000",
        "price_per_unit": "2857",
        "price_unit": "G"
      },
      {
        "state": "WA",
        "price": "2000",
        "price_per_unit": "2857",
        "price_unit": "G"
      },
      {
        "state": "SA",
        "price": "2000",
        "price_per_unit": "2857",
        "price_unit": "G"
      },
      {
        "state": "TAS",
        "price": "2000",
        "price_per_unit": "2857",
        "price_unit": "G"
      },
      {
        "state": "ACT",
        "price": "2000",
        "price_per_unit": "2857",
        "price_unit": "G"
      },
      {
        "state": "NT",
        "price": "2000",
        "price_per_unit": "2857",
        "price_unit": "G"
      }
    ]
  },
  {
    "source_url": "https://www.woolworths.com.au/shop/productdetails/398576/mcobeauty-brighten-perfect-cream-concealer-each-2-5-natural",
    "name": "MCoBeauty Brighten & Perfect Cream Concealer Each 2.5 Natural 5mL",
    "image_url": "https://cdn1.woolworths.media/content/wowproductimages/large/398576.jpg",
    "source_id": "Woolworths - 398576",
    "barcode": "9331880023812",
    "category_id": "1_894D0A8",
    "shop": "Woolworths",
    "weight": "10ML",
    "prices": [
      {
        "state": "NSW",
        "price": "2200",
        "price_per_unit": "4000",
        "price_unit": "ML"
      },
      {
        "state": "VIC",
        "price": "2200",
        "price_per_unit": "4000",
        "price_unit": "ML"
      },
      {
        "state": "QLD",
        "price": "2200",
        "price_per_unit": "4000",
        "price_unit": "ML"
      },
      {
        "state": "SA",
        "price": "2200",
        "price_per_unit": "4000",
        "price_unit": "ML"
      },
      {
        "state": "ACT",
        "price": "2200",
        "price_per_unit": "4000",
        "price_unit": "ML"
      }
    ]
  },
  {
    "source_url": "https://www.woolworths.com.au/shop/productdetails/398575/mcobeauty-brighten-perfect-cream-concealer-light-2-fair",
    "name": "MCoBeauty Brighten & Perfect Cream Concealer Light 2 Fair 5.5mL",
    "image_url": "https://cdn1.woolworths.media/content/wowproductimages/large/398575.jpg",
    "source_id": "Woolworths - 398575",
    "barcode": "9331880023805",
    "category_id": "1_894D0A8",
    "shop": "Woolworths",
    "weight": "10ML",
    "prices": [
      {
        "state": "NSW",
        "price": "2200",
        "price_per_unit": "4000",
        "price_unit": "ML"
      },
      {
        "state": "VIC",
        "price": "2200",
        "price_per_unit": "4000",
        "price_unit": "ML"
      },
      {
        "state": "QLD",
        "price": "2200",
        "price_per_unit": "4000",
        "price_unit": "ML"
      },
      {
        "state": "WA",
        "price": "2200",
        "price_per_unit": "4000",
        "price_unit": "ML"
      },
      {
        "state": "SA",
        "price": "2200",
        "price_per_unit": "4000",
        "price_unit": "ML"
      },
      {
        "state": "TAS",
        "price": "2200",
        "price_per_unit": "4000",
        "price_unit": "ML"
      },
      {
        "state": "ACT",
        "price": "2200",
        "price_per_unit": "4000",
        "price_unit": "ML"
      },
      {
        "state": "NT",
        "price": "2200",
        "price_per_unit": "4000",
        "price_unit": "ML"
      }
    ]
  },
  {
    "source_url": "https://www.woolworths.com.au/shop/productdetails/59917/mcobeauty-correcting-quad-loose-powder-light-medium",
    "name": "MCoBeauty Correcting Quad Loose Powder Light Medium each",
    "image_url": "https://cdn1.woolworths.media/content/wowproductimages/large/059917.jpg",
    "source_id": "Woolworths - 59917",
    "barcode": "9331880036263",
    "category_id": "1_894D0A8",
    "shop": "Woolworths",
    "weight": "1EA",
    "prices": [
      {
        "state": "NSW",
        "price": "1600",
        "price_per_unit": "1600",
        "price_unit": "EA"
      },
      {
        "state": "SA",
        "price": "1600",
        "price_per_unit": "1600",
        "price_unit": "EA"
      },
      {
        "state": "ACT",
        "price": "1600",
        "price_per_unit": "1600",
        "price_unit": "EA"
      }
    ]
  },
  {
    "source_url": "https://www.woolworths.com.au/shop/productdetails/59918/mcobeauty-correcting-quad-loose-powder-medium-warm",
    "name": "MCoBeauty Correcting Quad Loose Powder Medium Warm each",
    "image_url": "https://cdn1.woolworths.media/content/wowproductimages/large/059918.jpg",
    "source_id": "Woolworths - 59918",
    "barcode": "9331880036270",
    "category_id": "1_894D0A8",
    "shop": "Woolworths",
    "weight": "1EA",
    "prices": [
      {
        "state": "NSW",
        "price": "1600",
        "price_per_unit": "1600",
        "price_unit": "EA"
      },
      {
        "state": "SA",
        "price": "1600",
        "price_per_unit": "1600",
        "price_unit": "EA"
      },
      {
        "state": "ACT",
        "price": "1600",
        "price_per_unit": "1600",
        "price_unit": "EA"
      }
    ]
  },
  {
    "source_url": "https://www.woolworths.com.au/shop/productdetails/394634/mcobeauty-dream-liquid-dewy-blush-nude-mauve",
    "name": "MCoBeauty Dream Liquid Dewy Blush Nude Mauve 4.6ml",
    "image_url": "https://cdn1.woolworths.media/content/wowproductimages/large/394634.jpg",
    "source_id": "Woolworths - 394634",
    "barcode": "9331880023577",
    "category_id": "1_894D0A8",
    "shop": "Woolworths",
    "weight": "10ML",
    "prices": [
      {
        "state": "NSW",
        "price": "2500",
        "price_per_unit": "5435",
        "price_unit": "ML"
      },
      {
        "state": "VIC",
        "price": "2500",
        "price_per_unit": "5435",
        "price_unit": "ML"
      },
      {
        "state": "QLD",
        "price": "2500",
        "price_per_unit": "5435",
        "price_unit": "ML"
      },
      {
        "state": "WA",
        "price": "2500",
        "price_per_unit": "5435",
        "price_unit": "ML"
      },
      {
        "state": "SA",
        "price": "2500",
        "price_per_unit": "5435",
        "price_unit": "ML"
      },
      {
        "state": "TAS",
        "price": "2500",
        "price_per_unit": "5435",
        "price_unit": "ML"
      },
      {
        "state": "ACT",
        "price": "2500",
        "price_per_unit": "5435",
        "price_unit": "ML"
      },
      {
        "state": "NT",
        "price": "2500",
        "price_per_unit": "5435",
        "price_unit": "ML"
      }
    ]
  },
  {
    "source_url": "https://www.woolworths.com.au/shop/productdetails/504006/mcobeauty-dream-liquid-dewy-blush-soft-peach",
    "name": "MCoBeauty Dream Liquid Dewy Blush Soft Peach 4.6ml",
    "image_url": "https://cdn1.woolworths.media/content/wowproductimages/large/504006.jpg",
    "source_id": "Woolworths - 504006",
    "barcode": "9331880027810",
    "category_id": "1_894D0A8",
    "shop": "Woolworths",
    "weight": "10ML",
    "prices": [
      {
        "state": "NSW",
        "price": "2500",
        "price_per_unit": "5435",
        "price_unit": "ML"
      },
      {
        "state": "SA",
        "price": "2500",
        "price_per_unit": "5435",
        "price_unit": "ML"
      },
      {
        "state": "ACT",
        "price": "2500",
        "price_per_unit": "5435",
        "price_unit": "ML"
      }
    ]
  },
  {
    "source_url": "https://www.woolworths.com.au/shop/productdetails/394226/mcobeauty-dream-liquid-dewy-blush-soft-pink",
    "name": "MCoBeauty Dream Liquid Dewy Blush Soft Pink 4.6ml",
    "image_url": "https://cdn1.woolworths.media/content/wowproductimages/large/394226.jpg",
    "source_id": "Woolworths - 394226",
    "barcode": "9331880023560",
    "category_id": "1_894D0A8",
    "shop": "Woolworths",
    "weight": "10ML",
    "prices": [
      {
        "state": "NSW",
        "price": "2500",
        "price_per_unit": "5435",
        "price_unit": "ML"
      },
      {
        "state": "VIC",
        "price": "2500",
        "price_per_unit": "5435",
        "price_unit": "ML"
      },
      {
        "state": "QLD",
        "price": "2500",
        "price_per_unit": "5435",
        "price_unit": "ML"
      },
      {
        "state": "WA",
        "price": "2500",
        "price_per_unit": "5435",
        "price_unit": "ML"
      },
      {
        "state": "SA",
        "price": "2500",
        "price_per_unit": "5435",
        "price_unit": "ML"
      },
      {
        "state": "TAS",
        "price": "2500",
        "price_per_unit": "5435",
        "price_unit": "ML"
      },
      {
        "state": "ACT",
        "price": "2500",
        "price_per_unit": "5435",
        "price_unit": "ML"
      },
      {
        "state": "NT",
        "price": "2500",
        "price_per_unit": "5435",
        "price_unit": "ML"
      }
    ]
  },
  {
    "source_url": "https://www.woolworths.com.au/shop/productdetails/396301/mcobeauty-dream-liquid-dewy-truepink",
    "name": "MCoBeauty Dream Liquid Dewy Truepink 4.6ml",
    "image_url": "https://cdn1.woolworths.media/content/wowproductimages/large/396301.jpg",
    "source_id": "Woolworths - 396301",
    "barcode": "9331880023584",
    "category_id": "1_894D0A8",
    "shop": "Woolworths",
    "weight": "10ML",
    "prices": [
      {
        "state": "NSW",
        "price": "2500",
        "price_per_unit": "5435",
        "price_unit": "ML"
      },
      {
        "state": "SA",
        "price": "2500",
        "price_per_unit": "5435",
        "price_unit": "ML"
      },
      {
        "state": "ACT",
        "price": "2500",
        "price_per_unit": "5435",
        "price_unit": "ML"
      }
    ]
  },
  {
    "source_url": "https://www.woolworths.com.au/shop/productdetails/506560/mcobeauty-dual-ended-contour-stick-light-to-medium",
    "name": "MCoBeauty Dual Ended Contour Stick Light To Medium 10.5g",
    "image_url": "https://cdn1.woolworths.media/content/wowproductimages/large/506560.jpg",
    "source_id": "Woolworths - 506560",
    "barcode": "9331880029340",
    "category_id": "1_894D0A8",
    "shop": "Woolworths",
    "weight": "10G",
    "prices": [
      {
        "state": "NSW",
        "price": "2800",
        "price_per_unit": "2667",
        "price_unit": "G"
      },
      {
        "state": "SA",
        "price": "2800",
        "price_per_unit": "2667",
        "price_unit": "G"
      },
      {
        "state": "TAS",
        "price": "2800",
        "price_per_unit": "2667",
        "price_unit": "G"
      },
      {
        "state": "ACT",
        "price": "2800",
        "price_per_unit": "2667",
        "price_unit": "G"
      },
      {
        "state": "NT",
        "price": "2800",
        "price_per_unit": "2667",
        "price_unit": "G"
      }
    ]
  },
  {
    "source_url": "https://www.woolworths.com.au/shop/productdetails/511893/mcobeauty-dual-ended-contour-stick-medium-dark",
    "name": "MCoBeauty Dual-Ended Contour Stick Medium Dark 10.5g",
    "image_url": "https://cdn1.woolworths.media/content/wowproductimages/large/511893.jpg",
    "source_id": "Woolworths - 511893",
    "barcode": "9331880029357",
    "category_id": "1_894D0A8",
    "shop": "Woolworths",
    "weight": "10G",
    "prices": [
      {
        "state": "NSW",
        "price": "2800",
        "price_per_unit": "2667",
        "price_unit": "G"
      },
      {
        "state": "WA",
        "price": "2800",
        "price_per_unit": "2667",
        "price_unit": "G"
      },
      {
        "state": "SA",
        "price": "2800",
        "price_per_unit": "2667",
        "price_unit": "G"
      },
      {
        "state": "TAS",
        "price": "2800",
        "price_per_unit": "2667",
        "price_unit": "G"
      },
      {
        "state": "ACT",
        "price": "2800",
        "price_per_unit": "2667",
        "price_unit": "G"
      },
      {
        "state": "NT",
        "price": "2800",
        "price_per_unit": "2667",
        "price_unit": "G"
      }
    ]
  },
  {
    "source_url": "https://www.woolworths.com.au/shop/productdetails/392352/mcobeauty-flawless-glow-3-5-light-medium-filter-3-5-light-medium",
    "name": "MCoBeauty Flawless Glow 3.5 Light/Medium 30mL",
    "image_url": "https://cdn1.woolworths.media/content/wowproductimages/large/392352.jpg",
    "source_id": "Woolworths - 392352",
    "barcode": "9331880023669",
    "category_id": "1_894D0A8",
    "shop": "Woolworths",
    "weight": "10ML",
    "prices": [
      {
        "state": "NSW",
        "price": "3500",
        "price_per_unit": "1167",
        "price_unit": "ML"
      },
      {
        "state": "VIC",
        "price": "3500",
        "price_per_unit": "1167",
        "price_unit": "ML"
      },
      {
        "state": "QLD",
        "price": "3500",
        "price_per_unit": "1167",
        "price_unit": "ML"
      },
      {
        "state": "SA",
        "price": "3500",
        "price_per_unit": "1167",
        "price_unit": "ML"
      },
      {
        "state": "ACT",
        "price": "3500",
        "price_per_unit": "1167",
        "price_unit": "ML"
      },
      {
        "state": "NT",
        "price": "3500",
        "price_per_unit": "1167",
        "price_unit": "ML"
      }
    ]
  },
  {
    "source_url": "https://www.woolworths.com.au/shop/productdetails/277045/mcobeauty-flawless-glow-luminous-skin-filter-1-very-fair",
    "name": "MCoBeauty Flawless Glow Luminous Skin Filter 1 Very Fair 30mL",
    "image_url": "https://cdn1.woolworths.media/content/wowproductimages/large/277045.jpg",
    "source_id": "Woolworths - 277045",
    "barcode": "9331880022211",
    "category_id": "1_894D0A8",
    "shop": "Woolworths",
    "weight": "10ML",
    "prices": [
      {
        "state": "NSW",
        "price": "3500",
        "price_per_unit": "1167",
        "price_unit": "ML"
      },
      {
        "state": "WA",
        "price": "3500",
        "price_per_unit": "1167",
        "price_unit": "ML"
      },
      {
        "state": "SA",
        "price": "3500",
        "price_per_unit": "1167",
        "price_unit": "ML"
      },
      {
        "state": "TAS",
        "price": "3500",
        "price_per_unit": "1167",
        "price_unit": "ML"
      },
      {
        "state": "ACT",
        "price": "3500",
        "price_per_unit": "1167",
        "price_unit": "ML"
      },
      {
        "state": "NT",
        "price": "3500",
        "price_per_unit": "1167",
        "price_unit": "ML"
      }
    ]
  },
  {
    "source_url": "https://www.woolworths.com.au/shop/productdetails/277064/mcobeauty-flawless-glow-luminous-skin-filter-3-light-medium",
    "name": "MCoBeauty Flawless Glow Luminous Skin Filter 3 Light Medium 30mL",
    "image_url": "https://cdn1.woolworths.media/content/wowproductimages/large/277064.jpg",
    "source_id": "Woolworths - 277064",
    "barcode": "9331880022235",
    "category_id": "1_894D0A8",
    "shop": "Woolworths",
    "weight": "10ML",
    "prices": [
      {
        "state": "NSW",
        "price": "3500",
        "price_per_unit": "1167",
        "price_unit": "ML"
      },
      {
        "state": "VIC",
        "price": "3500",
        "price_per_unit": "1167",
        "price_unit": "ML"
      },
      {
        "state": "QLD",
        "price": "3500",
        "price_per_unit": "1167",
        "price_unit": "ML"
      },
      {
        "state": "WA",
        "price": "3500",
        "price_per_unit": "1167",
        "price_unit": "ML"
      },
      {
        "state": "SA",
        "price": "3500",
        "price_per_unit": "1167",
        "price_unit": "ML"
      },
      {
        "state": "TAS",
        "price": "3500",
        "price_per_unit": "1167",
        "price_unit": "ML"
      },
      {
        "state": "ACT",
        "price": "3500",
        "price_per_unit": "1167",
        "price_unit": "ML"
      },
      {
        "state": "NT",
        "price": "3500",
        "price_per_unit": "1167",
        "price_unit": "ML"
      }
    ]
  },
  {
    "source_url": "https://www.woolworths.com.au/shop/productdetails/277066/mcobeauty-flawless-glow-luminous-skin-filter-4-medium",
    "name": "MCoBeauty Flawless Glow Luminous Skin Filter 4 Medium 30mL",
    "image_url": "https://cdn1.woolworths.media/content/wowproductimages/large/277066.jpg",
    "source_id": "Woolworths - 277066",
    "barcode": "9331880022242",
    "category_id": "1_894D0A8",
    "shop": "Woolworths",
    "weight": "10ML",
    "prices": [
      {
        "state": "NSW",
        "price": "3500",
        "price_per_unit": "1167",
        "price_unit": "ML"
      },
      {
        "state": "VIC",
        "price": "3500",
        "price_per_unit": "1167",
        "price_unit": "ML"
      },
      {
        "state": "QLD",
        "price": "3500",
        "price_per_unit": "1167",
        "price_unit": "ML"
      },
      {
        "state": "WA",
        "price": "3500",
        "price_per_unit": "1167",
        "price_unit": "ML"
      },
      {
        "state": "SA",
        "price": "3500",
        "price_per_unit": "1167",
        "price_unit": "ML"
      },
      {
        "state": "TAS",
        "price": "3500",
        "price_per_unit": "1167",
        "price_unit": "ML"
      },
      {
        "state": "ACT",
        "price": "3500",
        "price_per_unit": "1167",
        "price_unit": "ML"
      },
      {
        "state": "NT",
        "price": "3500",
        "price_per_unit": "1167",
        "price_unit": "ML"
      }
    ]
  },
  {
    "source_url": "https://www.woolworths.com.au/shop/productdetails/391928/mcobeauty-flawless-glow-luminous-skin-filter-4-5-medium",
    "name": "MCoBeauty Flawless Glow Luminous Skin Filter 4.5 Medium 30mL",
    "image_url": "https://cdn1.woolworths.media/content/wowproductimages/large/391928.jpg",
    "source_id": "Woolworths - 391928",
    "barcode": "9331880023676",
    "category_id": "1_894D0A8",
    "shop": "Woolworths",
    "weight": "10ML",
    "prices": [
      {
        "state": "NSW",
        "price": "3500",
        "price_per_unit": "1167",
        "price_unit": "ML"
      },
      {
        "state": "VIC",
        "price": "3500",
        "price_per_unit": "1167",
        "price_unit": "ML"
      },
      {
        "state": "QLD",
        "price": "3500",
        "price_per_unit": "1167",
        "price_unit": "ML"
      },
      {
        "state": "WA",
        "price": "3500",
        "price_per_unit": "1167",
        "price_unit": "ML"
      },
      {
        "state": "SA",
        "price": "3500",
        "price_per_unit": "1167",
        "price_unit": "ML"
      },
      {
        "state": "TAS",
        "price": "3500",
        "price_per_unit": "1167",
        "price_unit": "ML"
      },
      {
        "state": "ACT",
        "price": "3500",
        "price_per_unit": "1167",
        "price_unit": "ML"
      },
      {
        "state": "NT",
        "price": "3500",
        "price_per_unit": "1167",
        "price_unit": "ML"
      }
    ]
  },
  {
    "source_url": "https://www.woolworths.com.au/shop/productdetails/277067/mcobeauty-flawless-glow-luminous-skin-filter-5-natural-medium",
    "name": "MCoBeauty Flawless Glow Luminous Skin Filter 5 Natural Medium 30mL",
    "image_url": "https://cdn1.woolworths.media/content/wowproductimages/large/277067.jpg",
    "source_id": "Woolworths - 277067",
    "barcode": "9331880022259",
    "category_id": "1_894D0A8",
    "shop": "Woolworths",
    "weight": "10ML",
    "prices": [
      {
        "state": "NSW",
        "price": "3500",
        "price_per_unit": "1167",
        "price_unit": "ML"
      },
      {
        "state": "WA",
        "price": "3500",
        "price_per_unit": "1167",
        "price_unit": "ML"
      },
      {
        "state": "SA",
        "price": "3500",
        "price_per_unit": "1167",
        "price_unit": "ML"
      },
      {
        "state": "ACT",
        "price": "3500",
        "price_per_unit": "1167",
        "price_unit": "ML"
      },
      {
        "state": "NT",
        "price": "3500",
        "price_per_unit": "1167",
        "price_unit": "ML"
      }
    ]
  },
  {
    "source_url": "https://www.woolworths.com.au/shop/productdetails/277062/mcobeauty-flawless-glow-luminous-skin-filter-fair",
    "name": "MCoBeauty Flawless Glow Luminous Skin Filter Fair 30ml",
    "image_url": "https://cdn1.woolworths.media/content/wowproductimages/large/277062.jpg",
    "source_id": "Woolworths - 277062",
    "barcode": "9331880022228",
    "category_id": "1_894D0A8",
    "shop": "Woolworths",
    "weight": "10ML",
    "prices": [
      {
        "state": "NSW",
        "price": "3500",
        "price_per_unit": "1167",
        "price_unit": "ML"
      },
      {
        "state": "VIC",
        "price": "3500",
        "price_per_unit": "1167",
        "price_unit": "ML"
      },
      {
        "state": "QLD",
        "price": "3500",
        "price_per_unit": "1167",
        "price_unit": "ML"
      },
      {
        "state": "WA",
        "price": "3500",
        "price_per_unit": "1167",
        "price_unit": "ML"
      },
      {
        "state": "SA",
        "price": "3500",
        "price_per_unit": "1167",
        "price_unit": "ML"
      },
      {
        "state": "TAS",
        "price": "3500",
        "price_per_unit": "1167",
        "price_unit": "ML"
      },
      {
        "state": "ACT",
        "price": "3500",
        "price_per_unit": "1167",
        "price_unit": "ML"
      },
      {
        "state": "NT",
        "price": "3500",
        "price_per_unit": "1167",
        "price_unit": "ML"
      }
    ]
  },
  {
    "source_url": "https://www.woolworths.com.au/shop/productdetails/392080/mcobeauty-flawless-glow-makeup-2-2-5-fair",
    "name": "MCoBeauty Flawless Glow Makeup 2-2.5 Fair 30mL",
    "image_url": "https://cdn1.woolworths.media/content/wowproductimages/large/392080.jpg",
    "source_id": "Woolworths - 392080",
    "barcode": "9331880023652",
    "category_id": "1_894D0A8",
    "shop": "Woolworths",
    "weight": "10ML",
    "prices": [
      {
        "state": "NSW",
        "price": "3500",
        "price_per_unit": "1167",
        "price_unit": "ML"
      },
      {
        "state": "WA",
        "price": "3500",
        "price_per_unit": "1167",
        "price_unit": "ML"
      },
      {
        "state": "SA",
        "price": "3500",
        "price_per_unit": "1167",
        "price_unit": "ML"
      },
      {
        "state": "TAS",
        "price": "3500",
        "price_per_unit": "1167",
        "price_unit": "ML"
      },
      {
        "state": "ACT",
        "price": "3500",
        "price_per_unit": "1167",
        "price_unit": "ML"
      },
      {
        "state": "NT",
        "price": "3500",
        "price_per_unit": "1167",
        "price_unit": "ML"
      }
    ]
  },
  {
    "source_url": "https://www.woolworths.com.au/shop/productdetails/902826/mcobeauty-glow-anti-redness-primer",
    "name": "MCoBeauty Glow Anti Redness Primer 30mL",
    "image_url": "https://cdn1.woolworths.media/content/wowproductimages/large/902826.jpg",
    "source_id": "Woolworths - 902826",
    "barcode": "9331880031398",
    "category_id": "1_894D0A8",
    "shop": "Woolworths",
    "weight": "0",
    "prices": [
      {
        "state": "NSW",
        "price": "2400",
        "price_per_unit": null,
        "price_unit": ""
      },
      {
        "state": "WA",
        "price": "2400",
        "price_per_unit": null,
        "price_unit": ""
      },
      {
        "state": "SA",
        "price": "2400",
        "price_per_unit": null,
        "price_unit": ""
      },
      {
        "state": "TAS",
        "price": "2400",
        "price_per_unit": null,
        "price_unit": ""
      },
      {
        "state": "ACT",
        "price": "2400",
        "price_per_unit": null,
        "price_unit": ""
      },
      {
        "state": "NT",
        "price": "2400",
        "price_per_unit": null,
        "price_unit": ""
      }
    ]
  },
  {
    "source_url": "https://www.woolworths.com.au/shop/productdetails/902825/mcobeauty-glow-hydro-boost-primer",
    "name": "MCoBeauty Glow Hydro Boost Primer 30mL",
    "image_url": "https://cdn1.woolworths.media/content/wowproductimages/large/902825.jpg",
    "source_id": "Woolworths - 902825",
    "barcode": "9331880031381",
    "category_id": "1_894D0A8",
    "shop": "Woolworths",
    "weight": "1EA",
    "prices": [
      {
        "state": "NSW",
        "price": "2400",
        "price_per_unit": "2400",
        "price_unit": "EA"
      },
      {
        "state": "SA",
        "price": "2400",
        "price_per_unit": "2400",
        "price_unit": "EA"
      },
      {
        "state": "ACT",
        "price": "2400",
        "price_per_unit": "2400",
        "price_unit": "EA"
      }
    ]
  },
  {
    "source_url": "https://www.woolworths.com.au/shop/productdetails/902827/mcobeauty-glow-pore-less-primer",
    "name": "MCoBeauty Glow Pore Less Primer 30mL",
    "image_url": "https://cdn1.woolworths.media/content/wowproductimages/large/902827.jpg",
    "source_id": "Woolworths - 902827",
    "barcode": "9331880031404",
    "category_id": "1_894D0A8",
    "shop": "Woolworths",
    "weight": "1EA",
    "prices": [
      {
        "state": "NSW",
        "price": "2400",
        "price_per_unit": "2400",
        "price_unit": "EA"
      },
      {
        "state": "VIC",
        "price": "2400",
        "price_per_unit": "2400",
        "price_unit": "EA"
      },
      {
        "state": "QLD",
        "price": "2400",
        "price_per_unit": "2400",
        "price_unit": "EA"
      },
      {
        "state": "WA",
        "price": "2400",
        "price_per_unit": "2400",
        "price_unit": "EA"
      },
      {
        "state": "SA",
        "price": "2400",
        "price_per_unit": "2400",
        "price_unit": "EA"
      },
      {
        "state": "TAS",
        "price": "2400",
        "price_per_unit": "2400",
        "price_unit": "EA"
      },
      {
        "state": "ACT",
        "price": "2400",
        "price_per_unit": "2400",
        "price_unit": "EA"
      },
      {
        "state": "NT",
        "price": "2400",
        "price_per_unit": "2400",
        "price_unit": "EA"
      }
    ]
  },
  {
    "source_url": "https://www.woolworths.com.au/shop/productdetails/902828/mcobeauty-glow-super-bright-primer",
    "name": "MCoBeauty Glow Super Bright Primer 30mL",
    "image_url": "https://cdn1.woolworths.media/content/wowproductimages/large/902828.jpg",
    "source_id": "Woolworths - 902828",
    "barcode": "9331880031411",
    "category_id": "1_894D0A8",
    "shop": "Woolworths",
    "weight": "10G",
    "prices": [
      {
        "state": "NSW",
        "price": "2400",
        "price_per_unit": null,
        "price_unit": "G"
      },
      {
        "state": "SA",
        "price": "2400",
        "price_per_unit": null,
        "price_unit": "G"
      },
      {
        "state": "ACT",
        "price": "2400",
        "price_per_unit": null,
        "price_unit": "G"
      }
    ]
  },
  {
    "source_url": "https://www.woolworths.com.au/shop/productdetails/503174/mcobeauty-glow-up-ph-cheek-lip-oil-berry-pink",
    "name": "MCoBeauty Glow Up pH Cheek & Lip Oil Berry Pink 7mL",
    "image_url": "https://cdn1.woolworths.media/content/wowproductimages/large/503174.jpg",
    "source_id": "Woolworths - 503174",
    "barcode": "9331880027865",
    "category_id": "1_894D0A8",
    "shop": "Woolworths",
    "weight": "10ML",
    "prices": [
      {
        "state": "NSW",
        "price": "1800",
        "price_per_unit": "2571",
        "price_unit": "ML"
      },
      {
        "state": "WA",
        "price": "1800",
        "price_per_unit": "2571",
        "price_unit": "ML"
      },
      {
        "state": "SA",
        "price": "1800",
        "price_per_unit": "2571",
        "price_unit": "ML"
      },
      {
        "state": "TAS",
        "price": "1800",
        "price_per_unit": "2571",
        "price_unit": "ML"
      },
      {
        "state": "ACT",
        "price": "1800",
        "price_per_unit": "2571",
        "price_unit": "ML"
      },
      {
        "state": "NT",
        "price": "1800",
        "price_per_unit": "2571",
        "price_unit": "ML"
      }
    ]
  },
  {
    "source_url": "https://www.woolworths.com.au/shop/productdetails/502344/mcobeauty-glow-up-ph-cheek-lip-oil-orange-blossom",
    "name": "MCoBeauty Glow Up pH Cheek & Lip Oil Orange Blossom 7mL",
    "image_url": "https://cdn1.woolworths.media/content/wowproductimages/large/502344.jpg",
    "source_id": "Woolworths - 502344",
    "barcode": "9331880027858",
    "category_id": "1_894D0A8",
    "shop": "Woolworths",
    "weight": "10ML",
    "prices": [
      {
        "state": "NSW",
        "price": "1800",
        "price_per_unit": "2571",
        "price_unit": "ML"
      },
      {
        "state": "SA",
        "price": "1800",
        "price_per_unit": "2571",
        "price_unit": "ML"
      },
      {
        "state": "ACT",
        "price": "1800",
        "price_per_unit": "2571",
        "price_unit": "ML"
      }
    ]
  },
  {
    "source_url": "https://www.woolworths.com.au/shop/productdetails/498721/mcobeauty-glow-up-ph-cheek-lip-oil-rosy-pink",
    "name": "MCoBeauty Glow Up pH Cheek & Lip Oil Rosy Pink 7mL",
    "image_url": "https://cdn1.woolworths.media/content/wowproductimages/large/498721.jpg",
    "source_id": "Woolworths - 498721",
    "barcode": "9331880027841",
    "category_id": "1_894D0A8",
    "shop": "Woolworths",
    "weight": "10ML",
    "prices": [
      {
        "state": "NSW",
        "price": "1800",
        "price_per_unit": "2571",
        "price_unit": "ML"
      },
      {
        "state": "WA",
        "price": "1800",
        "price_per_unit": "2571",
        "price_unit": "ML"
      },
      {
        "state": "SA",
        "price": "1800",
        "price_per_unit": "2571",
        "price_unit": "ML"
      },
      {
        "state": "TAS",
        "price": "1800",
        "price_per_unit": "2571",
        "price_unit": "ML"
      },
      {
        "state": "ACT",
        "price": "1800",
        "price_per_unit": "2571",
        "price_unit": "ML"
      },
      {
        "state": "NT",
        "price": "1800",
        "price_per_unit": "2571",
        "price_unit": "ML"
      }
    ]
  },
  {
    "source_url": "https://www.woolworths.com.au/shop/productdetails/507603/mcobeauty-glow-up-ph-powder-blush-peach",
    "name": "MCoBeauty Glow Up pH Powder Blush Peach 4.4g",
    "image_url": "https://cdn1.woolworths.media/content/wowproductimages/large/507603.jpg",
    "source_id": "Woolworths - 507603",
    "barcode": "9331880029333",
    "category_id": "1_894D0A8",
    "shop": "Woolworths",
    "weight": "10G",
    "prices": [
      {
        "state": "NSW",
        "price": "2400",
        "price_per_unit": "5455",
        "price_unit": "G"
      },
      {
        "state": "SA",
        "price": "2400",
        "price_per_unit": "5455",
        "price_unit": "G"
      },
      {
        "state": "ACT",
        "price": "2400",
        "price_per_unit": "5455",
        "price_unit": "G"
      }
    ]
  },
  {
    "source_url": "https://www.woolworths.com.au/shop/productdetails/503958/mcobeauty-glow-up-ph-powder-blush-posy-pink",
    "name": "MCoBeauty Glow Up pH Powder Blush Posy Pink 4.4g",
    "image_url": "https://cdn1.woolworths.media/content/wowproductimages/large/503958.jpg",
    "source_id": "Woolworths - 503958",
    "barcode": "9331880029319",
    "category_id": "1_894D0A8",
    "shop": "Woolworths",
    "weight": "10G",
    "prices": [
      {
        "state": "NSW",
        "price": "2400",
        "price_per_unit": "5455",
        "price_unit": "G"
      },
      {
        "state": "SA",
        "price": "2400",
        "price_per_unit": "5455",
        "price_unit": "G"
      },
      {
        "state": "ACT",
        "price": "2400",
        "price_per_unit": "5455",
        "price_unit": "G"
      }
    ]
  },
  {
    "source_url": "https://www.woolworths.com.au/shop/productdetails/504358/mcobeauty-glow-up-ph-powder-blush-red",
    "name": "MCoBeauty Glow Up pH Powder Blush Red 4.4g",
    "image_url": "https://cdn1.woolworths.media/content/wowproductimages/large/504358.jpg",
    "source_id": "Woolworths - 504358",
    "barcode": "9331880029326",
    "category_id": "1_894D0A8",
    "shop": "Woolworths",
    "weight": "10G",
    "prices": [
      {
        "state": "NSW",
        "price": "2400",
        "price_per_unit": "5455",
        "price_unit": "G"
      },
      {
        "state": "SA",
        "price": "2400",
        "price_per_unit": "5455",
        "price_unit": "G"
      },
      {
        "state": "ACT",
        "price": "2400",
        "price_per_unit": "5455",
        "price_unit": "G"
      }
    ]
  },
  {
    "source_url": "https://www.woolworths.com.au/shop/productdetails/507601/mcobeauty-grip-makeup-set-refresh-spray",
    "name": "MCoBeauty Grip Makeup Set & Refresh Spray 100ml",
    "image_url": "https://cdn1.woolworths.media/content/wowproductimages/large/507601.jpg",
    "source_id": "Woolworths - 507601",
    "barcode": "9331880029272",
    "category_id": "1_894D0A8",
    "shop": "Woolworths",
    "weight": "10G",
    "prices": [
      {
        "state": "NSW",
        "price": "2500",
        "price_per_unit": "250",
        "price_unit": "G"
      },
      {
        "state": "VIC",
        "price": "2500",
        "price_per_unit": "250",
        "price_unit": "G"
      },
      {
        "state": "QLD",
        "price": "2500",
        "price_per_unit": "250",
        "price_unit": "G"
      },
      {
        "state": "WA",
        "price": "2500",
        "price_per_unit": "250",
        "price_unit": "G"
      },
      {
        "state": "SA",
        "price": "2500",
        "price_per_unit": "250",
        "price_unit": "G"
      },
      {
        "state": "TAS",
        "price": "2500",
        "price_per_unit": "250",
        "price_unit": "G"
      },
      {
        "state": "ACT",
        "price": "2500",
        "price_per_unit": "250",
        "price_unit": "G"
      },
      {
        "state": "NT",
        "price": "2500",
        "price_per_unit": "250",
        "price_unit": "G"
      }
    ]
  },
  {
    "source_url": "https://www.woolworths.com.au/shop/productdetails/273914/mcobeauty-highlight-glow-beauty-wand-bronze",
    "name": "MCoBeauty Highlight & Glow Beauty Wand Bronze 12ml",
    "image_url": "https://cdn1.woolworths.media/content/wowproductimages/large/273914.jpg",
    "source_id": "Woolworths - 273914",
    "barcode": "9331880021863",
    "category_id": "1_894D0A8",
    "shop": "Woolworths",
    "weight": "10ML",
    "prices": [
      {
        "state": "NSW",
        "price": "2900",
        "price_per_unit": "2417",
        "price_unit": "ML"
      },
      {
        "state": "WA",
        "price": "2900",
        "price_per_unit": "2417",
        "price_unit": "ML"
      },
      {
        "state": "SA",
        "price": "2900",
        "price_per_unit": "2417",
        "price_unit": "ML"
      },
      {
        "state": "TAS",
        "price": "2900",
        "price_per_unit": "2417",
        "price_unit": "ML"
      },
      {
        "state": "ACT",
        "price": "2900",
        "price_per_unit": "2417",
        "price_unit": "ML"
      },
      {
        "state": "NT",
        "price": "2900",
        "price_per_unit": "2417",
        "price_unit": "ML"
      }
    ]
  },
  {
    "source_url": "https://www.woolworths.com.au/shop/productdetails/198358/mcobeauty-highlight-glow-beauty-wand-champagne-glow",
    "name": "MCoBeauty Highlight & Glow Beauty Wand Champagne Glow 12ml",
    "image_url": "https://cdn1.woolworths.media/content/wowproductimages/large/198358.jpg",
    "source_id": "Woolworths - 198358",
    "barcode": "9331880016371",
    "category_id": "1_894D0A8",
    "shop": "Woolworths",
    "weight": "10ML",
    "prices": [
      {
        "state": "NSW",
        "price": "2900",
        "price_per_unit": "2417",
        "price_unit": "ML"
      },
      {
        "state": "VIC",
        "price": "2900",
        "price_per_unit": "2417",
        "price_unit": "ML"
      },
      {
        "state": "QLD",
        "price": "2900",
        "price_per_unit": "2417",
        "price_unit": "ML"
      },
      {
        "state": "WA",
        "price": "2900",
        "price_per_unit": "2417",
        "price_unit": "ML"
      },
      {
        "state": "SA",
        "price": "2900",
        "price_per_unit": "2417",
        "price_unit": "ML"
      },
      {
        "state": "TAS",
        "price": "2900",
        "price_per_unit": "2417",
        "price_unit": "ML"
      },
      {
        "state": "ACT",
        "price": "2900",
        "price_per_unit": "2417",
        "price_unit": "ML"
      },
      {
        "state": "NT",
        "price": "2900",
        "price_per_unit": "2417",
        "price_unit": "ML"
      }
    ]
  },
  {
    "source_url": "https://www.woolworths.com.au/shop/productdetails/198030/mcobeauty-highlight-glow-beauty-wand-peach-glow",
    "name": "MCoBeauty Highlight & Glow Beauty Wand Peach Glow 12ml",
    "image_url": "https://cdn1.woolworths.media/content/wowproductimages/large/198030.jpg",
    "source_id": "Woolworths - 198030",
    "barcode": "9331880016364",
    "category_id": "1_894D0A8",
    "shop": "Woolworths",
    "weight": "10ML",
    "prices": [
      {
        "state": "NSW",
        "price": "2900",
        "price_per_unit": "2417",
        "price_unit": "ML"
      },
      {
        "state": "WA",
        "price": "2900",
        "price_per_unit": "2417",
        "price_unit": "ML"
      },
      {
        "state": "SA",
        "price": "2900",
        "price_per_unit": "2417",
        "price_unit": "ML"
      },
      {
        "state": "TAS",
        "price": "2900",
        "price_per_unit": "2417",
        "price_unit": "ML"
      },
      {
        "state": "ACT",
        "price": "2900",
        "price_per_unit": "2417",
        "price_unit": "ML"
      },
      {
        "state": "NT",
        "price": "2900",
        "price_per_unit": "2417",
        "price_unit": "ML"
      }
    ]
  },
  {
    "source_url": "https://www.woolworths.com.au/shop/productdetails/198625/mcobeauty-highlight-glow-beauty-wand-pink-glow",
    "name": "MCoBeauty Highlight & Glow Beauty Wand Pink Glow 12ml",
    "image_url": "https://cdn1.woolworths.media/content/wowproductimages/large/198625.jpg",
    "source_id": "Woolworths - 198625",
    "barcode": "9331880016388",
    "category_id": "1_894D0A8",
    "shop": "Woolworths",
    "weight": "10ML",
    "prices": [
      {
        "state": "NSW",
        "price": "2900",
        "price_per_unit": "2900",
        "price_unit": "ML"
      },
      {
        "state": "WA",
        "price": "2900",
        "price_per_unit": "2900",
        "price_unit": "ML"
      },
      {
        "state": "SA",
        "price": "2900",
        "price_per_unit": "2900",
        "price_unit": "ML"
      },
      {
        "state": "TAS",
        "price": "2900",
        "price_per_unit": "2900",
        "price_unit": "ML"
      },
      {
        "state": "ACT",
        "price": "2900",
        "price_per_unit": "2900",
        "price_unit": "ML"
      },
      {
        "state": "NT",
        "price": "2900",
        "price_per_unit": "2900",
        "price_unit": "ML"
      }
    ]
  },
  {
    "source_url": "https://www.woolworths.com.au/shop/productdetails/59937/mcobeauty-hydrate-glow-pore-reducing-toner",
    "name": "MCoBeauty Hydrate & Glow Pore Reducing Toner 100mL",
    "image_url": "https://cdn1.woolworths.media/content/wowproductimages/large/059937.jpg",
    "source_id": "Woolworths - 59937",
    "barcode": "9331880036331",
    "category_id": "1_894D0A8",
    "shop": "Woolworths",
    "weight": "1EA",
    "prices": [
      {
        "state": "NSW",
        "price": "2800",
        "price_per_unit": "2800",
        "price_unit": "EA"
      },
      {
        "state": "QLD",
        "price": "2800",
        "price_per_unit": "2800",
        "price_unit": "EA"
      },
      {
        "state": "WA",
        "price": "2800",
        "price_per_unit": "2800",
        "price_unit": "EA"
      },
      {
        "state": "SA",
        "price": "2800",
        "price_per_unit": "2800",
        "price_unit": "EA"
      },
      {
        "state": "TAS",
        "price": "2800",
        "price_per_unit": "2800",
        "price_unit": "EA"
      },
      {
        "state": "ACT",
        "price": "2800",
        "price_per_unit": "2800",
        "price_unit": "EA"
      },
      {
        "state": "NT",
        "price": "2800",
        "price_per_unit": "2800",
        "price_unit": "EA"
      }
    ]
  },
  {
    "source_url": "https://www.woolworths.com.au/shop/productdetails/59920/mcobeauty-hydrate-glow-ultra-hue-serum",
    "name": "MCoBeauty Hydrate & Glow Ultra Hue Serum 40mL",
    "image_url": "https://cdn1.woolworths.media/content/wowproductimages/large/059920.jpg",
    "source_id": "Woolworths - 59920",
    "barcode": "9331880036157",
    "category_id": "1_894D0A8",
    "shop": "Woolworths",
    "weight": "1EA",
    "prices": [
      {
        "state": "NSW",
        "price": "3500",
        "price_per_unit": "3500",
        "price_unit": "EA"
      },
      {
        "state": "WA",
        "price": "3500",
        "price_per_unit": "3500",
        "price_unit": "EA"
      },
      {
        "state": "SA",
        "price": "3500",
        "price_per_unit": "3500",
        "price_unit": "EA"
      },
      {
        "state": "TAS",
        "price": "3500",
        "price_per_unit": "3500",
        "price_unit": "EA"
      },
      {
        "state": "ACT",
        "price": "3500",
        "price_per_unit": "3500",
        "price_unit": "EA"
      },
      {
        "state": "NT",
        "price": "3500",
        "price_per_unit": "3500",
        "price_unit": "EA"
      }
    ]
  },
  {
    "source_url": "https://www.woolworths.com.au/shop/productdetails/898515/mcobeauty-hydrate-glow-ultra-dew-serum",
    "name": "MCoBeauty Hydrate & Glow Ultra-Dew Serum 40mL",
    "image_url": "https://cdn1.woolworths.media/content/wowproductimages/large/898515.jpg",
    "source_id": "Woolworths - 898515",
    "barcode": "9331880031428",
    "category_id": "1_894D0A8",
    "shop": "Woolworths",
    "weight": "10ML",
    "prices": [
      {
        "state": "NSW",
        "price": "3500",
        "price_per_unit": "875",
        "price_unit": "ML"
      },
      {
        "state": "VIC",
        "price": "3500",
        "price_per_unit": "875",
        "price_unit": "ML"
      },
      {
        "state": "QLD",
        "price": "3500",
        "price_per_unit": "875",
        "price_unit": "ML"
      },
      {
        "state": "WA",
        "price": "3500",
        "price_per_unit": "875",
        "price_unit": "ML"
      },
      {
        "state": "SA",
        "price": "3500",
        "price_per_unit": "875",
        "price_unit": "ML"
      },
      {
        "state": "TAS",
        "price": "3500",
        "price_per_unit": "875",
        "price_unit": "ML"
      },
      {
        "state": "ACT",
        "price": "3500",
        "price_per_unit": "875",
        "price_unit": "ML"
      },
      {
        "state": "NT",
        "price": "3500",
        "price_per_unit": "875",
        "price_unit": "ML"
      }
    ]
  },
  {
    "source_url": "https://www.woolworths.com.au/shop/productdetails/94305/mcobeauty-hydrating-face-primer",
    "name": "MCoBeauty Hydrating Face Primer 30ml",
    "image_url": "https://cdn1.woolworths.media/content/wowproductimages/large/094305.jpg",
    "source_id": "Woolworths - 94305",
    "barcode": "9331880010829",
    "category_id": "1_894D0A8",
    "shop": "Woolworths",
    "weight": "10ML",
    "prices": [
      {
        "state": "NSW",
        "price": "2200",
        "price_per_unit": "733",
        "price_unit": "ML"
      },
      {
        "state": "VIC",
        "price": "2200",
        "price_per_unit": "733",
        "price_unit": "ML"
      },
      {
        "state": "QLD",
        "price": "2200",
        "price_per_unit": "733",
        "price_unit": "ML"
      },
      {
        "state": "WA",
        "price": "2200",
        "price_per_unit": "733",
        "price_unit": "ML"
      },
      {
        "state": "SA",
        "price": "2200",
        "price_per_unit": "733",
        "price_unit": "ML"
      },
      {
        "state": "ACT",
        "price": "2200",
        "price_per_unit": "733",
        "price_unit": "ML"
      },
      {
        "state": "NT",
        "price": "2200",
        "price_per_unit": "733",
        "price_unit": "ML"
      }
    ]
  },
  {
    "source_url": "https://www.woolworths.com.au/shop/productdetails/134831/mcobeauty-instant-camouflage-contour-concealer-ivory",
    "name": "MCoBeauty Instant Camouflage & Contour Concealer Ivory 10mL",
    "image_url": "https://cdn1.woolworths.media/content/wowproductimages/large/134831.jpg",
    "source_id": "Woolworths - 134831",
    "barcode": "9331880013028",
    "category_id": "1_894D0A8",
    "shop": "Woolworths",
    "weight": "10ML",
    "prices": [
      {
        "state": "NSW",
        "price": "2000",
        "price_per_unit": "2000",
        "price_unit": "ML"
      },
      {
        "state": "WA",
        "price": "2000",
        "price_per_unit": "2000",
        "price_unit": "ML"
      },
      {
        "state": "SA",
        "price": "2000",
        "price_per_unit": "2000",
        "price_unit": "ML"
      },
      {
        "state": "TAS",
        "price": "2000",
        "price_per_unit": "2000",
        "price_unit": "ML"
      },
      {
        "state": "ACT",
        "price": "2000",
        "price_per_unit": "2000",
        "price_unit": "ML"
      },
      {
        "state": "NT",
        "price": "2000",
        "price_per_unit": "2000",
        "price_unit": "ML"
      }
    ]
  },
  {
    "source_url": "https://www.woolworths.com.au/shop/productdetails/134431/mcobeauty-instant-camouflage-contour-concealer-light",
    "name": "MCoBeauty Instant Camouflage & Contour Concealer Light 10mL",
    "image_url": "https://cdn1.woolworths.media/content/wowproductimages/large/134431.jpg",
    "source_id": "Woolworths - 134431",
    "barcode": "9331880013035",
    "category_id": "1_894D0A8",
    "shop": "Woolworths",
    "weight": "10ML",
    "prices": [
      {
        "state": "NSW",
        "price": "2000",
        "price_per_unit": "2000",
        "price_unit": "ML"
      },
      {
        "state": "VIC",
        "price": "2000",
        "price_per_unit": "2000",
        "price_unit": "ML"
      },
      {
        "state": "QLD",
        "price": "2000",
        "price_per_unit": "2000",
        "price_unit": "ML"
      },
      {
        "state": "WA",
        "price": "2000",
        "price_per_unit": "2000",
        "price_unit": "ML"
      },
      {
        "state": "SA",
        "price": "2000",
        "price_per_unit": "2000",
        "price_unit": "ML"
      },
      {
        "state": "TAS",
        "price": "2000",
        "price_per_unit": "2000",
        "price_unit": "ML"
      },
      {
        "state": "ACT",
        "price": "2000",
        "price_per_unit": "2000",
        "price_unit": "ML"
      },
      {
        "state": "NT",
        "price": "2000",
        "price_per_unit": "2000",
        "price_unit": "ML"
      }
    ]
  },
  {
    "source_url": "https://www.woolworths.com.au/shop/productdetails/134206/mcobeauty-instant-camouflage-contour-concealer-medium-beige",
    "name": "MCoBeauty Instant Camouflage & Contour Concealer Medium Beige 10mL",
    "image_url": "https://cdn1.woolworths.media/content/wowproductimages/large/134206.jpg",
    "source_id": "Woolworths - 134206",
    "barcode": "9331880013042",
    "category_id": "1_894D0A8",
    "shop": "Woolworths",
    "weight": "10ML",
    "prices": [
      {
        "state": "NSW",
        "price": "2000",
        "price_per_unit": "2000",
        "price_unit": "ML"
      },
      {
        "state": "VIC",
        "price": "2000",
        "price_per_unit": "2000",
        "price_unit": "ML"
      },
      {
        "state": "QLD",
        "price": "2000",
        "price_per_unit": "2000",
        "price_unit": "ML"
      },
      {
        "state": "WA",
        "price": "2000",
        "price_per_unit": "2000",
        "price_unit": "ML"
      },
      {
        "state": "SA",
        "price": "2000",
        "price_per_unit": "2000",
        "price_unit": "ML"
      },
      {
        "state": "TAS",
        "price": "2000",
        "price_per_unit": "2000",
        "price_unit": "ML"
      },
      {
        "state": "ACT",
        "price": "2000",
        "price_per_unit": "2000",
        "price_unit": "ML"
      },
      {
        "state": "NT",
        "price": "2000",
        "price_per_unit": "2000",
        "price_unit": "ML"
      }
    ]
  },
  {
    "source_url": "https://www.woolworths.com.au/shop/productdetails/198642/mcobeauty-instant-contour-cream-bronzer-light-medium",
    "name": "MCoBeauty Instant Contour Cream Bronzer Light/Medium 12ml",
    "image_url": "https://cdn1.woolworths.media/content/wowproductimages/large/198642.jpg",
    "source_id": "Woolworths - 198642",
    "barcode": "9331880016326",
    "category_id": "1_894D0A8",
    "shop": "Woolworths",
    "weight": "10ML",
    "prices": [
      {
        "state": "NSW",
        "price": "2900",
        "price_per_unit": "2417",
        "price_unit": "ML"
      },
      {
        "state": "VIC",
        "price": "2900",
        "price_per_unit": "2417",
        "price_unit": "ML"
      },
      {
        "state": "QLD",
        "price": "2900",
        "price_per_unit": "2417",
        "price_unit": "ML"
      },
      {
        "state": "WA",
        "price": "2900",
        "price_per_unit": "2417",
        "price_unit": "ML"
      },
      {
        "state": "SA",
        "price": "2900",
        "price_per_unit": "2417",
        "price_unit": "ML"
      },
      {
        "state": "TAS",
        "price": "2900",
        "price_per_unit": "2417",
        "price_unit": "ML"
      },
      {
        "state": "ACT",
        "price": "2900",
        "price_per_unit": "2417",
        "price_unit": "ML"
      },
      {
        "state": "NT",
        "price": "2900",
        "price_per_unit": "2417",
        "price_unit": "ML"
      }
    ]
  },
  {
    "source_url": "https://www.woolworths.com.au/shop/productdetails/198523/mcobeauty-instant-contour-cream-bronzer-medium-dark",
    "name": "MCoBeauty Instant Contour Cream Bronzer Medium/Dark 12ml",
    "image_url": "https://cdn1.woolworths.media/content/wowproductimages/large/198523.jpg",
    "source_id": "Woolworths - 198523",
    "barcode": "9331880016319",
    "category_id": "1_894D0A8",
    "shop": "Woolworths",
    "weight": "10ML",
    "prices": [
      {
        "state": "NSW",
        "price": "2900",
        "price_per_unit": "2417",
        "price_unit": "ML"
      },
      {
        "state": "VIC",
        "price": "2900",
        "price_per_unit": "2417",
        "price_unit": "ML"
      },
      {
        "state": "QLD",
        "price": "2900",
        "price_per_unit": "2417",
        "price_unit": "ML"
      },
      {
        "state": "WA",
        "price": "2900",
        "price_per_unit": "2417",
        "price_unit": "ML"
      },
      {
        "state": "SA",
        "price": "2900",
        "price_per_unit": "2417",
        "price_unit": "ML"
      },
      {
        "state": "TAS",
        "price": "2900",
        "price_per_unit": "2417",
        "price_unit": "ML"
      },
      {
        "state": "ACT",
        "price": "2900",
        "price_per_unit": "2417",
        "price_unit": "ML"
      },
      {
        "state": "NT",
        "price": "2900",
        "price_per_unit": "2417",
        "price_unit": "ML"
      }
    ]
  },
  {
    "source_url": "https://www.woolworths.com.au/shop/productdetails/134160/mcobeauty-instant-erase-concealer-ivory",
    "name": "MCoBeauty Instant Erase Concealer Ivory 6ml",
    "image_url": "https://cdn1.woolworths.media/content/wowproductimages/large/134160.jpg",
    "source_id": "Woolworths - 134160",
    "barcode": "9331880013011",
    "category_id": "1_894D0A8",
    "shop": "Woolworths",
    "weight": "10ML",
    "prices": [
      {
        "state": "NSW",
        "price": "2000",
        "price_per_unit": "3333",
        "price_unit": "ML"
      },
      {
        "state": "WA",
        "price": "2000",
        "price_per_unit": "3333",
        "price_unit": "ML"
      },
      {
        "state": "SA",
        "price": "2000",
        "price_per_unit": "3333",
        "price_unit": "ML"
      },
      {
        "state": "TAS",
        "price": "2000",
        "price_per_unit": "3333",
        "price_unit": "ML"
      },
      {
        "state": "ACT",
        "price": "2000",
        "price_per_unit": "3333",
        "price_unit": "ML"
      },
      {
        "state": "NT",
        "price": "1800",
        "price_per_unit": "3000",
        "price_unit": "ML"
      }
    ]
  },
  {
    "source_url": "https://www.woolworths.com.au/shop/productdetails/78204/mcobeauty-instant-erase-concealer-light-light",
    "name": "MCoBeauty Instant Erase Concealer Light 6mL",
    "image_url": "https://cdn1.woolworths.media/content/wowproductimages/large/078204.jpg",
    "source_id": "Woolworths - 78204",
    "barcode": "9331880010195",
    "category_id": "1_894D0A8",
    "shop": "Woolworths",
    "weight": "10ML",
    "prices": [
      {
        "state": "NSW",
        "price": "2000",
        "price_per_unit": "3333",
        "price_unit": "ML"
      },
      {
        "state": "WA",
        "price": "2000",
        "price_per_unit": "3333",
        "price_unit": "ML"
      },
      {
        "state": "SA",
        "price": "2000",
        "price_per_unit": "3333",
        "price_unit": "ML"
      },
      {
        "state": "TAS",
        "price": "2000",
        "price_per_unit": "3333",
        "price_unit": "ML"
      },
      {
        "state": "ACT",
        "price": "2000",
        "price_per_unit": "3333",
        "price_unit": "ML"
      }
    ]
  },
  {
    "source_url": "https://www.woolworths.com.au/shop/productdetails/398567/mcobeauty-instant-glow-flash-primer",
    "name": "MCoBeauty Instant Glow Flash Primer 40ml",
    "image_url": "https://cdn1.woolworths.media/content/wowproductimages/large/398567.jpg",
    "source_id": "Woolworths - 398567",
    "barcode": "9331880023713",
    "category_id": "1_894D0A8",
    "shop": "Woolworths",
    "weight": "10ML",
    "prices": [
      {
        "state": "NSW",
        "price": "3500",
        "price_per_unit": "875",
        "price_unit": "ML"
      },
      {
        "state": "WA",
        "price": "3500",
        "price_per_unit": "875",
        "price_unit": "ML"
      },
      {
        "state": "SA",
        "price": "3500",
        "price_per_unit": "875",
        "price_unit": "ML"
      },
      {
        "state": "TAS",
        "price": "3500",
        "price_per_unit": "875",
        "price_unit": "ML"
      },
      {
        "state": "ACT",
        "price": "3500",
        "price_per_unit": "875",
        "price_unit": "ML"
      },
      {
        "state": "NT",
        "price": "3500",
        "price_per_unit": "875",
        "price_unit": "ML"
      }
    ]
  },
  {
    "source_url": "https://www.woolworths.com.au/shop/productdetails/476752/mcobeauty-invisible-matte-long-lasting-pressed-powder-translucent",
    "name": "MCoBeauty Invisible Matte Long Lasting Pressed Powder Translucent 14.5g",
    "image_url": "https://cdn1.woolworths.media/content/wowproductimages/large/476752.jpg",
    "source_id": "Woolworths - 476752",
    "barcode": "9331880006228",
    "category_id": "1_894D0A8",
    "shop": "Woolworths",
    "weight": "10G",
    "prices": [
      {
        "state": "NSW",
        "price": "1800",
        "price_per_unit": "1241",
        "price_unit": "G"
      },
      {
        "state": "WA",
        "price": "1800",
        "price_per_unit": "1241",
        "price_unit": "G"
      },
      {
        "state": "SA",
        "price": "1800",
        "price_per_unit": "1241",
        "price_unit": "G"
      },
      {
        "state": "ACT",
        "price": "1800",
        "price_per_unit": "1241",
        "price_unit": "G"
      },
      {
        "state": "NT",
        "price": "1800",
        "price_per_unit": "1241",
        "price_unit": "G"
      }
    ]
  },
  {
    "source_url": "https://www.woolworths.com.au/shop/productdetails/59894/mcobeauty-liquid-blush-luminous-glow-bella-vita-dusty-rose",
    "name": "MCoBeauty Liquid Blush Luminous Glow Bella Vita Dusty Rose each",
    "image_url": "https://cdn1.woolworths.media/content/wowproductimages/large/059894.jpg",
    "source_id": "Woolworths - 59894",
    "barcode": "9331880036249",
    "category_id": "1_894D0A8",
    "shop": "Woolworths",
    "weight": "1EA",
    "prices": [
      {
        "state": "NSW",
        "price": "2600",
        "price_per_unit": "2600",
        "price_unit": "EA"
      },
      {
        "state": "VIC",
        "price": "2600",
        "price_per_unit": "2600",
        "price_unit": "EA"
      },
      {
        "state": "QLD",
        "price": "2600",
        "price_per_unit": "2600",
        "price_unit": "EA"
      },
      {
        "state": "WA",
        "price": "2600",
        "price_per_unit": "2600",
        "price_unit": "EA"
      },
      {
        "state": "SA",
        "price": "2600",
        "price_per_unit": "2600",
        "price_unit": "EA"
      },
      {
        "state": "TAS",
        "price": "2600",
        "price_per_unit": "2600",
        "price_unit": "EA"
      },
      {
        "state": "ACT",
        "price": "2600",
        "price_per_unit": "2600",
        "price_unit": "EA"
      },
      {
        "state": "NT",
        "price": "2600",
        "price_per_unit": "2600",
        "price_unit": "EA"
      }
    ]
  },
  {
    "source_url": "https://www.woolworths.com.au/shop/productdetails/59900/mcobeauty-liquid-blush-luminous-glow-lava-deep-peach",
    "name": "MCoBeauty Liquid Blush Luminous Glow Lava Deep Peach each",
    "image_url": "https://cdn1.woolworths.media/content/wowproductimages/large/059900.jpg",
    "source_id": "Woolworths - 59900",
    "barcode": "9331880036256",
    "category_id": "1_894D0A8",
    "shop": "Woolworths",
    "weight": "1EA",
    "prices": [
      {
        "state": "NSW",
        "price": "2600",
        "price_per_unit": "2600",
        "price_unit": "EA"
      },
      {
        "state": "VIC",
        "price": "2600",
        "price_per_unit": "2600",
        "price_unit": "EA"
      },
      {
        "state": "QLD",
        "price": "2600",
        "price_per_unit": "2600",
        "price_unit": "EA"
      },
      {
        "state": "WA",
        "price": "2600",
        "price_per_unit": "2600",
        "price_unit": "EA"
      },
      {
        "state": "SA",
        "price": "2600",
        "price_per_unit": "2600",
        "price_unit": "EA"
      },
      {
        "state": "TAS",
        "price": "2600",
        "price_per_unit": "2600",
        "price_unit": "EA"
      },
      {
        "state": "ACT",
        "price": "2600",
        "price_per_unit": "2600",
        "price_unit": "EA"
      },
      {
        "state": "NT",
        "price": "2600",
        "price_per_unit": "2600",
        "price_unit": "EA"
      }
    ]
  },
  {
    "source_url": "https://www.woolworths.com.au/shop/productdetails/59892/mcobeauty-liquid-blush-luminous-glow-passion-peachy-pink",
    "name": "MCoBeauty Liquid Blush Luminous Glow Passion Peachy Pink each",
    "image_url": "https://cdn1.woolworths.media/content/wowproductimages/large/059892.jpg",
    "source_id": "Woolworths - 59892",
    "barcode": "9331880036232",
    "category_id": "1_894D0A8",
    "shop": "Woolworths",
    "weight": "1EA",
    "prices": [
      {
        "state": "NSW",
        "price": "2600",
        "price_per_unit": "2600",
        "price_unit": "EA"
      },
      {
        "state": "VIC",
        "price": "2600",
        "price_per_unit": "2600",
        "price_unit": "EA"
      },
      {
        "state": "QLD",
        "price": "2600",
        "price_per_unit": "2600",
        "price_unit": "EA"
      },
      {
        "state": "WA",
        "price": "2600",
        "price_per_unit": "2600",
        "price_unit": "EA"
      },
      {
        "state": "SA",
        "price": "2600",
        "price_per_unit": "2600",
        "price_unit": "EA"
      },
      {
        "state": "TAS",
        "price": "2600",
        "price_per_unit": "2600",
        "price_unit": "EA"
      },
      {
        "state": "ACT",
        "price": "2600",
        "price_per_unit": "2600",
        "price_unit": "EA"
      },
      {
        "state": "NT",
        "price": "2600",
        "price_per_unit": "2600",
        "price_unit": "EA"
      }
    ]
  },
  {
    "source_url": "https://www.woolworths.com.au/shop/productdetails/902831/mcobeauty-loose-powder-cool-set-light",
    "name": "MCoBeauty Loose Powder Cool & Set Light 9g",
    "image_url": "https://cdn1.woolworths.media/content/wowproductimages/large/902831.jpg",
    "source_id": "Woolworths - 902831",
    "barcode": "9331880031459",
    "category_id": "1_894D0A8",
    "shop": "Woolworths",
    "weight": "10G",
    "prices": [
      {
        "state": "NSW",
        "price": "2800",
        "price_per_unit": "3111",
        "price_unit": "G"
      },
      {
        "state": "SA",
        "price": "2800",
        "price_per_unit": "3111",
        "price_unit": "G"
      },
      {
        "state": "TAS",
        "price": "2800",
        "price_per_unit": "3111",
        "price_unit": "G"
      },
      {
        "state": "ACT",
        "price": "2800",
        "price_per_unit": "3111",
        "price_unit": "G"
      }
    ]
  },
  {
    "source_url": "https://www.woolworths.com.au/shop/productdetails/902842/mcobeauty-loose-powder-cool-set-natural-medium",
    "name": "MCoBeauty Loose Powder Cool & Set Natural Medium 9g",
    "image_url": "https://cdn1.woolworths.media/content/wowproductimages/large/902842.jpg",
    "source_id": "Woolworths - 902842",
    "barcode": "9331880031466",
    "category_id": "1_894D0A8",
    "shop": "Woolworths",
    "weight": "1EA",
    "prices": [
      {
        "state": "NSW",
        "price": "2800",
        "price_per_unit": "2800",
        "price_unit": "EA"
      },
      {
        "state": "SA",
        "price": "2800",
        "price_per_unit": "2800",
        "price_unit": "EA"
      },
      {
        "state": "ACT",
        "price": "2800",
        "price_per_unit": "2800",
        "price_unit": "EA"
      }
    ]
  },
  {
    "source_url": "https://www.woolworths.com.au/shop/productdetails/902830/mcobeauty-loose-powder-cool-set-rose-pink",
    "name": "MCoBeauty Loose Powder Cool & Set Rose Pink 9g",
    "image_url": "https://cdn1.woolworths.media/content/wowproductimages/large/902830.jpg",
    "source_id": "Woolworths - 902830",
    "barcode": "9331880031442",
    "category_id": "1_894D0A8",
    "shop": "Woolworths",
    "weight": "10G",
    "prices": [
      {
        "state": "NSW",
        "price": "2800",
        "price_per_unit": "3111",
        "price_unit": "G"
      },
      {
        "state": "VIC",
        "price": "2800",
        "price_per_unit": "3111",
        "price_unit": "G"
      },
      {
        "state": "QLD",
        "price": "2800",
        "price_per_unit": "3111",
        "price_unit": "G"
      },
      {
        "state": "WA",
        "price": "2800",
        "price_per_unit": "3111",
        "price_unit": "G"
      },
      {
        "state": "SA",
        "price": "2800",
        "price_per_unit": "3111",
        "price_unit": "G"
      },
      {
        "state": "TAS",
        "price": "2800",
        "price_per_unit": "3111",
        "price_unit": "G"
      },
      {
        "state": "ACT",
        "price": "2800",
        "price_per_unit": "3111",
        "price_unit": "G"
      },
      {
        "state": "NT",
        "price": "2800",
        "price_per_unit": "3111",
        "price_unit": "G"
      }
    ]
  },
  {
    "source_url": "https://www.woolworths.com.au/shop/productdetails/902829/mcobeauty-loose-powder-cool-set-translucent",
    "name": "MCoBeauty Loose Powder Cool & Set Translucent 9g",
    "image_url": "https://cdn1.woolworths.media/content/wowproductimages/large/902829.jpg",
    "source_id": "Woolworths - 902829",
    "barcode": "9331880031435",
    "category_id": "1_894D0A8",
    "shop": "Woolworths",
    "weight": "10G",
    "prices": [
      {
        "state": "NSW",
        "price": "2800",
        "price_per_unit": "3111",
        "price_unit": "G"
      },
      {
        "state": "QLD",
        "price": "2800",
        "price_per_unit": "3111",
        "price_unit": "G"
      },
      {
        "state": "WA",
        "price": "2800",
        "price_per_unit": "3111",
        "price_unit": "G"
      },
      {
        "state": "SA",
        "price": "2800",
        "price_per_unit": "3111",
        "price_unit": "G"
      },
      {
        "state": "TAS",
        "price": "2800",
        "price_per_unit": "3111",
        "price_unit": "G"
      },
      {
        "state": "ACT",
        "price": "2800",
        "price_per_unit": "3111",
        "price_unit": "G"
      },
      {
        "state": "NT",
        "price": "2800",
        "price_per_unit": "3111",
        "price_unit": "G"
      }
    ]
  },
  {
    "source_url": "https://www.woolworths.com.au/shop/productdetails/513462/mcobeauty-makeup-grip-primer",
    "name": "MCoBeauty Makeup Grip Primer 30mL",
    "image_url": "https://cdn1.woolworths.media/content/wowproductimages/large/513462.jpg",
    "source_id": "Woolworths - 513462",
    "barcode": "9331880029265",
    "category_id": "1_894D0A8",
    "shop": "Woolworths",
    "weight": "10ML",
    "prices": [
      {
        "state": "NSW",
        "price": "2800",
        "price_per_unit": "933",
        "price_unit": "ML"
      },
      {
        "state": "VIC",
        "price": "2800",
        "price_per_unit": "933",
        "price_unit": "ML"
      },
      {
        "state": "QLD",
        "price": "2800",
        "price_per_unit": "933",
        "price_unit": "ML"
      },
      {
        "state": "WA",
        "price": "2800",
        "price_per_unit": "933",
        "price_unit": "ML"
      },
      {
        "state": "SA",
        "price": "2800",
        "price_per_unit": "933",
        "price_unit": "ML"
      },
      {
        "state": "TAS",
        "price": "2800",
        "price_per_unit": "933",
        "price_unit": "ML"
      },
      {
        "state": "ACT",
        "price": "2800",
        "price_per_unit": "933",
        "price_unit": "ML"
      },
      {
        "state": "NT",
        "price": "2800",
        "price_per_unit": "933",
        "price_unit": "ML"
      }
    ]
  },
  {
    "source_url": "https://www.woolworths.com.au/shop/productdetails/134826/mcobeauty-mega-balm-all-over-ointment",
    "name": "MCoBeauty Mega Balm All-Over Ointment 14g",
    "image_url": "https://cdn1.woolworths.media/content/wowproductimages/large/134826.jpg",
    "source_id": "Woolworths - 134826",
    "barcode": "9331880013004",
    "category_id": "1_894D0A8",
    "shop": "Woolworths",
    "weight": "10G",
    "prices": [
      {
        "state": "NSW",
        "price": "1200",
        "price_per_unit": "857",
        "price_unit": "G"
      },
      {
        "state": "VIC",
        "price": "1200",
        "price_per_unit": "857",
        "price_unit": "G"
      },
      {
        "state": "QLD",
        "price": "1200",
        "price_per_unit": "857",
        "price_unit": "G"
      },
      {
        "state": "WA",
        "price": "1200",
        "price_per_unit": "857",
        "price_unit": "G"
      },
      {
        "state": "SA",
        "price": "1200",
        "price_per_unit": "857",
        "price_unit": "G"
      },
      {
        "state": "TAS",
        "price": "1200",
        "price_per_unit": "857",
        "price_unit": "G"
      },
      {
        "state": "ACT",
        "price": "1200",
        "price_per_unit": "857",
        "price_unit": "G"
      }
    ]
  },
  {
    "source_url": "https://www.woolworths.com.au/shop/productdetails/161963/mcobeauty-miracle-bb-cream-light",
    "name": "MCoBeauty Miracle BB Cream Light each",
    "image_url": "https://cdn1.woolworths.media/content/wowproductimages/large/161963.jpg",
    "source_id": "Woolworths - 161963",
    "barcode": "9331880013882",
    "category_id": "1_894D0A8",
    "shop": "Woolworths",
    "weight": "10ML",
    "prices": [
      {
        "state": "NSW",
        "price": "2000",
        "price_per_unit": "667",
        "price_unit": "ML"
      },
      {
        "state": "VIC",
        "price": "2000",
        "price_per_unit": "667",
        "price_unit": "ML"
      },
      {
        "state": "QLD",
        "price": "2000",
        "price_per_unit": "667",
        "price_unit": "ML"
      },
      {
        "state": "WA",
        "price": "2000",
        "price_per_unit": "667",
        "price_unit": "ML"
      },
      {
        "state": "SA",
        "price": "2000",
        "price_per_unit": "667",
        "price_unit": "ML"
      },
      {
        "state": "ACT",
        "price": "2000",
        "price_per_unit": "667",
        "price_unit": "ML"
      },
      {
        "state": "NT",
        "price": "2000",
        "price_per_unit": "667",
        "price_unit": "ML"
      }
    ]
  },
  {
    "source_url": "https://www.woolworths.com.au/shop/productdetails/162039/mcobeauty-miracle-bb-cream-medium",
    "name": "MCoBeauty Miracle BB Cream Medium each",
    "image_url": "https://cdn1.woolworths.media/content/wowproductimages/large/162039.jpg",
    "source_id": "Woolworths - 162039",
    "barcode": "9331880013899",
    "category_id": "1_894D0A8",
    "shop": "Woolworths",
    "weight": "10ML",
    "prices": [
      {
        "state": "NSW",
        "price": "2000",
        "price_per_unit": "667",
        "price_unit": "ML"
      },
      {
        "state": "VIC",
        "price": "2000",
        "price_per_unit": "667",
        "price_unit": "ML"
      },
      {
        "state": "QLD",
        "price": "2000",
        "price_per_unit": "667",
        "price_unit": "ML"
      },
      {
        "state": "WA",
        "price": "2000",
        "price_per_unit": "667",
        "price_unit": "ML"
      },
      {
        "state": "SA",
        "price": "2000",
        "price_per_unit": "667",
        "price_unit": "ML"
      },
      {
        "state": "ACT",
        "price": "2000",
        "price_per_unit": "667",
        "price_unit": "ML"
      },
      {
        "state": "NT",
        "price": "2000",
        "price_per_unit": "667",
        "price_unit": "ML"
      }
    ]
  },
  {
    "source_url": "https://www.woolworths.com.au/shop/productdetails/525720/mcobeauty-miracle-flawless-pressed-powder-1-light",
    "name": "MCoBeauty Miracle Flawless Pressed Powder 1 Light 8g",
    "image_url": "https://cdn1.woolworths.media/content/wowproductimages/large/525720.jpg",
    "source_id": "Woolworths - 525720",
    "barcode": "9331880026677",
    "category_id": "1_894D0A8",
    "shop": "Woolworths",
    "weight": "10G",
    "prices": [
      {
        "state": "NSW",
        "price": "2800",
        "price_per_unit": "3500",
        "price_unit": "G"
      },
      {
        "state": "VIC",
        "price": "2800",
        "price_per_unit": "3500",
        "price_unit": "G"
      },
      {
        "state": "QLD",
        "price": "2800",
        "price_per_unit": "3500",
        "price_unit": "G"
      },
      {
        "state": "WA",
        "price": "2800",
        "price_per_unit": "3500",
        "price_unit": "G"
      },
      {
        "state": "SA",
        "price": "2800",
        "price_per_unit": "3500",
        "price_unit": "G"
      },
      {
        "state": "TAS",
        "price": "2800",
        "price_per_unit": "3500",
        "price_unit": "G"
      },
      {
        "state": "ACT",
        "price": "2800",
        "price_per_unit": "3500",
        "price_unit": "G"
      },
      {
        "state": "NT",
        "price": "2800",
        "price_per_unit": "3500",
        "price_unit": "G"
      }
    ]
  },
  {
    "source_url": "https://www.woolworths.com.au/shop/productdetails/502322/mcobeauty-miracle-flawless-pressed-powder-2-natural-medium",
    "name": "MCoBeauty Miracle Flawless Pressed Powder 2 Natural Medium 8g",
    "image_url": "https://cdn1.woolworths.media/content/wowproductimages/large/502322.jpg",
    "source_id": "Woolworths - 502322",
    "barcode": "9331880026684",
    "category_id": "1_894D0A8",
    "shop": "Woolworths",
    "weight": "10G",
    "prices": [
      {
        "state": "NSW",
        "price": "2800",
        "price_per_unit": "3500",
        "price_unit": "G"
      },
      {
        "state": "VIC",
        "price": "2800",
        "price_per_unit": "3500",
        "price_unit": "G"
      },
      {
        "state": "QLD",
        "price": "2800",
        "price_per_unit": "3500",
        "price_unit": "G"
      },
      {
        "state": "SA",
        "price": "2800",
        "price_per_unit": "3500",
        "price_unit": "G"
      },
      {
        "state": "TAS",
        "price": "2800",
        "price_per_unit": "3500",
        "price_unit": "G"
      },
      {
        "state": "ACT",
        "price": "2800",
        "price_per_unit": "3500",
        "price_unit": "G"
      },
      {
        "state": "NT",
        "price": "2800",
        "price_per_unit": "3500",
        "price_unit": "G"
      }
    ]
  },
  {
    "source_url": "https://www.woolworths.com.au/shop/productdetails/502266/mcobeauty-miracle-flawless-pressed-powder-medium-warm",
    "name": "MCoBeauty Miracle Flawless Pressed Powder Medium Warm each",
    "image_url": "https://cdn1.woolworths.media/content/wowproductimages/large/502266.jpg",
    "source_id": "Woolworths - 502266",
    "barcode": "9331880026691",
    "category_id": "1_894D0A8",
    "shop": "Woolworths",
    "weight": "10G",
    "prices": [
      {
        "state": "NSW",
        "price": "2800",
        "price_per_unit": "3500",
        "price_unit": "G"
      },
      {
        "state": "WA",
        "price": "2800",
        "price_per_unit": "3500",
        "price_unit": "G"
      },
      {
        "state": "SA",
        "price": "2800",
        "price_per_unit": "3500",
        "price_unit": "G"
      },
      {
        "state": "TAS",
        "price": "2800",
        "price_per_unit": "3500",
        "price_unit": "G"
      },
      {
        "state": "ACT",
        "price": "2800",
        "price_per_unit": "3500",
        "price_unit": "G"
      }
    ]
  },
  {
    "source_url": "https://www.woolworths.com.au/shop/productdetails/500625/mcobeauty-miracle-flawless-pressed-powder-transluscent",
    "name": "MCoBeauty Miracle Flawless Pressed Powder Transluscent 8g",
    "image_url": "https://cdn1.woolworths.media/content/wowproductimages/large/500625.jpg",
    "source_id": "Woolworths - 500625",
    "barcode": "9331880026660",
    "category_id": "1_894D0A8",
    "shop": "Woolworths",
    "weight": "10G",
    "prices": [
      {
        "state": "NSW",
        "price": "2800",
        "price_per_unit": "3500",
        "price_unit": "G"
      },
      {
        "state": "VIC",
        "price": "2800",
        "price_per_unit": "3500",
        "price_unit": "G"
      },
      {
        "state": "QLD",
        "price": "2800",
        "price_per_unit": "3500",
        "price_unit": "G"
      },
      {
        "state": "WA",
        "price": "2800",
        "price_per_unit": "3500",
        "price_unit": "G"
      },
      {
        "state": "SA",
        "price": "2800",
        "price_per_unit": "3500",
        "price_unit": "G"
      },
      {
        "state": "TAS",
        "price": "2800",
        "price_per_unit": "3500",
        "price_unit": "G"
      },
      {
        "state": "ACT",
        "price": "2800",
        "price_per_unit": "3500",
        "price_unit": "G"
      },
      {
        "state": "NT",
        "price": "2800",
        "price_per_unit": "3500",
        "price_unit": "G"
      }
    ]
  },
  {
    "source_url": "https://www.woolworths.com.au/shop/productdetails/398570/mcobeauty-miracle-flawless-skin-foundation-light-nude",
    "name": "MCoBeauty Miracle Flawless Skin Foundation Light Nude 30ml",
    "image_url": "https://cdn1.woolworths.media/content/wowproductimages/large/398570.jpg",
    "source_id": "Woolworths - 398570",
    "barcode": "9331880024611",
    "category_id": "1_894D0A8",
    "shop": "Woolworths",
    "weight": "10ML",
    "prices": [
      {
        "state": "NSW",
        "price": "3500",
        "price_per_unit": "1167",
        "price_unit": "ML"
      },
      {
        "state": "WA",
        "price": "3500",
        "price_per_unit": "1167",
        "price_unit": "ML"
      },
      {
        "state": "SA",
        "price": "3500",
        "price_per_unit": "1167",
        "price_unit": "ML"
      },
      {
        "state": "TAS",
        "price": "3500",
        "price_per_unit": "1167",
        "price_unit": "ML"
      },
      {
        "state": "ACT",
        "price": "3500",
        "price_per_unit": "1167",
        "price_unit": "ML"
      },
      {
        "state": "NT",
        "price": "3500",
        "price_per_unit": "1167",
        "price_unit": "ML"
      }
    ]
  },
  {
    "source_url": "https://www.woolworths.com.au/shop/productdetails/398572/mcobeauty-miracle-flawless-skin-foundation-natural-beige",
    "name": "MCoBeauty Miracle Flawless Skin Foundation Natural Beige 30ml",
    "image_url": "https://cdn1.woolworths.media/content/wowproductimages/large/398572.jpg",
    "source_id": "Woolworths - 398572",
    "barcode": "9331880024635",
    "category_id": "1_894D0A8",
    "shop": "Woolworths",
    "weight": "10ML",
    "prices": [
      {
        "state": "NSW",
        "price": "3500",
        "price_per_unit": "1167",
        "price_unit": "ML"
      },
      {
        "state": "WA",
        "price": "3500",
        "price_per_unit": "1167",
        "price_unit": "ML"
      },
      {
        "state": "SA",
        "price": "3500",
        "price_per_unit": "1167",
        "price_unit": "ML"
      },
      {
        "state": "TAS",
        "price": "3500",
        "price_per_unit": "1167",
        "price_unit": "ML"
      },
      {
        "state": "ACT",
        "price": "3500",
        "price_per_unit": "1167",
        "price_unit": "ML"
      },
      {
        "state": "NT",
        "price": "3500",
        "price_per_unit": "1167",
        "price_unit": "ML"
      }
    ]
  },
  {
    "source_url": "https://www.woolworths.com.au/shop/productdetails/398573/mcobeauty-miracle-flawless-skin-foundation-natural-medium",
    "name": "MCoBeauty Miracle Flawless Skin Foundation Natural Medium 30ml",
    "image_url": "https://cdn1.woolworths.media/content/wowproductimages/large/398573.jpg",
    "source_id": "Woolworths - 398573",
    "barcode": "9331880024642",
    "category_id": "1_894D0A8",
    "shop": "Woolworths",
    "weight": "10ML",
    "prices": [
      {
        "state": "NSW",
        "price": "3500",
        "price_per_unit": "1167",
        "price_unit": "ML"
      },
      {
        "state": "WA",
        "price": "3500",
        "price_per_unit": "1167",
        "price_unit": "ML"
      },
      {
        "state": "SA",
        "price": "3500",
        "price_per_unit": "1167",
        "price_unit": "ML"
      },
      {
        "state": "TAS",
        "price": "3500",
        "price_per_unit": "1167",
        "price_unit": "ML"
      },
      {
        "state": "ACT",
        "price": "3500",
        "price_per_unit": "1167",
        "price_unit": "ML"
      },
      {
        "state": "NT",
        "price": "3500",
        "price_per_unit": "1167",
        "price_unit": "ML"
      }
    ]
  },
  {
    "source_url": "https://www.woolworths.com.au/shop/productdetails/398571/mcobeauty-miracle-flawless-skin-foundation-nude-beige",
    "name": "MCoBeauty Miracle Flawless Skin Foundation Nude Beige 30ml",
    "image_url": "https://cdn1.woolworths.media/content/wowproductimages/large/398571.jpg",
    "source_id": "Woolworths - 398571",
    "barcode": "9331880024628",
    "category_id": "1_894D0A8",
    "shop": "Woolworths",
    "weight": "10ML",
    "prices": [
      {
        "state": "NSW",
        "price": "3500",
        "price_per_unit": "1167",
        "price_unit": "ML"
      },
      {
        "state": "WA",
        "price": "3500",
        "price_per_unit": "1167",
        "price_unit": "ML"
      },
      {
        "state": "SA",
        "price": "3500",
        "price_per_unit": "1167",
        "price_unit": "ML"
      },
      {
        "state": "TAS",
        "price": "3500",
        "price_per_unit": "1167",
        "price_unit": "ML"
      },
      {
        "state": "ACT",
        "price": "3500",
        "price_per_unit": "1167",
        "price_unit": "ML"
      },
      {
        "state": "NT",
        "price": "3500",
        "price_per_unit": "1167",
        "price_unit": "ML"
      }
    ]
  },
  {
    "source_url": "https://www.woolworths.com.au/shop/productdetails/298387/mcobeauty-miracle-hyaluronic-tinted-serum-0-5-2-very-light",
    "name": "MCoBeauty Miracle Hyaluronic Tinted Serum 0.5-2 Very Light 30ml",
    "image_url": "https://cdn1.woolworths.media/content/wowproductimages/large/298387.jpg",
    "source_id": "Woolworths - 298387",
    "barcode": "9331880022112",
    "category_id": "1_894D0A8",
    "shop": "Woolworths",
    "weight": "10ML",
    "prices": [
      {
        "state": "NSW",
        "price": "3500",
        "price_per_unit": "1167",
        "price_unit": "ML"
      },
      {
        "state": "WA",
        "price": "3500",
        "price_per_unit": "1167",
        "price_unit": "ML"
      },
      {
        "state": "SA",
        "price": "3500",
        "price_per_unit": "1167",
        "price_unit": "ML"
      },
      {
        "state": "TAS",
        "price": "3500",
        "price_per_unit": "1167",
        "price_unit": "ML"
      },
      {
        "state": "ACT",
        "price": "3500",
        "price_per_unit": "1167",
        "price_unit": "ML"
      },
      {
        "state": "NT",
        "price": "3500",
        "price_per_unit": "1167",
        "price_unit": "ML"
      }
    ]
  },
  {
    "source_url": "https://www.woolworths.com.au/shop/productdetails/296612/mcobeauty-miracle-hyaluronic-tinted-serum-2-3-light",
    "name": "MCoBeauty Miracle Hyaluronic Tinted Serum 2-3 Light 30ml",
    "image_url": "https://cdn1.woolworths.media/content/wowproductimages/large/296612.jpg",
    "source_id": "Woolworths - 296612",
    "barcode": "9331880022129",
    "category_id": "1_894D0A8",
    "shop": "Woolworths",
    "weight": "10ML",
    "prices": [
      {
        "state": "NSW",
        "price": "3500",
        "price_per_unit": "1167",
        "price_unit": "ML"
      },
      {
        "state": "WA",
        "price": "3500",
        "price_per_unit": "1167",
        "price_unit": "ML"
      },
      {
        "state": "SA",
        "price": "3500",
        "price_per_unit": "1167",
        "price_unit": "ML"
      },
      {
        "state": "TAS",
        "price": "3500",
        "price_per_unit": "1167",
        "price_unit": "ML"
      },
      {
        "state": "ACT",
        "price": "3500",
        "price_per_unit": "1167",
        "price_unit": "ML"
      },
      {
        "state": "NT",
        "price": "3500",
        "price_per_unit": "1167",
        "price_unit": "ML"
      }
    ]
  },
  {
    "source_url": "https://www.woolworths.com.au/shop/productdetails/296603/mcobeauty-miracle-hyaluronic-tinted-serum-3-4-light-medium",
    "name": "MCoBeauty Miracle Hyaluronic Tinted Serum 3-4 Light Medium 30ml",
    "image_url": "https://cdn1.woolworths.media/content/wowproductimages/large/296603.jpg",
    "source_id": "Woolworths - 296603",
    "barcode": "9331880022136",
    "category_id": "1_894D0A8",
    "shop": "Woolworths",
    "weight": "10ML",
    "prices": [
      {
        "state": "NSW",
        "price": "3500",
        "price_per_unit": "1167",
        "price_unit": "ML"
      },
      {
        "state": "WA",
        "price": "3500",
        "price_per_unit": "1167",
        "price_unit": "ML"
      },
      {
        "state": "SA",
        "price": "3500",
        "price_per_unit": "1167",
        "price_unit": "ML"
      },
      {
        "state": "TAS",
        "price": "3500",
        "price_per_unit": "1167",
        "price_unit": "ML"
      },
      {
        "state": "ACT",
        "price": "3500",
        "price_per_unit": "1167",
        "price_unit": "ML"
      },
      {
        "state": "NT",
        "price": "3500",
        "price_per_unit": "1167",
        "price_unit": "ML"
      }
    ]
  },
  {
    "source_url": "https://www.woolworths.com.au/shop/productdetails/296509/mcobeauty-miracle-hyaluronic-tinted-serum-4-5-medium",
    "name": "MCoBeauty Miracle Hyaluronic Tinted Serum 4-5 Medium 30ml",
    "image_url": "https://cdn1.woolworths.media/content/wowproductimages/large/296509.jpg",
    "source_id": "Woolworths - 296509",
    "barcode": "9331880022143",
    "category_id": "1_894D0A8",
    "shop": "Woolworths",
    "weight": "10ML",
    "prices": [
      {
        "state": "NSW",
        "price": "3500",
        "price_per_unit": "1167",
        "price_unit": "ML"
      },
      {
        "state": "WA",
        "price": "3500",
        "price_per_unit": "1167",
        "price_unit": "ML"
      },
      {
        "state": "SA",
        "price": "3500",
        "price_per_unit": "1167",
        "price_unit": "ML"
      },
      {
        "state": "TAS",
        "price": "3500",
        "price_per_unit": "1167",
        "price_unit": "ML"
      },
      {
        "state": "ACT",
        "price": "3500",
        "price_per_unit": "1167",
        "price_unit": "ML"
      },
      {
        "state": "NT",
        "price": "3500",
        "price_per_unit": "1167",
        "price_unit": "ML"
      }
    ]
  },
  {
    "source_url": "https://www.woolworths.com.au/shop/productdetails/296622/mcobeauty-miracle-hyaluronic-tinted-serum-5-6-natural-medium",
    "name": "MCoBeauty Miracle Hyaluronic Tinted Serum 5-6 Natural Medium 30mL",
    "image_url": "https://cdn1.woolworths.media/content/wowproductimages/large/296622.jpg",
    "source_id": "Woolworths - 296622",
    "barcode": "9331880022150",
    "category_id": "1_894D0A8",
    "shop": "Woolworths",
    "weight": "10ML",
    "prices": [
      {
        "state": "NSW",
        "price": "3500",
        "price_per_unit": "1167",
        "price_unit": "ML"
      },
      {
        "state": "SA",
        "price": "3500",
        "price_per_unit": "1167",
        "price_unit": "ML"
      },
      {
        "state": "ACT",
        "price": "3500",
        "price_per_unit": "1167",
        "price_unit": "ML"
      }
    ]
  },
  {
    "source_url": "https://www.woolworths.com.au/shop/productdetails/59919/mcobeauty-pink-quad-loose-blush-powder",
    "name": "MCoBeauty Pink Quad Loose Blush Powder each",
    "image_url": "https://cdn1.woolworths.media/content/wowproductimages/large/059919.jpg",
    "source_id": "Woolworths - 59919",
    "barcode": "9331880036386",
    "category_id": "1_894D0A8",
    "shop": "Woolworths",
    "weight": "1EA",
    "prices": [
      {
        "state": "NSW",
        "price": "1600",
        "price_per_unit": "1600",
        "price_unit": "EA"
      },
      {
        "state": "SA",
        "price": "1600",
        "price_per_unit": "1600",
        "price_unit": "EA"
      },
      {
        "state": "TAS",
        "price": "1600",
        "price_per_unit": "1600",
        "price_unit": "EA"
      },
      {
        "state": "ACT",
        "price": "1600",
        "price_per_unit": "1600",
        "price_unit": "EA"
      },
      {
        "state": "NT",
        "price": "1600",
        "price_per_unit": "1600",
        "price_unit": "EA"
      }
    ]
  },
  {
    "source_url": "https://www.woolworths.com.au/shop/productdetails/198547/mcobeauty-silky-smooth-bronzer-natural-bronzer",
    "name": "MCoBeauty Silky Smooth Bronzer Natural Bronzer 7g",
    "image_url": "https://cdn1.woolworths.media/content/wowproductimages/large/198547.jpg",
    "source_id": "Woolworths - 198547",
    "barcode": "9331880016272",
    "category_id": "1_894D0A8",
    "shop": "Woolworths",
    "weight": "10G",
    "prices": [
      {
        "state": "NSW",
        "price": "2400",
        "price_per_unit": "2400",
        "price_unit": "G"
      },
      {
        "state": "SA",
        "price": "2400",
        "price_per_unit": "2400",
        "price_unit": "G"
      },
      {
        "state": "ACT",
        "price": "2400",
        "price_per_unit": "2400",
        "price_unit": "G"
      }
    ]
  },
  {
    "source_url": "https://www.woolworths.com.au/shop/productdetails/394532/mcobeauty-soft-matte-beauty-wand-cosmopolitan-blush",
    "name": "MCoBeauty Soft Matte Beauty Wand Cosmopolitan Blush 12ml",
    "image_url": "https://cdn1.woolworths.media/content/wowproductimages/large/394532.jpg",
    "source_id": "Woolworths - 394532",
    "barcode": "9331880023386",
    "category_id": "1_894D0A8",
    "shop": "Woolworths",
    "weight": "10ML",
    "prices": [
      {
        "state": "NSW",
        "price": "2900",
        "price_per_unit": "2417",
        "price_unit": "ML"
      },
      {
        "state": "SA",
        "price": "2900",
        "price_per_unit": "2417",
        "price_unit": "ML"
      },
      {
        "state": "ACT",
        "price": "2900",
        "price_per_unit": "2417",
        "price_unit": "ML"
      }
    ]
  },
  {
    "source_url": "https://www.woolworths.com.au/shop/productdetails/393663/mcobeauty-soft-matte-beauty-wand-flushed-blush",
    "name": "MCoBeauty Soft Matte Beauty Wand Flushed Blush 12ml",
    "image_url": "https://cdn1.woolworths.media/content/wowproductimages/large/393663.jpg",
    "source_id": "Woolworths - 393663",
    "barcode": "9331880023409",
    "category_id": "1_894D0A8",
    "shop": "Woolworths",
    "weight": "10ML",
    "prices": [
      {
        "state": "NSW",
        "price": "2900",
        "price_per_unit": "2417",
        "price_unit": "ML"
      },
      {
        "state": "SA",
        "price": "2900",
        "price_per_unit": "2417",
        "price_unit": "ML"
      },
      {
        "state": "ACT",
        "price": "2900",
        "price_per_unit": "2417",
        "price_unit": "ML"
      }
    ]
  },
  {
    "source_url": "https://www.woolworths.com.au/shop/productdetails/392061/mcobeauty-soft-matte-beauty-wand-peach-bellini-blush",
    "name": "MCoBeauty Soft Matte Beauty Wand Peach Bellini Blush 12mL",
    "image_url": "https://cdn1.woolworths.media/content/wowproductimages/large/392061.jpg",
    "source_id": "Woolworths - 392061",
    "barcode": "9331880023416",
    "category_id": "1_894D0A8",
    "shop": "Woolworths",
    "weight": "10ML",
    "prices": [
      {
        "state": "NSW",
        "price": "2900",
        "price_per_unit": "2417",
        "price_unit": "ML"
      },
      {
        "state": "SA",
        "price": "2900",
        "price_per_unit": "2417",
        "price_unit": "ML"
      },
      {
        "state": "ACT",
        "price": "2900",
        "price_per_unit": "2417",
        "price_unit": "ML"
      }
    ]
  },
  {
    "source_url": "https://www.woolworths.com.au/shop/productdetails/59846/mcobeauty-soft-touch-powder-blush-bella-vita-dusty-rose",
    "name": "MCoBeauty Soft Touch Powder Blush Bella Vita Dusty Rose 4.8g",
    "image_url": "https://cdn1.woolworths.media/content/wowproductimages/large/059846.jpg",
    "source_id": "Woolworths - 59846",
    "barcode": "9331880036225",
    "category_id": "1_894D0A8",
    "shop": "Woolworths",
    "weight": "10G",
    "prices": [
      {
        "state": "VIC",
        "price": "2400",
        "price_per_unit": "5000",
        "price_unit": "G"
      },
      {
        "state": "QLD",
        "price": "2400",
        "price_per_unit": "5000",
        "price_unit": "G"
      },
      {
        "state": "WA",
        "price": "2400",
        "price_per_unit": "5000",
        "price_unit": "G"
      },
      {
        "state": "SA",
        "price": "2400",
        "price_per_unit": "5000",
        "price_unit": "G"
      },
      {
        "state": "TAS",
        "price": "2400",
        "price_per_unit": "5000",
        "price_unit": "G"
      },
      {
        "state": "ACT",
        "price": "2400",
        "price_per_unit": "5000",
        "price_unit": "G"
      },
      {
        "state": "NT",
        "price": "2400",
        "price_per_unit": "5000",
        "price_unit": "G"
      }
    ]
  },
  {
    "source_url": "https://www.woolworths.com.au/shop/productdetails/59845/mcobeauty-soft-touch-powder-blush-lava-deep-peach",
    "name": "MCoBeauty Soft Touch Powder Blush Lava Deep Peach 4.8g",
    "image_url": "https://cdn1.woolworths.media/content/wowproductimages/large/059845.jpg",
    "source_id": "Woolworths - 59845",
    "barcode": "9331880036218",
    "category_id": "1_894D0A8",
    "shop": "Woolworths",
    "weight": "10G",
    "prices": [
      {
        "state": "NSW",
        "price": "2400",
        "price_per_unit": "5000",
        "price_unit": "G"
      },
      {
        "state": "VIC",
        "price": "2400",
        "price_per_unit": "5000",
        "price_unit": "G"
      },
      {
        "state": "QLD",
        "price": "2400",
        "price_per_unit": "5000",
        "price_unit": "G"
      },
      {
        "state": "WA",
        "price": "2400",
        "price_per_unit": "5000",
        "price_unit": "G"
      },
      {
        "state": "SA",
        "price": "2400",
        "price_per_unit": "5000",
        "price_unit": "G"
      },
      {
        "state": "TAS",
        "price": "2400",
        "price_per_unit": "5000",
        "price_unit": "G"
      },
      {
        "state": "ACT",
        "price": "2400",
        "price_per_unit": "5000",
        "price_unit": "G"
      },
      {
        "state": "NT",
        "price": "2400",
        "price_per_unit": "5000",
        "price_unit": "G"
      }
    ]
  },
  {
    "source_url": "https://www.woolworths.com.au/shop/productdetails/59844/mcobeauty-soft-touch-powder-blush-passion-peachy-pink",
    "name": "MCoBeauty Soft Touch Powder Blush Passion Peachy Pink 4.8g",
    "image_url": "https://cdn1.woolworths.media/content/wowproductimages/large/059844.jpg",
    "source_id": "Woolworths - 59844",
    "barcode": "9331880036201",
    "category_id": "1_894D0A8",
    "shop": "Woolworths",
    "weight": "10G",
    "prices": [
      {
        "state": "NSW",
        "price": "2400",
        "price_per_unit": "5000",
        "price_unit": "G"
      },
      {
        "state": "VIC",
        "price": "2400",
        "price_per_unit": "5000",
        "price_unit": "G"
      },
      {
        "state": "QLD",
        "price": "2400",
        "price_per_unit": "5000",
        "price_unit": "G"
      },
      {
        "state": "WA",
        "price": "2400",
        "price_per_unit": "5000",
        "price_unit": "G"
      },
      {
        "state": "SA",
        "price": "2400",
        "price_per_unit": "5000",
        "price_unit": "G"
      },
      {
        "state": "ACT",
        "price": "2400",
        "price_per_unit": "5000",
        "price_unit": "G"
      }
    ]
  },
  {
    "source_url": "https://www.woolworths.com.au/shop/productdetails/398581/mcobeauty-souffle-dream-moisturising-cream",
    "name": "MCoBeauty Souffle Dream Moisturising Cream 30ml",
    "image_url": "https://cdn1.woolworths.media/content/wowproductimages/large/398581.jpg",
    "source_id": "Woolworths - 398581",
    "barcode": "9331880023683",
    "category_id": "1_894D0A8",
    "shop": "Woolworths",
    "weight": "10ML",
    "prices": [
      {
        "state": "NSW",
        "price": "3200",
        "price_per_unit": "1067",
        "price_unit": "ML"
      },
      {
        "state": "VIC",
        "price": "3200",
        "price_per_unit": "1067",
        "price_unit": "ML"
      },
      {
        "state": "QLD",
        "price": "3200",
        "price_per_unit": "1067",
        "price_unit": "ML"
      },
      {
        "state": "WA",
        "price": "3200",
        "price_per_unit": "1067",
        "price_unit": "ML"
      },
      {
        "state": "SA",
        "price": "3200",
        "price_per_unit": "1067",
        "price_unit": "ML"
      },
      {
        "state": "TAS",
        "price": "3200",
        "price_per_unit": "1067",
        "price_unit": "ML"
      },
      {
        "state": "ACT",
        "price": "3200",
        "price_per_unit": "1067",
        "price_unit": "ML"
      },
      {
        "state": "NT",
        "price": "3200",
        "price_per_unit": "1067",
        "price_unit": "ML"
      }
    ]
  },
  {
    "source_url": "https://www.woolworths.com.au/shop/productdetails/59922/mcobeauty-summer-glow-self-tanning-face-body-medium",
    "name": "MCoBeauty Summer Glow Self Tanning Face & Body Medium 30mL",
    "image_url": "https://cdn1.woolworths.media/content/wowproductimages/large/059922.jpg",
    "source_id": "Woolworths - 59922",
    "barcode": "9331880036164",
    "category_id": "1_894D0A8",
    "shop": "Woolworths",
    "weight": "1EA",
    "prices": [
      {
        "state": "NSW",
        "price": "2800",
        "price_per_unit": "2800",
        "price_unit": "EA"
      },
      {
        "state": "VIC",
        "price": "2800",
        "price_per_unit": "2800",
        "price_unit": "EA"
      },
      {
        "state": "WA",
        "price": "2800",
        "price_per_unit": "2800",
        "price_unit": "EA"
      },
      {
        "state": "SA",
        "price": "2800",
        "price_per_unit": "2800",
        "price_unit": "EA"
      },
      {
        "state": "ACT",
        "price": "2800",
        "price_per_unit": "2800",
        "price_unit": "EA"
      },
      {
        "state": "NT",
        "price": "2800",
        "price_per_unit": "2800",
        "price_unit": "EA"
      }
    ]
  },
  {
    "source_url": "https://www.woolworths.com.au/shop/productdetails/902843/mcobeauty-summer-stick-cheek-lip-cream-amalfi",
    "name": "MCoBeauty Summer Stick Cheek & Lip Cream Amalfi each",
    "image_url": "https://cdn1.woolworths.media/content/wowproductimages/large/902843.jpg",
    "source_id": "Woolworths - 902843",
    "barcode": "9331880031503",
    "category_id": "1_894D0A8",
    "shop": "Woolworths",
    "weight": "100G",
    "prices": [
      {
        "state": "NSW",
        "price": "2600",
        "price_per_unit": "7429",
        "price_unit": "G"
      },
      {
        "state": "SA",
        "price": "2600",
        "price_per_unit": "7429",
        "price_unit": "G"
      },
      {
        "state": "ACT",
        "price": "2600",
        "price_per_unit": "7429",
        "price_unit": "G"
      }
    ]
  },
  {
    "source_url": "https://www.woolworths.com.au/shop/productdetails/902844/mcobeauty-summer-stick-cheek-lip-cream-mykonos",
    "name": "MCoBeauty Summer Stick Cheek & Lip Cream Mykonos each",
    "image_url": "https://cdn1.woolworths.media/content/wowproductimages/large/902844.jpg",
    "source_id": "Woolworths - 902844",
    "barcode": "9331880031510",
    "category_id": "1_894D0A8",
    "shop": "Woolworths",
    "weight": "10G",
    "prices": [
      {
        "state": "NSW",
        "price": "2600",
        "price_per_unit": "743",
        "price_unit": "G"
      },
      {
        "state": "SA",
        "price": "2600",
        "price_per_unit": "743",
        "price_unit": "G"
      },
      {
        "state": "ACT",
        "price": "2600",
        "price_per_unit": "743",
        "price_unit": "G"
      }
    ]
  },
  {
    "source_url": "https://www.woolworths.com.au/shop/productdetails/902845/mcobeauty-summer-stick-cheek-lip-cream-saint-tropez",
    "name": "MCoBeauty Summer Stick Cheek & Lip Cream Saint Tropez each",
    "image_url": "https://cdn1.woolworths.media/content/wowproductimages/large/902845.jpg",
    "source_id": "Woolworths - 902845",
    "barcode": "9331880031527",
    "category_id": "1_894D0A8",
    "shop": "Woolworths",
    "weight": "10G",
    "prices": [
      {
        "state": "NSW",
        "price": "2600",
        "price_per_unit": "743",
        "price_unit": "G"
      },
      {
        "state": "SA",
        "price": "2600",
        "price_per_unit": "743",
        "price_unit": "G"
      },
      {
        "state": "ACT",
        "price": "2600",
        "price_per_unit": "743",
        "price_unit": "G"
      }
    ]
  },
  {
    "source_url": "https://www.woolworths.com.au/shop/productdetails/902847/mcobeauty-super-4-in-1-liner-pen",
    "name": "MCoBeauty Super 4 In 1 Liner Pen each",
    "image_url": "https://cdn1.woolworths.media/content/wowproductimages/large/902847.jpg",
    "source_id": "Woolworths - 902847",
    "barcode": "9331880031541",
    "category_id": "1_894D0A8",
    "shop": "Woolworths",
    "weight": "1EA",
    "prices": [
      {
        "state": "NSW",
        "price": "1800",
        "price_per_unit": "1800",
        "price_unit": "EA"
      },
      {
        "state": "WA",
        "price": "1800",
        "price_per_unit": "1800",
        "price_unit": "EA"
      },
      {
        "state": "SA",
        "price": "1800",
        "price_per_unit": "1800",
        "price_unit": "EA"
      },
      {
        "state": "TAS",
        "price": "1800",
        "price_per_unit": "1800",
        "price_unit": "EA"
      },
      {
        "state": "ACT",
        "price": "1800",
        "price_per_unit": "1800",
        "price_unit": "EA"
      }
    ]
  },
  {
    "source_url": "https://www.woolworths.com.au/shop/productdetails/503047/mcobeauty-super-glow-all-over-luminising-tint-face-body",
    "name": "MCoBeauty Super Glow All Over Luminising Tint Face & Body 75ml",
    "image_url": "https://cdn1.woolworths.media/content/wowproductimages/large/503047.jpg",
    "source_id": "Woolworths - 503047",
    "barcode": "9331880026561",
    "category_id": "1_894D0A8",
    "shop": "Woolworths",
    "weight": "10ML",
    "prices": [
      {
        "state": "NSW",
        "price": "3500",
        "price_per_unit": "467",
        "price_unit": "ML"
      },
      {
        "state": "VIC",
        "price": "3500",
        "price_per_unit": "467",
        "price_unit": "ML"
      },
      {
        "state": "QLD",
        "price": "3500",
        "price_per_unit": "467",
        "price_unit": "ML"
      },
      {
        "state": "WA",
        "price": "3500",
        "price_per_unit": "467",
        "price_unit": "ML"
      },
      {
        "state": "SA",
        "price": "3500",
        "price_per_unit": "467",
        "price_unit": "ML"
      },
      {
        "state": "TAS",
        "price": "3500",
        "price_per_unit": "467",
        "price_unit": "ML"
      },
      {
        "state": "ACT",
        "price": "3500",
        "price_per_unit": "467",
        "price_unit": "ML"
      },
      {
        "state": "NT",
        "price": "3500",
        "price_per_unit": "467",
        "price_unit": "ML"
      }
    ]
  },
  {
    "source_url": "https://www.woolworths.com.au/shop/productdetails/505795/mcobeauty-super-glow-blush-drops-blush-pink",
    "name": "MCoBeauty Super Glow Blush Drops Blush Pink 30ml",
    "image_url": "https://cdn1.woolworths.media/content/wowproductimages/large/505795.jpg",
    "source_id": "Woolworths - 505795",
    "barcode": "9331880029296",
    "category_id": "1_894D0A8",
    "shop": "Woolworths",
    "weight": "10ML",
    "prices": [
      {
        "state": "NSW",
        "price": "3200",
        "price_per_unit": "1067",
        "price_unit": "ML"
      },
      {
        "state": "WA",
        "price": "3200",
        "price_per_unit": "1067",
        "price_unit": "ML"
      },
      {
        "state": "SA",
        "price": "3200",
        "price_per_unit": "1067",
        "price_unit": "ML"
      },
      {
        "state": "TAS",
        "price": "3200",
        "price_per_unit": "1067",
        "price_unit": "ML"
      },
      {
        "state": "ACT",
        "price": "3200",
        "price_per_unit": "1067",
        "price_unit": "ML"
      },
      {
        "state": "NT",
        "price": "3200",
        "price_per_unit": "1067",
        "price_unit": "ML"
      }
    ]
  },
  {
    "source_url": "https://www.woolworths.com.au/shop/productdetails/395910/mcobeauty-super-glow-blush-drops-peach-pink",
    "name": "MCoBeauty Super Glow Blush Drops Peach Pink 30mL",
    "image_url": "https://cdn1.woolworths.media/content/wowproductimages/large/395910.jpg",
    "source_id": "Woolworths - 395910",
    "barcode": "9331880023447",
    "category_id": "1_894D0A8",
    "shop": "Woolworths",
    "weight": "10ML",
    "prices": [
      {
        "state": "NSW",
        "price": "3200",
        "price_per_unit": "1067",
        "price_unit": "ML"
      },
      {
        "state": "VIC",
        "price": "3200",
        "price_per_unit": "1067",
        "price_unit": "ML"
      },
      {
        "state": "QLD",
        "price": "3200",
        "price_per_unit": "1067",
        "price_unit": "ML"
      },
      {
        "state": "WA",
        "price": "3200",
        "price_per_unit": "1067",
        "price_unit": "ML"
      },
      {
        "state": "SA",
        "price": "3200",
        "price_per_unit": "1067",
        "price_unit": "ML"
      },
      {
        "state": "TAS",
        "price": "3200",
        "price_per_unit": "1067",
        "price_unit": "ML"
      },
      {
        "state": "ACT",
        "price": "3200",
        "price_per_unit": "1067",
        "price_unit": "ML"
      },
      {
        "state": "NT",
        "price": "3200",
        "price_per_unit": "1067",
        "price_unit": "ML"
      }
    ]
  },
  {
    "source_url": "https://www.woolworths.com.au/shop/productdetails/394697/mcobeauty-super-glow-blush-drops-rose-pink",
    "name": "MCoBeauty Super Glow Blush Drops Rose Pink 30ml",
    "image_url": "https://cdn1.woolworths.media/content/wowproductimages/large/394697.jpg",
    "source_id": "Woolworths - 394697",
    "barcode": "9331880023430",
    "category_id": "1_894D0A8",
    "shop": "Woolworths",
    "weight": "10ML",
    "prices": [
      {
        "state": "NSW",
        "price": "3200",
        "price_per_unit": "1067",
        "price_unit": "ML"
      },
      {
        "state": "VIC",
        "price": "3200",
        "price_per_unit": "1067",
        "price_unit": "ML"
      },
      {
        "state": "QLD",
        "price": "3200",
        "price_per_unit": "1067",
        "price_unit": "ML"
      },
      {
        "state": "WA",
        "price": "3200",
        "price_per_unit": "1067",
        "price_unit": "ML"
      },
      {
        "state": "SA",
        "price": "3200",
        "price_per_unit": "1067",
        "price_unit": "ML"
      },
      {
        "state": "TAS",
        "price": "3200",
        "price_per_unit": "1067",
        "price_unit": "ML"
      },
      {
        "state": "ACT",
        "price": "3200",
        "price_per_unit": "1067",
        "price_unit": "ML"
      },
      {
        "state": "NT",
        "price": "3200",
        "price_per_unit": "1067",
        "price_unit": "ML"
      }
    ]
  },
  {
    "source_url": "https://www.woolworths.com.au/shop/productdetails/310983/mcobeauty-super-glow-bronzing-drops",
    "name": "MCoBeauty Super Glow Bronzing Drops 30mL",
    "image_url": "https://cdn1.woolworths.media/content/wowproductimages/large/310983.jpg",
    "source_id": "Woolworths - 310983",
    "barcode": "9331880023423",
    "category_id": "1_894D0A8",
    "shop": "Woolworths",
    "weight": "10ML",
    "prices": [
      {
        "state": "NSW",
        "price": "3200",
        "price_per_unit": "1067",
        "price_unit": "ML"
      },
      {
        "state": "VIC",
        "price": "3200",
        "price_per_unit": "1067",
        "price_unit": "ML"
      },
      {
        "state": "QLD",
        "price": "3200",
        "price_per_unit": "1067",
        "price_unit": "ML"
      },
      {
        "state": "WA",
        "price": "3200",
        "price_per_unit": "1067",
        "price_unit": "ML"
      },
      {
        "state": "SA",
        "price": "3200",
        "price_per_unit": "1067",
        "price_unit": "ML"
      },
      {
        "state": "TAS",
        "price": "3200",
        "price_per_unit": "1067",
        "price_unit": "ML"
      },
      {
        "state": "ACT",
        "price": "3200",
        "price_per_unit": "1067",
        "price_unit": "ML"
      },
      {
        "state": "NT",
        "price": "3200",
        "price_per_unit": "1067",
        "price_unit": "ML"
      }
    ]
  },
  {
    "source_url": "https://www.woolworths.com.au/shop/productdetails/506103/mcobeauty-super-glow-golden-drops-hybrid-illuminator-gold",
    "name": "MCoBeauty Super Glow Golden Drops Hybrid Illuminator Gold 30mL",
    "image_url": "https://cdn1.woolworths.media/content/wowproductimages/large/506103.jpg",
    "source_id": "Woolworths - 506103",
    "barcode": "9331880029289",
    "category_id": "1_894D0A8",
    "shop": "Woolworths",
    "weight": "10ML",
    "prices": [
      {
        "state": "NSW",
        "price": "3200",
        "price_per_unit": "1067",
        "price_unit": "ML"
      },
      {
        "state": "VIC",
        "price": "3200",
        "price_per_unit": "1067",
        "price_unit": "ML"
      },
      {
        "state": "QLD",
        "price": "3200",
        "price_per_unit": "1067",
        "price_unit": "ML"
      },
      {
        "state": "WA",
        "price": "3200",
        "price_per_unit": "1067",
        "price_unit": "ML"
      },
      {
        "state": "SA",
        "price": "3200",
        "price_per_unit": "1067",
        "price_unit": "ML"
      },
      {
        "state": "TAS",
        "price": "3200",
        "price_per_unit": "1067",
        "price_unit": "ML"
      },
      {
        "state": "ACT",
        "price": "3200",
        "price_per_unit": "1067",
        "price_unit": "ML"
      },
      {
        "state": "NT",
        "price": "3200",
        "price_per_unit": "1067",
        "price_unit": "ML"
      }
    ]
  },
  {
    "source_url": "https://www.woolworths.com.au/shop/productdetails/271432/mcobeauty-ultra-lock-makeup-setting-spray",
    "name": "MCoBeauty Ultra Lock Makeup Setting Spray Each",
    "image_url": "https://cdn1.woolworths.media/content/wowproductimages/large/271432.jpg",
    "source_id": "Woolworths - 271432",
    "barcode": "9331880021917",
    "category_id": "1_894D0A8",
    "shop": "Woolworths",
    "weight": "10ML",
    "prices": [
      {
        "state": "NSW",
        "price": "2500",
        "price_per_unit": "250",
        "price_unit": "ML"
      },
      {
        "state": "VIC",
        "price": "2500",
        "price_per_unit": "250",
        "price_unit": "ML"
      },
      {
        "state": "QLD",
        "price": "2500",
        "price_per_unit": "250",
        "price_unit": "ML"
      },
      {
        "state": "WA",
        "price": "2500",
        "price_per_unit": "250",
        "price_unit": "ML"
      },
      {
        "state": "SA",
        "price": "2500",
        "price_per_unit": "250",
        "price_unit": "ML"
      },
      {
        "state": "ACT",
        "price": "2500",
        "price_per_unit": "250",
        "price_unit": "ML"
      },
      {
        "state": "NT",
        "price": "2500",
        "price_per_unit": "250",
        "price_unit": "ML"
      }
    ]
  },
  {
    "source_url": "https://www.woolworths.com.au/shop/productdetails/317546/oscar-orsen-makeup-brush-shampoo",
    "name": "Oscar Orsen Makeup Brush Shampoo 90mL",
    "image_url": "https://cdn1.woolworths.media/content/wowproductimages/large/317546.jpg",
    "source_id": "Woolworths - 317546",
    "barcode": "9339687347032",
    "category_id": "1_894D0A8",
    "shop": "Woolworths",
    "weight": "0",
    "prices": [
      {
        "state": "NSW",
        "price": "500",
        "price_per_unit": null,
        "price_unit": ""
      },
      {
        "state": "VIC",
        "price": "500",
        "price_per_unit": null,
        "price_unit": ""
      },
      {
        "state": "QLD",
        "price": "500",
        "price_per_unit": null,
        "price_unit": ""
      },
      {
        "state": "WA",
        "price": "500",
        "price_per_unit": null,
        "price_unit": ""
      },
      {
        "state": "SA",
        "price": "500",
        "price_per_unit": null,
        "price_unit": ""
      },
      {
        "state": "TAS",
        "price": "500",
        "price_per_unit": null,
        "price_unit": ""
      },
      {
        "state": "ACT",
        "price": "500",
        "price_per_unit": null,
        "price_unit": ""
      }
    ]
  },
  {
    "source_url": "https://www.woolworths.com.au/shop/productdetails/815295/revlon-age-defying-firm-lift-make-up-bare-buff",
    "name": "Revlon Age Defying Firm & Lift Make Up Bare Buff 30ml",
    "image_url": "https://cdn1.woolworths.media/content/wowproductimages/large/815295.jpg",
    "source_id": "Woolworths - 815295",
    "barcode": "9370700310817",
    "category_id": "1_894D0A8",
    "shop": "Woolworths",
    "weight": "10ML",
    "prices": [
      {
        "state": "NSW",
        "price": "3010",
        "price_per_unit": "1003",
        "price_unit": "ML"
      },
      {
        "state": "VIC",
        "price": "3010",
        "price_per_unit": "1003",
        "price_unit": "ML"
      },
      {
        "state": "QLD",
        "price": "3010",
        "price_per_unit": "1003",
        "price_unit": "ML"
      },
      {
        "state": "WA",
        "price": "3010",
        "price_per_unit": "1003",
        "price_unit": "ML"
      },
      {
        "state": "SA",
        "price": "3010",
        "price_per_unit": "1003",
        "price_unit": "ML"
      },
      {
        "state": "TAS",
        "price": "3010",
        "price_per_unit": "1003",
        "price_unit": "ML"
      },
      {
        "state": "ACT",
        "price": "3010",
        "price_per_unit": "1003",
        "price_unit": "ML"
      },
      {
        "state": "NT",
        "price": "3155",
        "price_per_unit": "1052",
        "price_unit": "ML"
      }
    ]
  },
  {
    "source_url": "https://www.woolworths.com.au/shop/productdetails/815313/revlon-age-defying-firm-lift-make-up-medium-beige",
    "name": "Revlon Age Defying Firm & Lift Make Up Medium Beige 30ml",
    "image_url": "https://cdn1.woolworths.media/content/wowproductimages/large/815313.jpg",
    "source_id": "Woolworths - 815313",
    "barcode": "9370700310848",
    "category_id": "1_894D0A8",
    "shop": "Woolworths",
    "weight": "10ML",
    "prices": [
      {
        "state": "NSW",
        "price": "3010",
        "price_per_unit": "1003",
        "price_unit": "ML"
      },
      {
        "state": "VIC",
        "price": "3010",
        "price_per_unit": "1003",
        "price_unit": "ML"
      },
      {
        "state": "QLD",
        "price": "3010",
        "price_per_unit": "1003",
        "price_unit": "ML"
      },
      {
        "state": "WA",
        "price": "3010",
        "price_per_unit": "1003",
        "price_unit": "ML"
      },
      {
        "state": "SA",
        "price": "3010",
        "price_per_unit": "1003",
        "price_unit": "ML"
      },
      {
        "state": "TAS",
        "price": "3010",
        "price_per_unit": "1003",
        "price_unit": "ML"
      },
      {
        "state": "ACT",
        "price": "3010",
        "price_per_unit": "1003",
        "price_unit": "ML"
      },
      {
        "state": "NT",
        "price": "3155",
        "price_per_unit": "1052",
        "price_unit": "ML"
      }
    ]
  },
  {
    "source_url": "https://www.woolworths.com.au/shop/productdetails/815301/revlon-age-defying-firm-lift-make-up-soft-beige",
    "name": "Revlon Age Defying Firm & Lift Make Up Soft Beige 30ml",
    "image_url": "https://cdn1.woolworths.media/content/wowproductimages/large/815301.jpg",
    "source_id": "Woolworths - 815301",
    "barcode": "9370700310824",
    "category_id": "1_894D0A8",
    "shop": "Woolworths",
    "weight": "10ML",
    "prices": [
      {
        "state": "NSW",
        "price": "3010",
        "price_per_unit": "1003",
        "price_unit": "ML"
      },
      {
        "state": "VIC",
        "price": "3010",
        "price_per_unit": "1003",
        "price_unit": "ML"
      },
      {
        "state": "QLD",
        "price": "3010",
        "price_per_unit": "1003",
        "price_unit": "ML"
      },
      {
        "state": "WA",
        "price": "3010",
        "price_per_unit": "1003",
        "price_unit": "ML"
      },
      {
        "state": "SA",
        "price": "3010",
        "price_per_unit": "1003",
        "price_unit": "ML"
      },
      {
        "state": "TAS",
        "price": "3010",
        "price_per_unit": "1003",
        "price_unit": "ML"
      },
      {
        "state": "ACT",
        "price": "3010",
        "price_per_unit": "1003",
        "price_unit": "ML"
      },
      {
        "state": "NT",
        "price": "3155",
        "price_per_unit": "1052",
        "price_unit": "ML"
      }
    ]
  },
  {
    "source_url": "https://www.woolworths.com.au/shop/productdetails/669234/revlon-colorstay-16hr-eyeshadow-addictive",
    "name": "Revlon Colorstay 16hr Eyeshadow Addictive 4.8g",
    "image_url": "https://cdn1.woolworths.media/content/wowproductimages/large/669234.jpg",
    "source_id": "Woolworths - 669234",
    "barcode": "9370700293233",
    "category_id": "1_894D0A8",
    "shop": "Woolworths",
    "weight": "10G",
    "prices": [
      {
        "state": "NSW",
        "price": "1890",
        "price_per_unit": "3938",
        "price_unit": "G"
      },
      {
        "state": "WA",
        "price": "1890",
        "price_per_unit": "3938",
        "price_unit": "G"
      },
      {
        "state": "SA",
        "price": "1890",
        "price_per_unit": "3938",
        "price_unit": "G"
      },
      {
        "state": "ACT",
        "price": "1890",
        "price_per_unit": "3938",
        "price_unit": "G"
      }
    ]
  },
  {
    "source_url": "https://www.woolworths.com.au/shop/productdetails/669223/revlon-colorstay-brow-makeup-pencil-dark-brown",
    "name": "Revlon Colorstay Brow Makeup Pencil Dark Brown 0.35g",
    "image_url": "https://cdn1.woolworths.media/content/wowproductimages/large/669223.jpg",
    "source_id": "Woolworths - 669223",
    "barcode": "309977643044",
    "category_id": "1_894D0A8",
    "shop": "Woolworths",
    "weight": "10G",
    "prices": [
      {
        "state": "NSW",
        "price": "1680",
        "price_per_unit": "48000",
        "price_unit": "G"
      },
      {
        "state": "VIC",
        "price": "1680",
        "price_per_unit": "48000",
        "price_unit": "G"
      },
      {
        "state": "QLD",
        "price": "1680",
        "price_per_unit": "48000",
        "price_unit": "G"
      },
      {
        "state": "WA",
        "price": "1680",
        "price_per_unit": "48000",
        "price_unit": "G"
      },
      {
        "state": "SA",
        "price": "1680",
        "price_per_unit": "48000",
        "price_unit": "G"
      },
      {
        "state": "TAS",
        "price": "1680",
        "price_per_unit": "48000",
        "price_unit": "G"
      },
      {
        "state": "ACT",
        "price": "1680",
        "price_per_unit": "48000",
        "price_unit": "G"
      },
      {
        "state": "NT",
        "price": "1680",
        "price_per_unit": "48000",
        "price_unit": "G"
      }
    ]
  },
  {
    "source_url": "https://www.woolworths.com.au/shop/productdetails/669242/revlon-colorstay-eye-liner-black",
    "name": "Revlon Colorstay Eye Liner Black 0.28g",
    "image_url": "https://cdn1.woolworths.media/content/wowproductimages/large/669242.jpg",
    "source_id": "Woolworths - 669242",
    "barcode": "309973978010",
    "category_id": "1_894D0A8",
    "shop": "Woolworths",
    "weight": "10G",
    "prices": [
      {
        "state": "NSW",
        "price": "1750",
        "price_per_unit": "62500",
        "price_unit": "G"
      },
      {
        "state": "VIC",
        "price": "1750",
        "price_per_unit": "62500",
        "price_unit": "G"
      },
      {
        "state": "QLD",
        "price": "1750",
        "price_per_unit": "62500",
        "price_unit": "G"
      },
      {
        "state": "WA",
        "price": "1750",
        "price_per_unit": "62500",
        "price_unit": "G"
      },
      {
        "state": "SA",
        "price": "1750",
        "price_per_unit": "62500",
        "price_unit": "G"
      },
      {
        "state": "TAS",
        "price": "1750",
        "price_per_unit": "62500",
        "price_unit": "G"
      },
      {
        "state": "ACT",
        "price": "1750",
        "price_per_unit": "62500",
        "price_unit": "G"
      }
    ]
  },
  {
    "source_url": "https://www.woolworths.com.au/shop/productdetails/669254/revlon-colorstay-eye-liner-black-brown",
    "name": "Revlon Colorstay Eye Liner Black Brown 0.28g",
    "image_url": "https://cdn1.woolworths.media/content/wowproductimages/large/669254.jpg",
    "source_id": "Woolworths - 669254",
    "barcode": "309973978027",
    "category_id": "1_894D0A8",
    "shop": "Woolworths",
    "weight": "10G",
    "prices": [
      {
        "state": "NSW",
        "price": "1750",
        "price_per_unit": "62500",
        "price_unit": "G"
      },
      {
        "state": "VIC",
        "price": "1750",
        "price_per_unit": "62500",
        "price_unit": "G"
      },
      {
        "state": "QLD",
        "price": "1750",
        "price_per_unit": "62500",
        "price_unit": "G"
      },
      {
        "state": "WA",
        "price": "1750",
        "price_per_unit": "62500",
        "price_unit": "G"
      },
      {
        "state": "SA",
        "price": "1750",
        "price_per_unit": "62500",
        "price_unit": "G"
      },
      {
        "state": "TAS",
        "price": "1750",
        "price_per_unit": "62500",
        "price_unit": "G"
      },
      {
        "state": "ACT",
        "price": "1750",
        "price_per_unit": "62500",
        "price_unit": "G"
      },
      {
        "state": "NT",
        "price": "1750",
        "price_per_unit": "62500",
        "price_unit": "G"
      }
    ]
  },
  {
    "source_url": "https://www.woolworths.com.au/shop/productdetails/669255/revlon-colorstay-eye-liner-charcoal",
    "name": "Revlon Colorstay Eye Liner Charcoal 0.28g",
    "image_url": "https://cdn1.woolworths.media/content/wowproductimages/large/669255.jpg",
    "source_id": "Woolworths - 669255",
    "barcode": "309973978041",
    "category_id": "1_894D0A8",
    "shop": "Woolworths",
    "weight": "10G",
    "prices": [
      {
        "state": "NSW",
        "price": "1750",
        "price_per_unit": "62500",
        "price_unit": "G"
      },
      {
        "state": "WA",
        "price": "1750",
        "price_per_unit": "62500",
        "price_unit": "G"
      },
      {
        "state": "SA",
        "price": "1750",
        "price_per_unit": "62500",
        "price_unit": "G"
      },
      {
        "state": "ACT",
        "price": "1750",
        "price_per_unit": "62500",
        "price_unit": "G"
      }
    ]
  },
  {
    "source_url": "https://www.woolworths.com.au/shop/productdetails/398338/revlon-colorstay-flex-wear-full-cover-concealer-light",
    "name": "Revlon Colorstay Flex Wear Full Cover Concealer Light 10ml",
    "image_url": "https://cdn1.woolworths.media/content/wowproductimages/large/398338.jpg",
    "source_id": "Woolworths - 398338",
    "barcode": "9370700066776",
    "category_id": "1_894D0A8",
    "shop": "Woolworths",
    "weight": "10ML",
    "prices": [
      {
        "state": "NSW",
        "price": "1890",
        "price_per_unit": "1658",
        "price_unit": "ML"
      },
      {
        "state": "VIC",
        "price": "1890",
        "price_per_unit": "1658",
        "price_unit": "ML"
      },
      {
        "state": "QLD",
        "price": "1890",
        "price_per_unit": "1658",
        "price_unit": "ML"
      },
      {
        "state": "WA",
        "price": "1890",
        "price_per_unit": "1658",
        "price_unit": "ML"
      },
      {
        "state": "SA",
        "price": "1890",
        "price_per_unit": "1658",
        "price_unit": "ML"
      },
      {
        "state": "TAS",
        "price": "1890",
        "price_per_unit": "1658",
        "price_unit": "ML"
      },
      {
        "state": "ACT",
        "price": "1890",
        "price_per_unit": "1658",
        "price_unit": "ML"
      },
      {
        "state": "NT",
        "price": "1890",
        "price_per_unit": "1658",
        "price_unit": "ML"
      }
    ]
  },
  {
    "source_url": "https://www.woolworths.com.au/shop/productdetails/520209/revlon-colorstay-limitless-matte-poster-child",
    "name": "Revlon Colorstay Limitless Matte Poster Child Each",
    "image_url": "https://cdn1.woolworths.media/content/wowproductimages/large/520209.jpg",
    "source_id": "Woolworths - 520209",
    "barcode": "9370700071404",
    "category_id": "1_894D0A8",
    "shop": "Woolworths",
    "weight": "10ML",
    "prices": [
      {
        "state": "NSW",
        "price": "2100",
        "price_per_unit": "4200",
        "price_unit": "ML"
      },
      {
        "state": "VIC",
        "price": "2100",
        "price_per_unit": "4200",
        "price_unit": "ML"
      },
      {
        "state": "QLD",
        "price": "2100",
        "price_per_unit": "4200",
        "price_unit": "ML"
      },
      {
        "state": "WA",
        "price": "2100",
        "price_per_unit": "4200",
        "price_unit": "ML"
      },
      {
        "state": "SA",
        "price": "2100",
        "price_per_unit": "4200",
        "price_unit": "ML"
      },
      {
        "state": "TAS",
        "price": "2100",
        "price_per_unit": "4200",
        "price_unit": "ML"
      },
      {
        "state": "ACT",
        "price": "2100",
        "price_per_unit": "4200",
        "price_unit": "ML"
      },
      {
        "state": "NT",
        "price": "2100",
        "price_per_unit": "4200",
        "price_unit": "ML"
      }
    ]
  },
  {
    "source_url": "https://www.woolworths.com.au/shop/productdetails/245006/revlon-colorstay-lock-setting-mist",
    "name": "Revlon Colorstay Lock Setting Mist 56ml",
    "image_url": "https://cdn1.woolworths.media/content/wowproductimages/large/245006.jpg",
    "source_id": "Woolworths - 245006",
    "barcode": "9370700051789",
    "category_id": "1_894D0A8",
    "shop": "Woolworths",
    "weight": "10ML",
    "prices": [
      {
        "state": "NSW",
        "price": "2030",
        "price_per_unit": "363",
        "price_unit": "ML"
      },
      {
        "state": "WA",
        "price": "2030",
        "price_per_unit": "363",
        "price_unit": "ML"
      },
      {
        "state": "SA",
        "price": "2030",
        "price_per_unit": "363",
        "price_unit": "ML"
      },
      {
        "state": "ACT",
        "price": "2030",
        "price_per_unit": "363",
        "price_unit": "ML"
      }
    ]
  },
  {
    "source_url": "https://www.woolworths.com.au/shop/productdetails/245923/revlon-colorstay-long-wear-makeup-freshbeige",
    "name": "Revlon Colorstay Long Wear Makeup Freshbeige 30ml",
    "image_url": "https://cdn1.woolworths.media/content/wowproductimages/large/245923.jpg",
    "source_id": "Woolworths - 245923",
    "barcode": "9370700048833",
    "category_id": "1_894D0A8",
    "shop": "Woolworths",
    "weight": "10ML",
    "prices": [
      {
        "state": "NSW",
        "price": "2800",
        "price_per_unit": "933",
        "price_unit": "ML"
      },
      {
        "state": "WA",
        "price": "2800",
        "price_per_unit": "933",
        "price_unit": "ML"
      },
      {
        "state": "SA",
        "price": "2800",
        "price_per_unit": "933",
        "price_unit": "ML"
      },
      {
        "state": "ACT",
        "price": "2800",
        "price_per_unit": "933",
        "price_unit": "ML"
      }
    ]
  },
  {
    "source_url": "https://www.woolworths.com.au/shop/productdetails/245357/revlon-colorstay-long-wear-makeup-nude",
    "name": "Revlon Colorstay Long Wear Makeup Nude 30ml",
    "image_url": "https://cdn1.woolworths.media/content/wowproductimages/large/245357.jpg",
    "source_id": "Woolworths - 245357",
    "barcode": "9370700048918",
    "category_id": "1_894D0A8",
    "shop": "Woolworths",
    "weight": "10ML",
    "prices": [
      {
        "state": "NSW",
        "price": "2800",
        "price_per_unit": "933",
        "price_unit": "ML"
      },
      {
        "state": "VIC",
        "price": "2800",
        "price_per_unit": "933",
        "price_unit": "ML"
      },
      {
        "state": "QLD",
        "price": "2800",
        "price_per_unit": "933",
        "price_unit": "ML"
      },
      {
        "state": "WA",
        "price": "2800",
        "price_per_unit": "933",
        "price_unit": "ML"
      },
      {
        "state": "SA",
        "price": "2800",
        "price_per_unit": "933",
        "price_unit": "ML"
      },
      {
        "state": "TAS",
        "price": "2800",
        "price_per_unit": "933",
        "price_unit": "ML"
      },
      {
        "state": "ACT",
        "price": "2800",
        "price_per_unit": "933",
        "price_unit": "ML"
      },
      {
        "state": "NT",
        "price": "2800",
        "price_per_unit": "933",
        "price_unit": "ML"
      }
    ]
  },
  {
    "source_url": "https://www.woolworths.com.au/shop/productdetails/245539/revlon-colorstay-long-wear-makeup-sand-beige",
    "name": "Revlon Colorstay Long Wear Makeup Sand Beige 30ml",
    "image_url": "https://cdn1.woolworths.media/content/wowproductimages/large/245539.jpg",
    "source_id": "Woolworths - 245539",
    "barcode": "9370700048895",
    "category_id": "1_894D0A8",
    "shop": "Woolworths",
    "weight": "10ML",
    "prices": [
      {
        "state": "NSW",
        "price": "2800",
        "price_per_unit": "933",
        "price_unit": "ML"
      },
      {
        "state": "VIC",
        "price": "2800",
        "price_per_unit": "933",
        "price_unit": "ML"
      },
      {
        "state": "QLD",
        "price": "2800",
        "price_per_unit": "933",
        "price_unit": "ML"
      },
      {
        "state": "WA",
        "price": "2800",
        "price_per_unit": "933",
        "price_unit": "ML"
      },
      {
        "state": "SA",
        "price": "2800",
        "price_per_unit": "933",
        "price_unit": "ML"
      },
      {
        "state": "TAS",
        "price": "2800",
        "price_per_unit": "933",
        "price_unit": "ML"
      },
      {
        "state": "ACT",
        "price": "2800",
        "price_per_unit": "933",
        "price_unit": "ML"
      },
      {
        "state": "NT",
        "price": "2800",
        "price_per_unit": "933",
        "price_unit": "ML"
      }
    ]
  },
  {
    "source_url": "https://www.woolworths.com.au/shop/productdetails/244488/revlon-colorstay-long-wear-makeup-truebeige",
    "name": "Revlon Colorstay Long Wear Makeup Truebeige 30ml",
    "image_url": "https://cdn1.woolworths.media/content/wowproductimages/large/244488.jpg",
    "source_id": "Woolworths - 244488",
    "barcode": "9370700048925",
    "category_id": "1_894D0A8",
    "shop": "Woolworths",
    "weight": "10ML",
    "prices": [
      {
        "state": "NSW",
        "price": "2800",
        "price_per_unit": "933",
        "price_unit": "ML"
      },
      {
        "state": "WA",
        "price": "2800",
        "price_per_unit": "933",
        "price_unit": "ML"
      },
      {
        "state": "SA",
        "price": "2800",
        "price_per_unit": "933",
        "price_unit": "ML"
      },
      {
        "state": "ACT",
        "price": "2800",
        "price_per_unit": "933",
        "price_unit": "ML"
      }
    ]
  },
  {
    "source_url": "https://www.woolworths.com.au/shop/productdetails/246032/revlon-colorstay-longwear-makeup-combination-oily-buff",
    "name": "Revlon Colorstay Longwear Makeup Combination/Oily - Buff 30ml",
    "image_url": "https://cdn1.woolworths.media/content/wowproductimages/large/246032.jpg",
    "source_id": "Woolworths - 246032",
    "barcode": "9370700048871",
    "category_id": "1_894D0A8",
    "shop": "Woolworths",
    "weight": "10ML",
    "prices": [
      {
        "state": "NSW",
        "price": "2800",
        "price_per_unit": "933",
        "price_unit": "ML"
      },
      {
        "state": "VIC",
        "price": "2800",
        "price_per_unit": "933",
        "price_unit": "ML"
      },
      {
        "state": "QLD",
        "price": "2800",
        "price_per_unit": "933",
        "price_unit": "ML"
      },
      {
        "state": "WA",
        "price": "2800",
        "price_per_unit": "933",
        "price_unit": "ML"
      },
      {
        "state": "SA",
        "price": "2800",
        "price_per_unit": "933",
        "price_unit": "ML"
      },
      {
        "state": "TAS",
        "price": "2800",
        "price_per_unit": "933",
        "price_unit": "ML"
      },
      {
        "state": "ACT",
        "price": "2800",
        "price_per_unit": "933",
        "price_unit": "ML"
      },
      {
        "state": "NT",
        "price": "2800",
        "price_per_unit": "933",
        "price_unit": "ML"
      }
    ]
  },
  {
    "source_url": "https://www.woolworths.com.au/shop/productdetails/244908/revlon-colorstay-longwear-makeup-combination-oily-medium-beige",
    "name": "Revlon Colorstay Longwear Makeup Combination/Oily- Medium Beige 30ml",
    "image_url": "https://cdn1.woolworths.media/content/wowproductimages/large/244908.jpg",
    "source_id": "Woolworths - 244908",
    "barcode": "9370700048888",
    "category_id": "1_894D0A8",
    "shop": "Woolworths",
    "weight": "10ML",
    "prices": [
      {
        "state": "NSW",
        "price": "2800",
        "price_per_unit": "933",
        "price_unit": "ML"
      },
      {
        "state": "WA",
        "price": "2800",
        "price_per_unit": "933",
        "price_unit": "ML"
      },
      {
        "state": "SA",
        "price": "2800",
        "price_per_unit": "933",
        "price_unit": "ML"
      },
      {
        "state": "ACT",
        "price": "2800",
        "price_per_unit": "933",
        "price_unit": "ML"
      }
    ]
  },
  {
    "source_url": "https://www.woolworths.com.au/shop/productdetails/245583/revlon-colorstay-longwear-makeup-combination-oily-natural-beige",
    "name": "Revlon Colorstay Longwear Makeup Combination/Oily-Natural Beige 30ml",
    "image_url": "https://cdn1.woolworths.media/content/wowproductimages/large/245583.jpg",
    "source_id": "Woolworths - 245583",
    "barcode": "9370700048864",
    "category_id": "1_894D0A8",
    "shop": "Woolworths",
    "weight": "10ML",
    "prices": [
      {
        "state": "NSW",
        "price": "2800",
        "price_per_unit": "933",
        "price_unit": "ML"
      },
      {
        "state": "WA",
        "price": "2800",
        "price_per_unit": "933",
        "price_unit": "ML"
      },
      {
        "state": "SA",
        "price": "2800",
        "price_per_unit": "933",
        "price_unit": "ML"
      },
      {
        "state": "ACT",
        "price": "2800",
        "price_per_unit": "933",
        "price_unit": "ML"
      }
    ]
  },
  {
    "source_url": "https://www.woolworths.com.au/shop/productdetails/244907/revlon-colorstay-longwear-makeup-normal-dry-fresh-beige",
    "name": "Revlon Colorstay Longwear Makeup Normal/Dry - Fresh Beige 30ml",
    "image_url": "https://cdn1.woolworths.media/content/wowproductimages/large/244907.jpg",
    "source_id": "Woolworths - 244907",
    "barcode": "9370700048970",
    "category_id": "1_894D0A8",
    "shop": "Woolworths",
    "weight": "10ML",
    "prices": [
      {
        "state": "NSW",
        "price": "2800",
        "price_per_unit": "933",
        "price_unit": "ML"
      },
      {
        "state": "WA",
        "price": "2800",
        "price_per_unit": "933",
        "price_unit": "ML"
      },
      {
        "state": "SA",
        "price": "2800",
        "price_per_unit": "933",
        "price_unit": "ML"
      },
      {
        "state": "ACT",
        "price": "2800",
        "price_per_unit": "933",
        "price_unit": "ML"
      }
    ]
  },
  {
    "source_url": "https://www.woolworths.com.au/shop/productdetails/244880/revlon-colorstay-longwear-makeup-normal-dry-natural-beige",
    "name": "Revlon Colorstay Longwear Makeup Normal/Dry - Natural Beige 30ml",
    "image_url": "https://cdn1.woolworths.media/content/wowproductimages/large/244880.jpg",
    "source_id": "Woolworths - 244880",
    "barcode": "9370700048932",
    "category_id": "1_894D0A8",
    "shop": "Woolworths",
    "weight": "10ML",
    "prices": [
      {
        "state": "NSW",
        "price": "2800",
        "price_per_unit": "933",
        "price_unit": "ML"
      },
      {
        "state": "VIC",
        "price": "2800",
        "price_per_unit": "933",
        "price_unit": "ML"
      },
      {
        "state": "QLD",
        "price": "2800",
        "price_per_unit": "933",
        "price_unit": "ML"
      },
      {
        "state": "WA",
        "price": "2800",
        "price_per_unit": "933",
        "price_unit": "ML"
      },
      {
        "state": "SA",
        "price": "2800",
        "price_per_unit": "933",
        "price_unit": "ML"
      },
      {
        "state": "TAS",
        "price": "2800",
        "price_per_unit": "933",
        "price_unit": "ML"
      },
      {
        "state": "ACT",
        "price": "2800",
        "price_per_unit": "933",
        "price_unit": "ML"
      },
      {
        "state": "NT",
        "price": "2800",
        "price_per_unit": "933",
        "price_unit": "ML"
      }
    ]
  },
  {
    "source_url": "https://www.woolworths.com.au/shop/productdetails/669221/revlon-colorstay-pressed-powder-light-medium",
    "name": "Revlon Colorstay Pressed Powder Light Medium 8.4g",
    "image_url": "https://cdn1.woolworths.media/content/wowproductimages/large/669221.jpg",
    "source_id": "Woolworths - 669221",
    "barcode": "309975424034",
    "category_id": "1_894D0A8",
    "shop": "Woolworths",
    "weight": "10G",
    "prices": [
      {
        "state": "NSW",
        "price": "2730",
        "price_per_unit": "3250",
        "price_unit": "G"
      },
      {
        "state": "VIC",
        "price": "2730",
        "price_per_unit": "3250",
        "price_unit": "G"
      },
      {
        "state": "QLD",
        "price": "2730",
        "price_per_unit": "3250",
        "price_unit": "G"
      },
      {
        "state": "WA",
        "price": "2730",
        "price_per_unit": "3250",
        "price_unit": "G"
      },
      {
        "state": "SA",
        "price": "2730",
        "price_per_unit": "3250",
        "price_unit": "G"
      },
      {
        "state": "TAS",
        "price": "2730",
        "price_per_unit": "3250",
        "price_unit": "G"
      },
      {
        "state": "ACT",
        "price": "2730",
        "price_per_unit": "3250",
        "price_unit": "G"
      },
      {
        "state": "NT",
        "price": "2730",
        "price_per_unit": "3250",
        "price_unit": "G"
      }
    ]
  },
  {
    "source_url": "https://www.woolworths.com.au/shop/productdetails/669232/revlon-colorstay-pressed-powder-medium",
    "name": "Revlon Colorstay Pressed Powder Medium 8.4g",
    "image_url": "https://cdn1.woolworths.media/content/wowproductimages/large/669232.jpg",
    "source_id": "Woolworths - 669232",
    "barcode": "309975424041",
    "category_id": "1_894D0A8",
    "shop": "Woolworths",
    "weight": "10G",
    "prices": [
      {
        "state": "NSW",
        "price": "2730",
        "price_per_unit": "3250",
        "price_unit": "G"
      },
      {
        "state": "VIC",
        "price": "2730",
        "price_per_unit": "3250",
        "price_unit": "G"
      },
      {
        "state": "QLD",
        "price": "2730",
        "price_per_unit": "3250",
        "price_unit": "G"
      },
      {
        "state": "WA",
        "price": "2730",
        "price_per_unit": "3250",
        "price_unit": "G"
      },
      {
        "state": "SA",
        "price": "2730",
        "price_per_unit": "3250",
        "price_unit": "G"
      },
      {
        "state": "ACT",
        "price": "2730",
        "price_per_unit": "3250",
        "price_unit": "G"
      },
      {
        "state": "NT",
        "price": "2730",
        "price_per_unit": "3250",
        "price_unit": "G"
      }
    ]
  },
  {
    "source_url": "https://www.woolworths.com.au/shop/productdetails/503720/revlon-colourstay-limitless-matte-liquid-lipstick-manifest",
    "name": "Revlon Colourstay Limitless Matte Liquid Lipstick Manifest each",
    "image_url": "https://cdn1.woolworths.media/content/wowproductimages/large/503720.jpg",
    "source_id": "Woolworths - 503720",
    "barcode": "9370700070551",
    "category_id": "1_894D0A8",
    "shop": "Woolworths",
    "weight": "10ML",
    "prices": [
      {
        "state": "NSW",
        "price": "2100",
        "price_per_unit": "4200",
        "price_unit": "ML"
      },
      {
        "state": "VIC",
        "price": "2100",
        "price_per_unit": "4200",
        "price_unit": "ML"
      },
      {
        "state": "QLD",
        "price": "2100",
        "price_per_unit": "4200",
        "price_unit": "ML"
      },
      {
        "state": "WA",
        "price": "2100",
        "price_per_unit": "4200",
        "price_unit": "ML"
      },
      {
        "state": "SA",
        "price": "2100",
        "price_per_unit": "4200",
        "price_unit": "ML"
      },
      {
        "state": "TAS",
        "price": "2100",
        "price_per_unit": "4200",
        "price_unit": "ML"
      },
      {
        "state": "ACT",
        "price": "2100",
        "price_per_unit": "4200",
        "price_unit": "ML"
      },
      {
        "state": "NT",
        "price": "2100",
        "price_per_unit": "4200",
        "price_unit": "ML"
      }
    ]
  },
  {
    "source_url": "https://www.woolworths.com.au/shop/productdetails/502369/revlon-colourstay-limitless-matte-liquid-lipstick-upper-hand",
    "name": "Revlon Colourstay Limitless Matte Liquid Lipstick Upper Hand each",
    "image_url": "https://cdn1.woolworths.media/content/wowproductimages/large/502369.jpg",
    "source_id": "Woolworths - 502369",
    "barcode": "9370700070544",
    "category_id": "1_894D0A8",
    "shop": "Woolworths",
    "weight": "10ML",
    "prices": [
      {
        "state": "NSW",
        "price": "2100",
        "price_per_unit": "4200",
        "price_unit": "ML"
      },
      {
        "state": "VIC",
        "price": "2100",
        "price_per_unit": "4200",
        "price_unit": "ML"
      },
      {
        "state": "QLD",
        "price": "2100",
        "price_per_unit": "4200",
        "price_unit": "ML"
      },
      {
        "state": "WA",
        "price": "2100",
        "price_per_unit": "4200",
        "price_unit": "ML"
      },
      {
        "state": "SA",
        "price": "2100",
        "price_per_unit": "4200",
        "price_unit": "ML"
      },
      {
        "state": "TAS",
        "price": "2100",
        "price_per_unit": "4200",
        "price_unit": "ML"
      },
      {
        "state": "ACT",
        "price": "2100",
        "price_per_unit": "4200",
        "price_unit": "ML"
      },
      {
        "state": "NT",
        "price": "2100",
        "price_per_unit": "4200",
        "price_unit": "ML"
      }
    ]
  },
  {
    "source_url": "https://www.woolworths.com.au/shop/productdetails/503408/revlon-illuminance-gel-serum-blush-enchanting-mauve",
    "name": "Revlon Illuminance Gel Serum Blush Enchanting Mauve each",
    "image_url": "https://cdn1.woolworths.media/content/wowproductimages/large/503408.jpg",
    "source_id": "Woolworths - 503408",
    "barcode": "9370700071428",
    "category_id": "1_894D0A8",
    "shop": "Woolworths",
    "weight": "10ML",
    "prices": [
      {
        "state": "NSW",
        "price": "1960",
        "price_per_unit": "1782",
        "price_unit": "ML"
      },
      {
        "state": "VIC",
        "price": "1960",
        "price_per_unit": "1782",
        "price_unit": "ML"
      },
      {
        "state": "QLD",
        "price": "1960",
        "price_per_unit": "1782",
        "price_unit": "ML"
      },
      {
        "state": "WA",
        "price": "1960",
        "price_per_unit": "1782",
        "price_unit": "ML"
      },
      {
        "state": "SA",
        "price": "1960",
        "price_per_unit": "1782",
        "price_unit": "ML"
      },
      {
        "state": "TAS",
        "price": "1960",
        "price_per_unit": "1782",
        "price_unit": "ML"
      },
      {
        "state": "ACT",
        "price": "1960",
        "price_per_unit": "1782",
        "price_unit": "ML"
      },
      {
        "state": "NT",
        "price": "1960",
        "price_per_unit": "1782",
        "price_unit": "ML"
      }
    ]
  },
  {
    "source_url": "https://www.woolworths.com.au/shop/productdetails/506573/revlon-illuminance-gel-serum-blush-striking-rose",
    "name": "Revlon Illuminance Gel Serum Blush Striking Rose each",
    "image_url": "https://cdn1.woolworths.media/content/wowproductimages/large/506573.jpg",
    "source_id": "Woolworths - 506573",
    "barcode": "9370700071442",
    "category_id": "1_894D0A8",
    "shop": "Woolworths",
    "weight": "10ML",
    "prices": [
      {
        "state": "NSW",
        "price": "1960",
        "price_per_unit": "1782",
        "price_unit": "ML"
      },
      {
        "state": "VIC",
        "price": "1960",
        "price_per_unit": "1782",
        "price_unit": "ML"
      },
      {
        "state": "QLD",
        "price": "1960",
        "price_per_unit": "1782",
        "price_unit": "ML"
      },
      {
        "state": "WA",
        "price": "1960",
        "price_per_unit": "1782",
        "price_unit": "ML"
      },
      {
        "state": "SA",
        "price": "1960",
        "price_per_unit": "1782",
        "price_unit": "ML"
      },
      {
        "state": "TAS",
        "price": "1960",
        "price_per_unit": "1782",
        "price_unit": "ML"
      },
      {
        "state": "ACT",
        "price": "1960",
        "price_per_unit": "1782",
        "price_unit": "ML"
      },
      {
        "state": "NT",
        "price": "1960",
        "price_per_unit": "1782",
        "price_unit": "ML"
      }
    ]
  },
  {
    "source_url": "https://www.woolworths.com.au/shop/productdetails/297004/revlon-illuminance-serum-foundation-beige",
    "name": "Revlon Illuminance Serum Foundation Beige 30ml",
    "image_url": "https://cdn1.woolworths.media/content/wowproductimages/large/297004.jpg",
    "source_id": "Woolworths - 297004",
    "barcode": "9370700062730",
    "category_id": "1_894D0A8",
    "shop": "Woolworths",
    "weight": "10ML",
    "prices": [
      {
        "state": "NSW",
        "price": "3010",
        "price_per_unit": "1003",
        "price_unit": "ML"
      },
      {
        "state": "WA",
        "price": "3010",
        "price_per_unit": "1003",
        "price_unit": "ML"
      },
      {
        "state": "SA",
        "price": "3010",
        "price_per_unit": "1003",
        "price_unit": "ML"
      },
      {
        "state": "ACT",
        "price": "3010",
        "price_per_unit": "1003",
        "price_unit": "ML"
      }
    ]
  },
  {
    "source_url": "https://www.woolworths.com.au/shop/productdetails/301143/revlon-illuminance-serum-foundation-natural-ochre",
    "name": "Revlon Illuminance Serum Foundation Natural Ochre 30ml",
    "image_url": "https://cdn1.woolworths.media/content/wowproductimages/large/301143.jpg",
    "source_id": "Woolworths - 301143",
    "barcode": "9370700062716",
    "category_id": "1_894D0A8",
    "shop": "Woolworths",
    "weight": "10ML",
    "prices": [
      {
        "state": "NSW",
        "price": "3010",
        "price_per_unit": "1003",
        "price_unit": "ML"
      },
      {
        "state": "WA",
        "price": "3010",
        "price_per_unit": "1003",
        "price_unit": "ML"
      },
      {
        "state": "SA",
        "price": "3010",
        "price_per_unit": "1003",
        "price_unit": "ML"
      },
      {
        "state": "ACT",
        "price": "3010",
        "price_per_unit": "1003",
        "price_unit": "ML"
      }
    ]
  },
  {
    "source_url": "https://www.woolworths.com.au/shop/productdetails/972844/revlon-illuminance-serum-tint-broad-spectrum-spf-15-natural",
    "name": "Revlon Illuminance Serum Tint Broad Spectrum SPF 15 Natural 28mL",
    "image_url": "https://cdn1.woolworths.media/content/wowproductimages/large/972844.jpg",
    "source_id": "Woolworths - 972844",
    "barcode": "9370700080857",
    "category_id": "1_894D0A8",
    "shop": "Woolworths",
    "weight": "10ML",
    "prices": [
      {
        "state": "NSW",
        "price": "2730",
        "price_per_unit": "975",
        "price_unit": "ML"
      },
      {
        "state": "VIC",
        "price": "2730",
        "price_per_unit": "975",
        "price_unit": "ML"
      },
      {
        "state": "QLD",
        "price": "2730",
        "price_per_unit": "975",
        "price_unit": "ML"
      },
      {
        "state": "WA",
        "price": "2730",
        "price_per_unit": "975",
        "price_unit": "ML"
      },
      {
        "state": "SA",
        "price": "2730",
        "price_per_unit": "975",
        "price_unit": "ML"
      },
      {
        "state": "TAS",
        "price": "2730",
        "price_per_unit": "975",
        "price_unit": "ML"
      },
      {
        "state": "ACT",
        "price": "2730",
        "price_per_unit": "975",
        "price_unit": "ML"
      },
      {
        "state": "NT",
        "price": "2730",
        "price_per_unit": "975",
        "price_unit": "ML"
      }
    ]
  },
  {
    "source_url": "https://www.woolworths.com.au/shop/productdetails/507613/revlon-illuminance-serum-tint-broad-spectrum-spf15-cool-beige",
    "name": "Revlon Illuminance Serum Tint Broad Spectrum SPF15 Cool Beige 28ml",
    "image_url": "https://cdn1.woolworths.media/content/wowproductimages/large/507613.jpg",
    "source_id": "Woolworths - 507613",
    "barcode": "9370700071435",
    "category_id": "1_894D0A8",
    "shop": "Woolworths",
    "weight": "10ML",
    "prices": [
      {
        "state": "NSW",
        "price": "2730",
        "price_per_unit": "975",
        "price_unit": "ML"
      },
      {
        "state": "VIC",
        "price": "2730",
        "price_per_unit": "975",
        "price_unit": "ML"
      },
      {
        "state": "QLD",
        "price": "2730",
        "price_per_unit": "975",
        "price_unit": "ML"
      },
      {
        "state": "WA",
        "price": "2730",
        "price_per_unit": "975",
        "price_unit": "ML"
      },
      {
        "state": "SA",
        "price": "2730",
        "price_per_unit": "975",
        "price_unit": "ML"
      },
      {
        "state": "TAS",
        "price": "2730",
        "price_per_unit": "975",
        "price_unit": "ML"
      },
      {
        "state": "ACT",
        "price": "2730",
        "price_per_unit": "975",
        "price_unit": "ML"
      },
      {
        "state": "NT",
        "price": "2730",
        "price_per_unit": "975",
        "price_unit": "ML"
      }
    ]
  },
  {
    "source_url": "https://www.woolworths.com.au/shop/productdetails/512441/revlon-illuminance-serum-tint-light-natural",
    "name": "Revlon Illuminance Serum Tint Light Natural each",
    "image_url": "https://cdn1.woolworths.media/content/wowproductimages/large/512441.jpg",
    "source_id": "Woolworths - 512441",
    "barcode": "9370700071411",
    "category_id": "1_894D0A8",
    "shop": "Woolworths",
    "weight": "10ML",
    "prices": [
      {
        "state": "NSW",
        "price": "2730",
        "price_per_unit": "975",
        "price_unit": "ML"
      },
      {
        "state": "VIC",
        "price": "2730",
        "price_per_unit": "975",
        "price_unit": "ML"
      },
      {
        "state": "QLD",
        "price": "2730",
        "price_per_unit": "975",
        "price_unit": "ML"
      },
      {
        "state": "WA",
        "price": "2730",
        "price_per_unit": "975",
        "price_unit": "ML"
      },
      {
        "state": "SA",
        "price": "2730",
        "price_per_unit": "975",
        "price_unit": "ML"
      },
      {
        "state": "TAS",
        "price": "2730",
        "price_per_unit": "975",
        "price_unit": "ML"
      },
      {
        "state": "ACT",
        "price": "2730",
        "price_per_unit": "975",
        "price_unit": "ML"
      },
      {
        "state": "NT",
        "price": "2730",
        "price_per_unit": "975",
        "price_unit": "ML"
      }
    ]
  },
  {
    "source_url": "https://www.woolworths.com.au/shop/productdetails/548420/revlon-kiss-lip-balm-fresh-strawberry",
    "name": "Revlon Kiss Lip Balm Fresh Strawberry 2.6g",
    "image_url": "https://cdn1.woolworths.media/content/wowproductimages/large/548420.jpg",
    "source_id": "Woolworths - 548420",
    "barcode": "309971879203",
    "category_id": "1_894D0A8",
    "shop": "Woolworths",
    "weight": "10G",
    "prices": [
      {
        "state": "NSW",
        "price": "630",
        "price_per_unit": "2423",
        "price_unit": "G"
      },
      {
        "state": "WA",
        "price": "630",
        "price_per_unit": "2423",
        "price_unit": "G"
      },
      {
        "state": "SA",
        "price": "630",
        "price_per_unit": "2423",
        "price_unit": "G"
      },
      {
        "state": "ACT",
        "price": "630",
        "price_per_unit": "2423",
        "price_unit": "G"
      }
    ]
  },
  {
    "source_url": "https://www.woolworths.com.au/shop/productdetails/669275/revlon-photoready-powder-light-medium",
    "name": "Revlon Photoready Powder Light Medium 7.1g",
    "image_url": "https://cdn1.woolworths.media/content/wowproductimages/large/669275.jpg",
    "source_id": "Woolworths - 669275",
    "barcode": "9370700293189",
    "category_id": "1_894D0A8",
    "shop": "Woolworths",
    "weight": "10G",
    "prices": [
      {
        "state": "NSW",
        "price": "2730",
        "price_per_unit": "3845",
        "price_unit": "G"
      },
      {
        "state": "SA",
        "price": "2730",
        "price_per_unit": "3845",
        "price_unit": "G"
      },
      {
        "state": "ACT",
        "price": "2730",
        "price_per_unit": "3845",
        "price_unit": "G"
      }
    ]
  },
  {
    "source_url": "https://www.woolworths.com.au/shop/productdetails/199467/revlon-photoready-primer-plus-perfecting-smoothing",
    "name": "Revlon Photoready Primer Plus Perfecting & Smoothing 30ml",
    "image_url": "https://cdn1.woolworths.media/content/wowproductimages/large/199467.jpg",
    "source_id": "Woolworths - 199467",
    "barcode": "9370700030104",
    "category_id": "1_894D0A8",
    "shop": "Woolworths",
    "weight": "10ML",
    "prices": [
      {
        "state": "NSW",
        "price": "2310",
        "price_per_unit": "770",
        "price_unit": "ML"
      },
      {
        "state": "VIC",
        "price": "2310",
        "price_per_unit": "770",
        "price_unit": "ML"
      },
      {
        "state": "QLD",
        "price": "2310",
        "price_per_unit": "770",
        "price_unit": "ML"
      },
      {
        "state": "WA",
        "price": "2310",
        "price_per_unit": "770",
        "price_unit": "ML"
      },
      {
        "state": "SA",
        "price": "2310",
        "price_per_unit": "770",
        "price_unit": "ML"
      },
      {
        "state": "TAS",
        "price": "2310",
        "price_per_unit": "770",
        "price_unit": "ML"
      },
      {
        "state": "ACT",
        "price": "2310",
        "price_per_unit": "770",
        "price_unit": "ML"
      },
      {
        "state": "NT",
        "price": "2310",
        "price_per_unit": "770",
        "price_unit": "ML"
      }
    ]
  },
  {
    "source_url": "https://www.woolworths.com.au/shop/productdetails/668734/revlon-powder-blush-oh-baby-pink",
    "name": "Revlon Powder Blush Oh Baby Pink 5.0g",
    "image_url": "https://cdn1.woolworths.media/content/wowproductimages/large/668734.jpg",
    "source_id": "Woolworths - 668734",
    "barcode": "9370700293110",
    "category_id": "1_894D0A8",
    "shop": "Woolworths",
    "weight": "10G",
    "prices": [
      {
        "state": "NSW",
        "price": "1960",
        "price_per_unit": "3920",
        "price_unit": "G"
      },
      {
        "state": "VIC",
        "price": "1960",
        "price_per_unit": "3920",
        "price_unit": "G"
      },
      {
        "state": "QLD",
        "price": "1960",
        "price_per_unit": "3920",
        "price_unit": "G"
      },
      {
        "state": "WA",
        "price": "1960",
        "price_per_unit": "3920",
        "price_unit": "G"
      },
      {
        "state": "SA",
        "price": "1960",
        "price_per_unit": "3920",
        "price_unit": "G"
      },
      {
        "state": "TAS",
        "price": "1960",
        "price_per_unit": "3920",
        "price_unit": "G"
      },
      {
        "state": "ACT",
        "price": "1960",
        "price_per_unit": "3920",
        "price_unit": "G"
      },
      {
        "state": "NT",
        "price": "2155",
        "price_per_unit": "4310",
        "price_unit": "G"
      }
    ]
  },
  {
    "source_url": "https://www.woolworths.com.au/shop/productdetails/75789/revlon-prime-plus-mattifying-pore-reducing",
    "name": "Revlon Prime Plus Mattifying+Pore Reducing 30ml",
    "image_url": "https://cdn1.woolworths.media/content/wowproductimages/large/075789.jpg",
    "source_id": "Woolworths - 75789",
    "barcode": "9370700012391",
    "category_id": "1_894D0A8",
    "shop": "Woolworths",
    "weight": "10ML",
    "prices": [
      {
        "state": "NSW",
        "price": "2310",
        "price_per_unit": "770",
        "price_unit": "ML"
      },
      {
        "state": "WA",
        "price": "2310",
        "price_per_unit": "770",
        "price_unit": "ML"
      },
      {
        "state": "SA",
        "price": "2310",
        "price_per_unit": "770",
        "price_unit": "ML"
      },
      {
        "state": "ACT",
        "price": "2310",
        "price_per_unit": "770",
        "price_unit": "ML"
      }
    ]
  },
  {
    "source_url": "https://www.woolworths.com.au/shop/productdetails/740162/rimmel-london-bb-cream-001-light",
    "name": "Rimmel London Bb Cream 001 Light 30mL",
    "image_url": "https://cdn1.woolworths.media/content/wowproductimages/large/740162.jpg",
    "source_id": "Woolworths - 740162",
    "barcode": "3607347460596",
    "category_id": "1_894D0A8",
    "shop": "Woolworths",
    "weight": "10ML",
    "prices": [
      {
        "state": "NSW",
        "price": "1700",
        "price_per_unit": "567",
        "price_unit": "ML"
      },
      {
        "state": "VIC",
        "price": "1700",
        "price_per_unit": "567",
        "price_unit": "ML"
      },
      {
        "state": "QLD",
        "price": "1700",
        "price_per_unit": "567",
        "price_unit": "ML"
      },
      {
        "state": "WA",
        "price": "1700",
        "price_per_unit": "567",
        "price_unit": "ML"
      },
      {
        "state": "SA",
        "price": "1700",
        "price_per_unit": "567",
        "price_unit": "ML"
      },
      {
        "state": "TAS",
        "price": "1700",
        "price_per_unit": "567",
        "price_unit": "ML"
      },
      {
        "state": "ACT",
        "price": "1700",
        "price_per_unit": "567",
        "price_unit": "ML"
      },
      {
        "state": "NT",
        "price": "1700",
        "price_per_unit": "567",
        "price_unit": "ML"
      }
    ]
  },
  {
    "source_url": "https://www.woolworths.com.au/shop/productdetails/740163/rimmel-london-bb-cream-002-medium",
    "name": "Rimmel London Bb Cream 002 Medium 30mL",
    "image_url": "https://cdn1.woolworths.media/content/wowproductimages/large/740163.jpg",
    "source_id": "Woolworths - 740163",
    "barcode": "3607347460640",
    "category_id": "1_894D0A8",
    "shop": "Woolworths",
    "weight": "10ML",
    "prices": [
      {
        "state": "NSW",
        "price": "1700",
        "price_per_unit": "567",
        "price_unit": "ML"
      },
      {
        "state": "VIC",
        "price": "1700",
        "price_per_unit": "567",
        "price_unit": "ML"
      },
      {
        "state": "QLD",
        "price": "1700",
        "price_per_unit": "567",
        "price_unit": "ML"
      },
      {
        "state": "WA",
        "price": "1700",
        "price_per_unit": "567",
        "price_unit": "ML"
      },
      {
        "state": "SA",
        "price": "1700",
        "price_per_unit": "567",
        "price_unit": "ML"
      },
      {
        "state": "TAS",
        "price": "1700",
        "price_per_unit": "567",
        "price_unit": "ML"
      },
      {
        "state": "ACT",
        "price": "1700",
        "price_per_unit": "567",
        "price_unit": "ML"
      },
      {
        "state": "NT",
        "price": "1700",
        "price_per_unit": "567",
        "price_unit": "ML"
      }
    ]
  },
  {
    "source_url": "https://www.woolworths.com.au/shop/productdetails/423310/rimmel-london-lasting-finish-25hr-foundation-true-beige",
    "name": "Rimmel London Lasting Finish 25Hr Foundation True Beige 30mL",
    "image_url": "https://cdn1.woolworths.media/content/wowproductimages/large/423310.jpg",
    "source_id": "Woolworths - 423310",
    "barcode": "3616305491626",
    "category_id": "1_894D0A8",
    "shop": "Woolworths",
    "weight": "10ML",
    "prices": [
      {
        "state": "NSW",
        "price": "2700",
        "price_per_unit": "900",
        "price_unit": "ML"
      },
      {
        "state": "VIC",
        "price": "2700",
        "price_per_unit": "900",
        "price_unit": "ML"
      },
      {
        "state": "QLD",
        "price": "2700",
        "price_per_unit": "900",
        "price_unit": "ML"
      },
      {
        "state": "WA",
        "price": "2700",
        "price_per_unit": "900",
        "price_unit": "ML"
      },
      {
        "state": "SA",
        "price": "2700",
        "price_per_unit": "900",
        "price_unit": "ML"
      },
      {
        "state": "TAS",
        "price": "2700",
        "price_per_unit": "900",
        "price_unit": "ML"
      },
      {
        "state": "ACT",
        "price": "2700",
        "price_per_unit": "900",
        "price_unit": "ML"
      },
      {
        "state": "NT",
        "price": "2700",
        "price_per_unit": "900",
        "price_unit": "ML"
      }
    ]
  },
  {
    "source_url": "https://www.woolworths.com.au/shop/productdetails/380945/rimmel-london-lasting-finish-full-coverage-foundation-103-true-ivory",
    "name": "Rimmel London Lasting Finish Full Coverage Foundation 103 True Ivory 30mL",
    "image_url": "https://cdn1.woolworths.media/content/wowproductimages/large/380945.jpg",
    "source_id": "Woolworths - 380945",
    "barcode": "3616305491671",
    "category_id": "1_894D0A8",
    "shop": "Woolworths",
    "weight": "10ML",
    "prices": [
      {
        "state": "NSW",
        "price": "2700",
        "price_per_unit": "900",
        "price_unit": "ML"
      },
      {
        "state": "VIC",
        "price": "2700",
        "price_per_unit": "900",
        "price_unit": "ML"
      },
      {
        "state": "QLD",
        "price": "2700",
        "price_per_unit": "900",
        "price_unit": "ML"
      },
      {
        "state": "WA",
        "price": "2700",
        "price_per_unit": "900",
        "price_unit": "ML"
      },
      {
        "state": "SA",
        "price": "2700",
        "price_per_unit": "900",
        "price_unit": "ML"
      },
      {
        "state": "TAS",
        "price": "2700",
        "price_per_unit": "900",
        "price_unit": "ML"
      },
      {
        "state": "ACT",
        "price": "2700",
        "price_per_unit": "900",
        "price_unit": "ML"
      },
      {
        "state": "NT",
        "price": "2700",
        "price_per_unit": "900",
        "price_unit": "ML"
      }
    ]
  },
  {
    "source_url": "https://www.woolworths.com.au/shop/productdetails/365954/rimmel-london-lasting-finish-full-coverage-foundation-200-soft-beige",
    "name": "Rimmel London Lasting Finish Full Coverage Foundation 200 Soft Beige 30mL",
    "image_url": "https://cdn1.woolworths.media/content/wowproductimages/large/365954.jpg",
    "source_id": "Woolworths - 365954",
    "barcode": "3616305491657",
    "category_id": "1_894D0A8",
    "shop": "Woolworths",
    "weight": "10ML",
    "prices": [
      {
        "state": "NSW",
        "price": "2700",
        "price_per_unit": "900",
        "price_unit": "ML"
      },
      {
        "state": "VIC",
        "price": "2700",
        "price_per_unit": "900",
        "price_unit": "ML"
      },
      {
        "state": "QLD",
        "price": "2700",
        "price_per_unit": "900",
        "price_unit": "ML"
      },
      {
        "state": "WA",
        "price": "2700",
        "price_per_unit": "900",
        "price_unit": "ML"
      },
      {
        "state": "SA",
        "price": "2700",
        "price_per_unit": "900",
        "price_unit": "ML"
      },
      {
        "state": "TAS",
        "price": "2700",
        "price_per_unit": "900",
        "price_unit": "ML"
      },
      {
        "state": "ACT",
        "price": "2700",
        "price_per_unit": "900",
        "price_unit": "ML"
      },
      {
        "state": "NT",
        "price": "2700",
        "price_per_unit": "900",
        "price_unit": "ML"
      }
    ]
  },
  {
    "source_url": "https://www.woolworths.com.au/shop/productdetails/365958/rimmel-london-lastingfinish-fdn-ivory",
    "name": "Rimmel London Lastingfinish Fdn Ivory 30mL",
    "image_url": "https://cdn1.woolworths.media/content/wowproductimages/large/365958.jpg",
    "source_id": "Woolworths - 365958",
    "barcode": "3616305491633",
    "category_id": "1_894D0A8",
    "shop": "Woolworths",
    "weight": "10ML",
    "prices": [
      {
        "state": "NSW",
        "price": "2700",
        "price_per_unit": "900",
        "price_unit": "ML"
      },
      {
        "state": "VIC",
        "price": "2700",
        "price_per_unit": "900",
        "price_unit": "ML"
      },
      {
        "state": "QLD",
        "price": "2700",
        "price_per_unit": "900",
        "price_unit": "ML"
      },
      {
        "state": "WA",
        "price": "2700",
        "price_per_unit": "900",
        "price_unit": "ML"
      },
      {
        "state": "SA",
        "price": "2700",
        "price_per_unit": "900",
        "price_unit": "ML"
      },
      {
        "state": "TAS",
        "price": "2700",
        "price_per_unit": "900",
        "price_unit": "ML"
      },
      {
        "state": "ACT",
        "price": "2700",
        "price_per_unit": "900",
        "price_unit": "ML"
      },
      {
        "state": "NT",
        "price": "2700",
        "price_per_unit": "900",
        "price_unit": "ML"
      }
    ]
  },
  {
    "source_url": "https://www.woolworths.com.au/shop/productdetails/749341/rimmel-london-match-perfection-foundation-100-ivory",
    "name": "Rimmel London Match Perfection Foundation 100 Ivory 30mL",
    "image_url": "https://cdn1.woolworths.media/content/wowproductimages/large/749341.jpg",
    "source_id": "Woolworths - 749341",
    "barcode": "3607348783168",
    "category_id": "1_894D0A8",
    "shop": "Woolworths",
    "weight": "10ML",
    "prices": [
      {
        "state": "NSW",
        "price": "2300",
        "price_per_unit": "767",
        "price_unit": "ML"
      },
      {
        "state": "WA",
        "price": "2300",
        "price_per_unit": "767",
        "price_unit": "ML"
      },
      {
        "state": "SA",
        "price": "2300",
        "price_per_unit": "767",
        "price_unit": "ML"
      },
      {
        "state": "TAS",
        "price": "2300",
        "price_per_unit": "767",
        "price_unit": "ML"
      },
      {
        "state": "ACT",
        "price": "2300",
        "price_per_unit": "767",
        "price_unit": "ML"
      },
      {
        "state": "NT",
        "price": "2300",
        "price_per_unit": "767",
        "price_unit": "ML"
      }
    ]
  },
  {
    "source_url": "https://www.woolworths.com.au/shop/productdetails/749278/rimmel-london-match-perfection-foundation-200-soft-beige",
    "name": "Rimmel London Match Perfection Foundation 200 Soft Beige 30mL",
    "image_url": "https://cdn1.woolworths.media/content/wowproductimages/large/749278.jpg",
    "source_id": "Woolworths - 749278",
    "barcode": "3607348783069",
    "category_id": "1_894D0A8",
    "shop": "Woolworths",
    "weight": "10ML",
    "prices": [
      {
        "state": "NSW",
        "price": "2300",
        "price_per_unit": "767",
        "price_unit": "ML"
      },
      {
        "state": "WA",
        "price": "2300",
        "price_per_unit": "767",
        "price_unit": "ML"
      },
      {
        "state": "SA",
        "price": "2300",
        "price_per_unit": "767",
        "price_unit": "ML"
      },
      {
        "state": "TAS",
        "price": "2300",
        "price_per_unit": "767",
        "price_unit": "ML"
      },
      {
        "state": "ACT",
        "price": "2300",
        "price_per_unit": "767",
        "price_unit": "ML"
      },
      {
        "state": "NT",
        "price": "2300",
        "price_per_unit": "767",
        "price_unit": "ML"
      }
    ]
  },
  {
    "source_url": "https://www.woolworths.com.au/shop/productdetails/816021/rimmel-london-maxi-blush-powder-shade-006",
    "name": "Rimmel London Maxi Blush Powder Shade 006 9G",
    "image_url": "https://cdn1.woolworths.media/content/wowproductimages/large/816021.jpg",
    "source_id": "Woolworths - 816021",
    "barcode": "3614228794824",
    "category_id": "1_894D0A8",
    "shop": "Woolworths",
    "weight": "10G",
    "prices": [
      {
        "state": "NSW",
        "price": "1600",
        "price_per_unit": "1778",
        "price_unit": "G"
      },
      {
        "state": "VIC",
        "price": "1600",
        "price_per_unit": "1778",
        "price_unit": "G"
      },
      {
        "state": "QLD",
        "price": "1600",
        "price_per_unit": "1778",
        "price_unit": "G"
      },
      {
        "state": "WA",
        "price": "1600",
        "price_per_unit": "1778",
        "price_unit": "G"
      },
      {
        "state": "SA",
        "price": "1600",
        "price_per_unit": "1778",
        "price_unit": "G"
      },
      {
        "state": "TAS",
        "price": "1600",
        "price_per_unit": "1778",
        "price_unit": "G"
      },
      {
        "state": "ACT",
        "price": "1600",
        "price_per_unit": "1778",
        "price_unit": "G"
      },
      {
        "state": "NT",
        "price": "1600",
        "price_per_unit": "1778",
        "price_unit": "G"
      }
    ]
  },
  {
    "source_url": "https://www.woolworths.com.au/shop/productdetails/547214/rimmel-london-multi-tasker-better-than-filters-002-fair-light",
    "name": "Rimmel London Multi Tasker Better Than Filters 002 Fair Light 30mL",
    "image_url": "https://cdn1.woolworths.media/content/wowproductimages/large/547214.jpg",
    "source_id": "Woolworths - 547214",
    "barcode": "3616305977175",
    "category_id": "1_894D0A8",
    "shop": "Woolworths",
    "weight": "1EA",
    "prices": [
      {
        "state": "NSW",
        "price": "3000",
        "price_per_unit": "3000",
        "price_unit": "EA"
      },
      {
        "state": "VIC",
        "price": "3000",
        "price_per_unit": "3000",
        "price_unit": "EA"
      },
      {
        "state": "QLD",
        "price": "3000",
        "price_per_unit": "3000",
        "price_unit": "EA"
      },
      {
        "state": "WA",
        "price": "3000",
        "price_per_unit": "3000",
        "price_unit": "EA"
      },
      {
        "state": "SA",
        "price": "3000",
        "price_per_unit": "3000",
        "price_unit": "EA"
      },
      {
        "state": "TAS",
        "price": "3000",
        "price_per_unit": "3000",
        "price_unit": "EA"
      },
      {
        "state": "ACT",
        "price": "3000",
        "price_per_unit": "3000",
        "price_unit": "EA"
      },
      {
        "state": "NT",
        "price": "3000",
        "price_per_unit": "3000",
        "price_unit": "EA"
      }
    ]
  },
  {
    "source_url": "https://www.woolworths.com.au/shop/productdetails/198887/rimmel-london-multi-tasker-concealer-fair",
    "name": "Rimmel London Multi Tasker Concealer Fair Each",
    "image_url": "https://cdn1.woolworths.media/content/wowproductimages/large/198887.jpg",
    "source_id": "Woolworths - 198887",
    "barcode": "3616303186548",
    "category_id": "1_894D0A8",
    "shop": "Woolworths",
    "weight": "1EA",
    "prices": [
      {
        "state": "NSW",
        "price": "1900",
        "price_per_unit": "1900",
        "price_unit": "EA"
      },
      {
        "state": "VIC",
        "price": "1900",
        "price_per_unit": "1900",
        "price_unit": "EA"
      },
      {
        "state": "QLD",
        "price": "1900",
        "price_per_unit": "1900",
        "price_unit": "EA"
      },
      {
        "state": "SA",
        "price": "1900",
        "price_per_unit": "1900",
        "price_unit": "EA"
      },
      {
        "state": "ACT",
        "price": "1900",
        "price_per_unit": "1900",
        "price_unit": "EA"
      },
      {
        "state": "NT",
        "price": "1900",
        "price_per_unit": "1900",
        "price_unit": "EA"
      }
    ]
  },
  {
    "source_url": "https://www.woolworths.com.au/shop/productdetails/63699/rimmel-london-multi-tasker-primer-mist-setting-spray",
    "name": "Rimmel London Multi Tasker Primer Mist & Setting Spray 100mL",
    "image_url": "https://cdn1.woolworths.media/content/wowproductimages/large/063699.jpg",
    "source_id": "Woolworths - 63699",
    "barcode": "3616306172333",
    "category_id": "1_894D0A8",
    "shop": "Woolworths",
    "weight": "10ML",
    "prices": [
      {
        "state": "NSW",
        "price": "2300",
        "price_per_unit": "230",
        "price_unit": "ML"
      },
      {
        "state": "WA",
        "price": "2300",
        "price_per_unit": "230",
        "price_unit": "ML"
      },
      {
        "state": "SA",
        "price": "2300",
        "price_per_unit": "230",
        "price_unit": "ML"
      },
      {
        "state": "TAS",
        "price": "2300",
        "price_per_unit": "230",
        "price_unit": "ML"
      },
      {
        "state": "ACT",
        "price": "2300",
        "price_per_unit": "230",
        "price_unit": "ML"
      },
      {
        "state": "NT",
        "price": "2300",
        "price_per_unit": "230",
        "price_unit": "ML"
      }
    ]
  },
  {
    "source_url": "https://www.woolworths.com.au/shop/productdetails/763009/rimmel-london-powder-match-perfection",
    "name": "Rimmel London Powder Match Perfection Each",
    "image_url": "https://cdn1.woolworths.media/content/wowproductimages/large/763009.jpg",
    "source_id": "Woolworths - 763009",
    "barcode": "3607347621478",
    "category_id": "1_894D0A8",
    "shop": "Woolworths",
    "weight": "10G",
    "prices": [
      {
        "state": "NSW",
        "price": "1700",
        "price_per_unit": "1700",
        "price_unit": "G"
      },
      {
        "state": "WA",
        "price": "1700",
        "price_per_unit": "1700",
        "price_unit": "G"
      },
      {
        "state": "SA",
        "price": "1700",
        "price_per_unit": "1700",
        "price_unit": "G"
      },
      {
        "state": "TAS",
        "price": "1700",
        "price_per_unit": "1700",
        "price_unit": "G"
      },
      {
        "state": "ACT",
        "price": "1700",
        "price_per_unit": "1700",
        "price_unit": "G"
      },
      {
        "state": "NT",
        "price": "1700",
        "price_per_unit": "1700",
        "price_unit": "G"
      }
    ]
  },
  {
    "source_url": "https://www.woolworths.com.au/shop/productdetails/365976/rimmel-london-pressed-powder-makeup-transparent",
    "name": "Rimmel London Pressed Powder Makeup Transparent 14g",
    "image_url": "https://cdn1.woolworths.media/content/wowproductimages/large/365976.jpg",
    "source_id": "Woolworths - 365976",
    "barcode": "9317408007519",
    "category_id": "1_894D0A8",
    "shop": "Woolworths",
    "weight": "10G",
    "prices": [
      {
        "state": "NSW",
        "price": "1600",
        "price_per_unit": "1143",
        "price_unit": "G"
      },
      {
        "state": "VIC",
        "price": "1600",
        "price_per_unit": "1143",
        "price_unit": "G"
      },
      {
        "state": "QLD",
        "price": "1600",
        "price_per_unit": "1143",
        "price_unit": "G"
      },
      {
        "state": "WA",
        "price": "1600",
        "price_per_unit": "1143",
        "price_unit": "G"
      },
      {
        "state": "SA",
        "price": "1600",
        "price_per_unit": "1143",
        "price_unit": "G"
      },
      {
        "state": "TAS",
        "price": "1600",
        "price_per_unit": "1143",
        "price_unit": "G"
      },
      {
        "state": "ACT",
        "price": "1600",
        "price_per_unit": "1143",
        "price_unit": "G"
      },
      {
        "state": "NT",
        "price": "1600",
        "price_per_unit": "1143",
        "price_unit": "G"
      }
    ]
  },
  {
    "source_url": "https://www.woolworths.com.au/shop/productdetails/365978/rimmel-london-stay-matte-powder-pressed-silk-beige",
    "name": "Rimmel London Stay Matte Powder Pressed Silk Beige 14G",
    "image_url": "https://cdn1.woolworths.media/content/wowproductimages/large/365978.jpg",
    "source_id": "Woolworths - 365978",
    "barcode": "9317408007502",
    "category_id": "1_894D0A8",
    "shop": "Woolworths",
    "weight": "10G",
    "prices": [
      {
        "state": "NSW",
        "price": "1600",
        "price_per_unit": "1143",
        "price_unit": "G"
      },
      {
        "state": "VIC",
        "price": "1600",
        "price_per_unit": "1143",
        "price_unit": "G"
      },
      {
        "state": "QLD",
        "price": "1600",
        "price_per_unit": "1143",
        "price_unit": "G"
      },
      {
        "state": "WA",
        "price": "1600",
        "price_per_unit": "1143",
        "price_unit": "G"
      },
      {
        "state": "SA",
        "price": "1600",
        "price_per_unit": "1143",
        "price_unit": "G"
      },
      {
        "state": "TAS",
        "price": "1600",
        "price_per_unit": "1143",
        "price_unit": "G"
      },
      {
        "state": "ACT",
        "price": "1600",
        "price_per_unit": "1143",
        "price_unit": "G"
      },
      {
        "state": "NT",
        "price": "1600",
        "price_per_unit": "1143",
        "price_unit": "G"
      }
    ]
  },
  {
    "source_url": "https://www.woolworths.com.au/shop/productdetails/911587/rimmel-london-wonder-freeze-brow-lamination-gel-001",
    "name": "Rimmel London Wonder Freeze Brow Lamination Gel 001 each",
    "image_url": "https://cdn1.woolworths.media/content/wowproductimages/large/911587.jpg",
    "source_id": "Woolworths - 911587",
    "barcode": "3616306179059",
    "category_id": "1_894D0A8",
    "shop": "Woolworths",
    "weight": "1EA",
    "prices": [
      {
        "state": "NSW",
        "price": "2600",
        "price_per_unit": "2600",
        "price_unit": "EA"
      },
      {
        "state": "WA",
        "price": "2600",
        "price_per_unit": "2600",
        "price_unit": "EA"
      },
      {
        "state": "SA",
        "price": "2600",
        "price_per_unit": "2600",
        "price_unit": "EA"
      },
      {
        "state": "TAS",
        "price": "2600",
        "price_per_unit": "2600",
        "price_unit": "EA"
      },
      {
        "state": "ACT",
        "price": "2600",
        "price_per_unit": "2600",
        "price_unit": "EA"
      },
      {
        "state": "NT",
        "price": "2600",
        "price_per_unit": "2600",
        "price_unit": "EA"
      }
    ]
  },
  {
    "source_url": "https://www.woolworths.com.au/shop/productdetails/461663/maybelline-build-a-brow-pen-gel-250-blonde",
    "name": "Maybelline Build A Brow Pen & Gel 250 Blonde 15g",
    "image_url": "https://cdn1.woolworths.media/content/wowproductimages/large/461663.jpg",
    "source_id": "Woolworths - 461663",
    "barcode": "3600531681302",
    "category_id": "1_894D0A8",
    "shop": "Woolworths",
    "weight": "10G",
    "prices": [
      {
        "state": "VIC",
        "price": "2900",
        "price_per_unit": "1933",
        "price_unit": "G"
      },
      {
        "state": "QLD",
        "price": "2900",
        "price_per_unit": "1933",
        "price_unit": "G"
      },
      {
        "state": "WA",
        "price": "2900",
        "price_per_unit": "1933",
        "price_unit": "G"
      },
      {
        "state": "SA",
        "price": "2900",
        "price_per_unit": "1933",
        "price_unit": "G"
      },
      {
        "state": "TAS",
        "price": "2900",
        "price_per_unit": "1933",
        "price_unit": "G"
      },
      {
        "state": "ACT",
        "price": "2900",
        "price_per_unit": "1933",
        "price_unit": "G"
      },
      {
        "state": "NT",
        "price": "2900",
        "price_per_unit": "1933",
        "price_unit": "G"
      }
    ]
  },
  {
    "source_url": "https://www.woolworths.com.au/shop/productdetails/818905/maybelline-city-bronzer-powder-medium-cool",
    "name": "Maybelline City Bronzer Powder - Medium Cool 9.25g",
    "image_url": "https://cdn1.woolworths.media/content/wowproductimages/large/818905.jpg",
    "source_id": "Woolworths - 818905",
    "barcode": "9344329160795",
    "category_id": "1_894D0A8",
    "shop": "Woolworths",
    "weight": "10G",
    "prices": [
      {
        "state": "VIC",
        "price": "2000",
        "price_per_unit": "2162",
        "price_unit": "G"
      },
      {
        "state": "QLD",
        "price": "2000",
        "price_per_unit": "2162",
        "price_unit": "G"
      },
      {
        "state": "WA",
        "price": "2000",
        "price_per_unit": "2162",
        "price_unit": "G"
      },
      {
        "state": "SA",
        "price": "2000",
        "price_per_unit": "2162",
        "price_unit": "G"
      },
      {
        "state": "TAS",
        "price": "2000",
        "price_per_unit": "2162",
        "price_unit": "G"
      },
      {
        "state": "ACT",
        "price": "2000",
        "price_per_unit": "2162",
        "price_unit": "G"
      }
    ]
  },
  {
    "source_url": "https://www.woolworths.com.au/shop/productdetails/716191/maybelline-instant-age-rewind-dark-circle-concealer-medium",
    "name": "Maybelline Instant Age Rewind Dark Circle Concealer - Medium 6ml",
    "image_url": "https://cdn1.woolworths.media/content/wowproductimages/large/716191.jpg",
    "source_id": "Woolworths - 716191",
    "barcode": "9344329130675",
    "category_id": "1_894D0A8",
    "shop": "Woolworths",
    "weight": "10ML",
    "prices": [
      {
        "state": "VIC",
        "price": "2300",
        "price_per_unit": "3833",
        "price_unit": "ML"
      },
      {
        "state": "QLD",
        "price": "2300",
        "price_per_unit": "3833",
        "price_unit": "ML"
      },
      {
        "state": "WA",
        "price": "2300",
        "price_per_unit": "3833",
        "price_unit": "ML"
      },
      {
        "state": "SA",
        "price": "2300",
        "price_per_unit": "3833",
        "price_unit": "ML"
      },
      {
        "state": "TAS",
        "price": "2300",
        "price_per_unit": "3833",
        "price_unit": "ML"
      },
      {
        "state": "ACT",
        "price": "2300",
        "price_per_unit": "3833",
        "price_unit": "ML"
      },
      {
        "state": "NT",
        "price": "2300",
        "price_per_unit": "3833",
        "price_unit": "ML"
      }
    ]
  },
  {
    "source_url": "https://www.woolworths.com.au/shop/productdetails/104176/maybelline-superstay-lumi-30h-matte-foundation-115",
    "name": "Maybelline Superstay Lumi 30H Matte Foundation 115 each",
    "image_url": "https://cdn1.woolworths.media/content/wowproductimages/large/104176.jpg",
    "source_id": "Woolworths - 104176",
    "barcode": "9344329264875",
    "category_id": "1_894D0A8",
    "shop": "Woolworths",
    "weight": "10ML",
    "prices": [
      {
        "state": "VIC",
        "price": "3500",
        "price_per_unit": "1000",
        "price_unit": "ML"
      },
      {
        "state": "QLD",
        "price": "3500",
        "price_per_unit": "1000",
        "price_unit": "ML"
      },
      {
        "state": "WA",
        "price": "3500",
        "price_per_unit": "1000",
        "price_unit": "ML"
      },
      {
        "state": "SA",
        "price": "3500",
        "price_per_unit": "1000",
        "price_unit": "ML"
      },
      {
        "state": "TAS",
        "price": "3500",
        "price_per_unit": "1000",
        "price_unit": "ML"
      },
      {
        "state": "ACT",
        "price": "3500",
        "price_per_unit": "1000",
        "price_unit": "ML"
      },
      {
        "state": "NT",
        "price": "3500",
        "price_per_unit": "1000",
        "price_unit": "ML"
      }
    ]
  },
  {
    "source_url": "https://www.woolworths.com.au/shop/productdetails/511815/mcobeauty-miracle-flawless-setting-spray",
    "name": "MCoBeauty Miracle Flawless Setting Spray 100mL",
    "image_url": "https://cdn1.woolworths.media/content/wowproductimages/large/511815.jpg",
    "source_id": "Woolworths - 511815",
    "barcode": "9331880029302",
    "category_id": "1_894D0A8",
    "shop": "Woolworths",
    "weight": "10ML",
    "prices": [
      {
        "state": "VIC",
        "price": "2800",
        "price_per_unit": "280",
        "price_unit": "ML"
      },
      {
        "state": "WA",
        "price": "2800",
        "price_per_unit": "280",
        "price_unit": "ML"
      },
      {
        "state": "SA",
        "price": "2800",
        "price_per_unit": "280",
        "price_unit": "ML"
      },
      {
        "state": "ACT",
        "price": "2800",
        "price_per_unit": "280",
        "price_unit": "ML"
      }
    ]
  },
  {
    "source_url": "https://www.woolworths.com.au/shop/productdetails/815312/revlon-age-defying-firm-lift-make-up-natural-beige",
    "name": "Revlon Age Defying Firm & Lift Make Up Natural Beige 30ml",
    "image_url": "https://cdn1.woolworths.media/content/wowproductimages/large/815312.jpg",
    "source_id": "Woolworths - 815312",
    "barcode": "9370700310831",
    "category_id": "1_894D0A8",
    "shop": "Woolworths",
    "weight": "10ML",
    "prices": [
      {
        "state": "VIC",
        "price": "3010",
        "price_per_unit": "1003",
        "price_unit": "ML"
      },
      {
        "state": "QLD",
        "price": "3010",
        "price_per_unit": "1003",
        "price_unit": "ML"
      },
      {
        "state": "WA",
        "price": "3010",
        "price_per_unit": "1003",
        "price_unit": "ML"
      },
      {
        "state": "SA",
        "price": "3010",
        "price_per_unit": "1003",
        "price_unit": "ML"
      },
      {
        "state": "TAS",
        "price": "3010",
        "price_per_unit": "1003",
        "price_unit": "ML"
      },
      {
        "state": "ACT",
        "price": "3010",
        "price_per_unit": "1003",
        "price_unit": "ML"
      },
      {
        "state": "NT",
        "price": "3155",
        "price_per_unit": "1052",
        "price_unit": "ML"
      }
    ]
  },
  {
    "source_url": "https://www.woolworths.com.au/shop/productdetails/393339/revlon-colorstay-flex-wear-full-cover-concealer-light-medium",
    "name": "Revlon Colorstay Flex Wear Full Cover Concealer Light Medium 10ml",
    "image_url": "https://cdn1.woolworths.media/content/wowproductimages/large/393339.jpg",
    "source_id": "Woolworths - 393339",
    "barcode": "9370700066783",
    "category_id": "1_894D0A8",
    "shop": "Woolworths",
    "weight": "10ML",
    "prices": [
      {
        "state": "VIC",
        "price": "1890",
        "price_per_unit": "1658",
        "price_unit": "ML"
      },
      {
        "state": "QLD",
        "price": "1890",
        "price_per_unit": "1658",
        "price_unit": "ML"
      },
      {
        "state": "WA",
        "price": "1890",
        "price_per_unit": "1658",
        "price_unit": "ML"
      },
      {
        "state": "SA",
        "price": "1890",
        "price_per_unit": "1658",
        "price_unit": "ML"
      },
      {
        "state": "TAS",
        "price": "1890",
        "price_per_unit": "1658",
        "price_unit": "ML"
      },
      {
        "state": "ACT",
        "price": "1890",
        "price_per_unit": "1658",
        "price_unit": "ML"
      },
      {
        "state": "NT",
        "price": "1890",
        "price_per_unit": "1658",
        "price_unit": "ML"
      }
    ]
  },
  {
    "source_url": "https://www.woolworths.com.au/shop/productdetails/245308/revlon-colorstay-longwear-makeup-normal-dry-medium-beige",
    "name": "Revlon Colorstay Longwear Makeup Normal/Dry - Medium Beige 30ml",
    "image_url": "https://cdn1.woolworths.media/content/wowproductimages/large/245308.jpg",
    "source_id": "Woolworths - 245308",
    "barcode": "9370700048956",
    "category_id": "1_894D0A8",
    "shop": "Woolworths",
    "weight": "10ML",
    "prices": [
      {
        "state": "VIC",
        "price": "2800",
        "price_per_unit": "933",
        "price_unit": "ML"
      },
      {
        "state": "QLD",
        "price": "2800",
        "price_per_unit": "933",
        "price_unit": "ML"
      },
      {
        "state": "WA",
        "price": "2800",
        "price_per_unit": "933",
        "price_unit": "ML"
      },
      {
        "state": "SA",
        "price": "2800",
        "price_per_unit": "933",
        "price_unit": "ML"
      },
      {
        "state": "TAS",
        "price": "2800",
        "price_per_unit": "933",
        "price_unit": "ML"
      },
      {
        "state": "ACT",
        "price": "2800",
        "price_per_unit": "933",
        "price_unit": "ML"
      },
      {
        "state": "NT",
        "price": "2800",
        "price_per_unit": "933",
        "price_unit": "ML"
      }
    ]
  },
  {
    "source_url": "https://www.woolworths.com.au/shop/productdetails/669220/revlon-colorstay-pressed-powder-light",
    "name": "Revlon Colorstay Pressed Powder Light 8.4g",
    "image_url": "https://cdn1.woolworths.media/content/wowproductimages/large/669220.jpg",
    "source_id": "Woolworths - 669220",
    "barcode": "309975424027",
    "category_id": "1_894D0A8",
    "shop": "Woolworths",
    "weight": "10G",
    "prices": [
      {
        "state": "VIC",
        "price": "2730",
        "price_per_unit": "3250",
        "price_unit": "G"
      },
      {
        "state": "QLD",
        "price": "2730",
        "price_per_unit": "3250",
        "price_unit": "G"
      },
      {
        "state": "WA",
        "price": "2730",
        "price_per_unit": "3250",
        "price_unit": "G"
      },
      {
        "state": "SA",
        "price": "2730",
        "price_per_unit": "3250",
        "price_unit": "G"
      },
      {
        "state": "TAS",
        "price": "2730",
        "price_per_unit": "3250",
        "price_unit": "G"
      },
      {
        "state": "ACT",
        "price": "2730",
        "price_per_unit": "3250",
        "price_unit": "G"
      },
      {
        "state": "NT",
        "price": "2730",
        "price_per_unit": "3250",
        "price_unit": "G"
      }
    ]
  },
  {
    "source_url": "https://www.woolworths.com.au/shop/productdetails/523836/revlon-illuminance-serum-tint-light-beige",
    "name": "Revlon Illuminance Serum Tint Light Beige each",
    "image_url": "https://cdn1.woolworths.media/content/wowproductimages/large/523836.jpg",
    "source_id": "Woolworths - 523836",
    "barcode": "9370700073095",
    "category_id": "1_894D0A8",
    "shop": "Woolworths",
    "weight": "10ML",
    "prices": [
      {
        "state": "VIC",
        "price": "2730",
        "price_per_unit": "975",
        "price_unit": "ML"
      },
      {
        "state": "QLD",
        "price": "2730",
        "price_per_unit": "975",
        "price_unit": "ML"
      },
      {
        "state": "WA",
        "price": "2730",
        "price_per_unit": "975",
        "price_unit": "ML"
      },
      {
        "state": "SA",
        "price": "2730",
        "price_per_unit": "975",
        "price_unit": "ML"
      },
      {
        "state": "TAS",
        "price": "2730",
        "price_per_unit": "975",
        "price_unit": "ML"
      },
      {
        "state": "ACT",
        "price": "2730",
        "price_per_unit": "975",
        "price_unit": "ML"
      },
      {
        "state": "NT",
        "price": "2730",
        "price_per_unit": "975",
        "price_unit": "ML"
      }
    ]
  },
  {
    "source_url": "https://www.woolworths.com.au/shop/productdetails/202114/revlon-photoready-rose-glow-hydrating-illuminating-primer",
    "name": "Revlon Photoready Rose Glow Hydrating & Illuminating Primer 30ml",
    "image_url": "https://cdn1.woolworths.media/content/wowproductimages/large/202114.jpg",
    "source_id": "Woolworths - 202114",
    "barcode": "9370700028408",
    "category_id": "1_894D0A8",
    "shop": "Woolworths",
    "weight": "10ML",
    "prices": [
      {
        "state": "VIC",
        "price": "2310",
        "price_per_unit": "770",
        "price_unit": "ML"
      },
      {
        "state": "QLD",
        "price": "2310",
        "price_per_unit": "770",
        "price_unit": "ML"
      },
      {
        "state": "WA",
        "price": "2310",
        "price_per_unit": "770",
        "price_unit": "ML"
      },
      {
        "state": "SA",
        "price": "2310",
        "price_per_unit": "770",
        "price_unit": "ML"
      },
      {
        "state": "TAS",
        "price": "2310",
        "price_per_unit": "770",
        "price_unit": "ML"
      },
      {
        "state": "ACT",
        "price": "2310",
        "price_per_unit": "770",
        "price_unit": "ML"
      },
      {
        "state": "NT",
        "price": "2310",
        "price_per_unit": "770",
        "price_unit": "ML"
      }
    ]
  },
  {
    "source_url": "https://www.woolworths.com.au/shop/productdetails/64190/rimmel-london-multi-tasker-better-than-filters-004-light-medium",
    "name": "Rimmel London Multi Tasker Better Than Filters 004 Light Medium 30mL",
    "image_url": "https://cdn1.woolworths.media/content/wowproductimages/large/064190.jpg",
    "source_id": "Woolworths - 64190",
    "barcode": "3616306380394",
    "category_id": "1_894D0A8",
    "shop": "Woolworths",
    "weight": "10ML",
    "prices": [
      {
        "state": "VIC",
        "price": "3000",
        "price_per_unit": "1000",
        "price_unit": "ML"
      },
      {
        "state": "QLD",
        "price": "3000",
        "price_per_unit": "1000",
        "price_unit": "ML"
      },
      {
        "state": "WA",
        "price": "3000",
        "price_per_unit": "1000",
        "price_unit": "ML"
      },
      {
        "state": "SA",
        "price": "3000",
        "price_per_unit": "1000",
        "price_unit": "ML"
      },
      {
        "state": "TAS",
        "price": "3000",
        "price_per_unit": "1000",
        "price_unit": "ML"
      },
      {
        "state": "ACT",
        "price": "3000",
        "price_per_unit": "1000",
        "price_unit": "ML"
      },
      {
        "state": "NT",
        "price": "3000",
        "price_per_unit": "1000",
        "price_unit": "ML"
      }
    ]
  },
  {
    "source_url": "https://www.woolworths.com.au/shop/productdetails/819191/maybelline-fit-me-concealer-fair-10",
    "name": "Maybelline Fit Me Concealer - Fair 10 6.8ml",
    "image_url": "https://cdn1.woolworths.media/content/wowproductimages/large/819191.jpg",
    "source_id": "Woolworths - 819191",
    "barcode": "9344329078175",
    "category_id": "1_894D0A8",
    "shop": "Woolworths",
    "weight": "10ML",
    "prices": [
      {
        "state": "WA",
        "price": "2000",
        "price_per_unit": "2941",
        "price_unit": "ML"
      },
      {
        "state": "SA",
        "price": "2000",
        "price_per_unit": "2941",
        "price_unit": "ML"
      },
      {
        "state": "ACT",
        "price": "2000",
        "price_per_unit": "2941",
        "price_unit": "ML"
      }
    ]
  },
  {
    "source_url": "https://www.woolworths.com.au/shop/productdetails/502091/maybelline-fit-me-loose-finishing-powder-light-medium",
    "name": "Maybelline Fit Me Loose Finishing Powder Light Medium 20g",
    "image_url": "https://cdn1.woolworths.media/content/wowproductimages/large/502091.jpg",
    "source_id": "Woolworths - 502091",
    "barcode": "9344329257792",
    "category_id": "1_894D0A8",
    "shop": "Woolworths",
    "weight": "10G",
    "prices": [
      {
        "state": "WA",
        "price": "2300",
        "price_per_unit": "1150",
        "price_unit": "G"
      },
      {
        "state": "SA",
        "price": "2300",
        "price_per_unit": "1150",
        "price_unit": "G"
      },
      {
        "state": "ACT",
        "price": "2300",
        "price_per_unit": "1150",
        "price_unit": "G"
      }
    ]
  },
  {
    "source_url": "https://www.woolworths.com.au/shop/productdetails/399545/maybelline-superstay-skin-tint-03-foundation",
    "name": "Maybelline Superstay Skin Tint 03 Foundation 30ml",
    "image_url": "https://cdn1.woolworths.media/content/wowproductimages/large/399545.jpg",
    "source_id": "Woolworths - 399545",
    "barcode": "9344329253466",
    "category_id": "1_894D0A8",
    "shop": "Woolworths",
    "weight": "10ML",
    "prices": [
      {
        "state": "WA",
        "price": "3800",
        "price_per_unit": "1267",
        "price_unit": "ML"
      },
      {
        "state": "ACT",
        "price": "3800",
        "price_per_unit": "1267",
        "price_unit": "ML"
      }
    ]
  },
  {
    "source_url": "https://www.woolworths.com.au/shop/productdetails/399963/maybelline-superstay-skin-tint-10-foundation",
    "name": "Maybelline Superstay Skin Tint 10 Foundation 30ml",
    "image_url": "https://cdn1.woolworths.media/content/wowproductimages/large/399963.jpg",
    "source_id": "Woolworths - 399963",
    "barcode": "9344329253473",
    "category_id": "1_894D0A8",
    "shop": "Woolworths",
    "weight": "10ML",
    "prices": [
      {
        "state": "WA",
        "price": "3800",
        "price_per_unit": "1267",
        "price_unit": "ML"
      },
      {
        "state": "ACT",
        "price": "3800",
        "price_per_unit": "1267",
        "price_unit": "ML"
      }
    ]
  },
  {
    "source_url": "https://www.woolworths.com.au/shop/productdetails/399987/maybelline-superstay-skin-tint-21-foundation",
    "name": "Maybelline Superstay Skin Tint 21 Foundation 30ml",
    "image_url": "https://cdn1.woolworths.media/content/wowproductimages/large/399987.jpg",
    "source_id": "Woolworths - 399987",
    "barcode": "9344329253480",
    "category_id": "1_894D0A8",
    "shop": "Woolworths",
    "weight": "10ML",
    "prices": [
      {
        "state": "WA",
        "price": "3800",
        "price_per_unit": "1267",
        "price_unit": "ML"
      },
      {
        "state": "ACT",
        "price": "3800",
        "price_per_unit": "1267",
        "price_unit": "ML"
      }
    ]
  },
  {
    "source_url": "https://www.woolworths.com.au/shop/productdetails/52957/mcobeauty-strawberry-primer",
    "name": "MCoBeauty Strawberry Primer 30mL",
    "image_url": "https://cdn1.woolworths.media/content/wowproductimages/large/052957.jpg",
    "source_id": "Woolworths - 52957",
    "barcode": "9331880036324",
    "category_id": "1_894D0A8",
    "shop": "Woolworths",
    "weight": "10G",
    "prices": [
      {
        "state": "WA",
        "price": "2400",
        "price_per_unit": "198",
        "price_unit": "G"
      },
      {
        "state": "SA",
        "price": "2400",
        "price_per_unit": "198",
        "price_unit": "G"
      },
      {
        "state": "ACT",
        "price": "2400",
        "price_per_unit": "198",
        "price_unit": "G"
      },
      {
        "state": "NT",
        "price": "2400",
        "price_per_unit": "198",
        "price_unit": "G"
      }
    ]
  },
  {
    "source_url": "https://www.woolworths.com.au/shop/productdetails/244000/revlon-colorstay-grip-matte-primer",
    "name": "Revlon Colorstay Grip Matte Primer 30ml",
    "image_url": "https://cdn1.woolworths.media/content/wowproductimages/large/244000.jpg",
    "source_id": "Woolworths - 244000",
    "barcode": "9370700051772",
    "category_id": "1_894D0A8",
    "shop": "Woolworths",
    "weight": "10ML",
    "prices": [
      {
        "state": "WA",
        "price": "2310",
        "price_per_unit": "770",
        "price_unit": "ML"
      }
    ]
  },
  {
    "source_url": "https://www.woolworths.com.au/shop/productdetails/243737/revlon-colorstay-long-wear-makeup-ivory",
    "name": "Revlon Colorstay Long Wear Makeup Ivory 30ml",
    "image_url": "https://cdn1.woolworths.media/content/wowproductimages/large/243737.jpg",
    "source_id": "Woolworths - 243737",
    "barcode": "9370700048857",
    "category_id": "1_894D0A8",
    "shop": "Woolworths",
    "weight": "10ML",
    "prices": [
      {
        "state": "WA",
        "price": "2800",
        "price_per_unit": "933",
        "price_unit": "ML"
      },
      {
        "state": "SA",
        "price": "2800",
        "price_per_unit": "933",
        "price_unit": "ML"
      },
      {
        "state": "ACT",
        "price": "2800",
        "price_per_unit": "933",
        "price_unit": "ML"
      }
    ]
  },
  {
    "source_url": "https://www.woolworths.com.au/shop/productdetails/503924/mcobeauty-dream-liquid-dewy-blush-true-rose",
    "name": "MCoBeauty Dream Liquid Dewy Blush True Rose 4.6mL",
    "image_url": "https://cdn1.woolworths.media/content/wowproductimages/large/503924.jpg",
    "source_id": "Woolworths - 503924",
    "barcode": "9331880027827",
    "category_id": "1_894D0A8",
    "shop": "Woolworths",
    "weight": "10ML",
    "prices": [
      {
        "state": "SA",
        "price": "2500",
        "price_per_unit": "5435",
        "price_unit": "ML"
      },
      {
        "state": "ACT",
        "price": "2500",
        "price_per_unit": "5435",
        "price_unit": "ML"
      }
    ]
  },
  {
    "source_url": "https://www.woolworths.com.au/shop/productdetails/304002/revlon-illuminance-serum-foundation-light-beige",
    "name": "Revlon Illuminance Serum Foundation Light Beige 30ml",
    "image_url": "https://cdn1.woolworths.media/content/wowproductimages/large/304002.jpg",
    "source_id": "Woolworths - 304002",
    "barcode": "9370700062006",
    "category_id": "1_894D0A8",
    "shop": "Woolworths",
    "weight": "10ML",
    "prices": [
      {
        "state": "SA",
        "price": "3010",
        "price_per_unit": "1003",
        "price_unit": "ML"
      },
      {
        "state": "ACT",
        "price": "3010",
        "price_per_unit": "1003",
        "price_unit": "ML"
      }
    ]
  },
  {
    "source_url": "https://www.woolworths.com.au/shop/productdetails/503714/mcobeauty-baby-face-multiuse-cream-stick-peony-rose",
    "name": "MCoBeauty Baby Face Multiuse Cream Stick Peony Rose 5g",
    "image_url": "https://cdn1.woolworths.media/content/wowproductimages/large/503714.jpg",
    "source_id": "Woolworths - 503714",
    "barcode": "9331880026738",
    "category_id": "1_894D0A8",
    "shop": "Woolworths",
    "weight": "10G",
    "prices": [
      {
        "state": "ACT",
        "price": "2400",
        "price_per_unit": "4800",
        "price_unit": "G"
      }
    ]
  },
  {
    "source_url": "https://www.woolworths.com.au/shop/productdetails/398577/mcobeauty-brighten-perfect-cream-concealer-light-3-beige",
    "name": "MCoBeauty Brighten & Perfect Cream Concealer Light 3 Beige 5.5mL",
    "image_url": "https://cdn1.woolworths.media/content/wowproductimages/large/398577.jpg",
    "source_id": "Woolworths - 398577",
    "barcode": "9331880023829",
    "category_id": "1_894D0A8",
    "shop": "Woolworths",
    "weight": "10ML",
    "prices": [
      {
        "state": "ACT",
        "price": "2200",
        "price_per_unit": "4000",
        "price_unit": "ML"
      }
    ]
  },
  {
    "source_url": "https://www.woolworths.com.au/shop/productdetails/398578/mcobeauty-brighten-perfect-cream-concealer-med-1-natural-beige",
    "name": "MCoBeauty Brighten & Perfect Cream Concealer Med 1 Natural Beige 5.5ml",
    "image_url": "https://cdn1.woolworths.media/content/wowproductimages/large/398578.jpg",
    "source_id": "Woolworths - 398578",
    "barcode": "9331880023836",
    "category_id": "1_894D0A8",
    "shop": "Woolworths",
    "weight": "10ML",
    "prices": [
      {
        "state": "ACT",
        "price": "2200",
        "price_per_unit": "4000",
        "price_unit": "ML"
      }
    ]
  },
  {
    "source_url": "https://www.woolworths.com.au/shop/productdetails/398579/mcobeauty-brighten-perfect-cream-concealer-medium-1-25-buff",
    "name": "MCoBeauty Brighten & Perfect Cream Concealer Medium 1.25 Buff 5.5mL",
    "image_url": "https://cdn1.woolworths.media/content/wowproductimages/large/398579.jpg",
    "source_id": "Woolworths - 398579",
    "barcode": "9331880023843",
    "category_id": "1_894D0A8",
    "shop": "Woolworths",
    "weight": "10ML",
    "prices": [
      {
        "state": "ACT",
        "price": "2200",
        "price_per_unit": "4000",
        "price_unit": "ML"
      }
    ]
  },
  {
    "source_url": "https://www.woolworths.com.au/shop/productdetails/502697/mcobeauty-dewy-face-stick-pearlescent",
    "name": "MCoBeauty Dewy Face Stick Pearlescent 5.3g",
    "image_url": "https://cdn1.woolworths.media/content/wowproductimages/large/502697.jpg",
    "source_id": "Woolworths - 502697",
    "barcode": "9331880028732",
    "category_id": "1_894D0A8",
    "shop": "Woolworths",
    "weight": "10G",
    "prices": [
      {
        "state": "ACT",
        "price": "2000",
        "price_per_unit": "3774",
        "price_unit": "G"
      }
    ]
  },
  {
    "source_url": "https://www.woolworths.com.au/shop/productdetails/502584/mcobeauty-dream-liquid-dewy-blush-nude-peach",
    "name": "MCoBeauty Dream Liquid Dewy Blush Nude Peach 4.6mL",
    "image_url": "https://cdn1.woolworths.media/content/wowproductimages/large/502584.jpg",
    "source_id": "Woolworths - 502584",
    "barcode": "9331880027834",
    "category_id": "1_894D0A8",
    "shop": "Woolworths",
    "weight": "10ML",
    "prices": [
      {
        "state": "ACT",
        "price": "2500",
        "price_per_unit": "5435",
        "price_unit": "ML"
      }
    ]
  },
  {
    "source_url": "https://www.woolworths.com.au/shop/productdetails/691814/mcobeauty-invisible-matte-long-lasting-pressed-powder-nat-beige",
    "name": "MCoBeauty Invisible Matte Long Lasting Pressed Powder Nat Beige 14.5g",
    "image_url": "https://cdn1.woolworths.media/content/wowproductimages/large/691814.jpg",
    "source_id": "Woolworths - 691814",
    "barcode": "9331880007607",
    "category_id": "1_894D0A8",
    "shop": "Woolworths",
    "weight": "10G",
    "prices": [
      {
        "state": "ACT",
        "price": "1800",
        "price_per_unit": "1241",
        "price_unit": "G"
      }
    ]
  },
  {
    "source_url": "https://www.woolworths.com.au/shop/productdetails/277068/mcobeauty-luminous-highlighter-pen-1-5",
    "name": "MCoBeauty Luminous Highlighter Pen 1.5 Each",
    "image_url": "https://cdn1.woolworths.media/content/wowproductimages/large/277068.jpg",
    "source_id": "Woolworths - 277068",
    "barcode": "9331880021887",
    "category_id": "1_894D0A8",
    "shop": "Woolworths",
    "weight": "10ML",
    "prices": [
      {
        "state": "ACT",
        "price": "2500",
        "price_per_unit": "10000",
        "price_unit": "ML"
      }
    ]
  },
  {
    "source_url": "https://www.woolworths.com.au/shop/productdetails/277071/mcobeauty-luminous-highlighter-pen-neutral-undertone-2",
    "name": "MCoBeauty Luminous Highlighter Pen Neutral Undertone 2 2.5ml",
    "image_url": "https://cdn1.woolworths.media/content/wowproductimages/large/277071.jpg",
    "source_id": "Woolworths - 277071",
    "barcode": "9331880021894",
    "category_id": "1_894D0A8",
    "shop": "Woolworths",
    "weight": "10ML",
    "prices": [
      {
        "state": "ACT",
        "price": "2500",
        "price_per_unit": "10000",
        "price_unit": "ML"
      }
    ]
  },
  {
    "source_url": "https://www.woolworths.com.au/shop/productdetails/398569/mcobeauty-miracle-flawless-skin-foundation-natural-ivory",
    "name": "MCoBeauty Miracle Flawless Skin Foundation Natural Ivory 30ml",
    "image_url": "https://cdn1.woolworths.media/content/wowproductimages/large/398569.jpg",
    "source_id": "Woolworths - 398569",
    "barcode": "9331880024604",
    "category_id": "1_894D0A8",
    "shop": "Woolworths",
    "weight": "10ML",
    "prices": [
      {
        "state": "ACT",
        "price": "3500",
        "price_per_unit": "1167",
        "price_unit": "ML"
      }
    ]
  },
  {
    "source_url": "https://www.woolworths.com.au/shop/productdetails/391870/mcobeauty-soft-matte-beauty-wand-amaretto-blush",
    "name": "MCoBeauty Soft Matte Beauty Wand Amaretto Blush 12ml",
    "image_url": "https://cdn1.woolworths.media/content/wowproductimages/large/391870.jpg",
    "source_id": "Woolworths - 391870",
    "barcode": "9331880023393",
    "category_id": "1_894D0A8",
    "shop": "Woolworths",
    "weight": "10ML",
    "prices": [
      {
        "state": "ACT",
        "price": "2900",
        "price_per_unit": "2417",
        "price_unit": "ML"
      }
    ]
  },
  {
    "source_url": "https://www.woolworths.com.au/shop/productdetails/398562/mcobeauty-super-glow-sheer-tint-serum-foundation-0-5-2-very-light",
    "name": "MCoBeauty Super Glow Sheer Tint Serum Foundation 0.5-2 Very Light 30mL",
    "image_url": "https://cdn1.woolworths.media/content/wowproductimages/large/398562.jpg",
    "source_id": "Woolworths - 398562",
    "barcode": "9331880023751",
    "category_id": "1_894D0A8",
    "shop": "Woolworths",
    "weight": "10ML",
    "prices": [
      {
        "state": "ACT",
        "price": "3500",
        "price_per_unit": "1167",
        "price_unit": "ML"
      }
    ]
  },
  {
    "source_url": "https://www.woolworths.com.au/shop/productdetails/398563/mcobeauty-super-glow-sheer-tint-serum-foundation-2-3-light",
    "name": "MCoBeauty Super Glow Sheer Tint Serum Foundation 2-3 Light 30mL",
    "image_url": "https://cdn1.woolworths.media/content/wowproductimages/large/398563.jpg",
    "source_id": "Woolworths - 398563",
    "barcode": "9331880023768",
    "category_id": "1_894D0A8",
    "shop": "Woolworths",
    "weight": "10ML",
    "prices": [
      {
        "state": "ACT",
        "price": "3500",
        "price_per_unit": "1167",
        "price_unit": "ML"
      }
    ]
  },
  {
    "source_url": "https://www.woolworths.com.au/shop/productdetails/161891/rimmel-london-natural-bronzer-sunlight",
    "name": "Rimmel London Natural Bronzer Sunlight 14g",
    "image_url": "https://cdn1.woolworths.media/content/wowproductimages/large/161891.jpg",
    "source_id": "Woolworths - 161891",
    "barcode": "3616302980109",
    "category_id": "1_894D0A8",
    "shop": "Woolworths",
    "weight": "10G",
    "prices": [
      {
        "state": "ACT",
        "price": "1595",
        "price_per_unit": "1139",
        "price_unit": "G"
      }
    ]
  }
]