[
  {
    "source_url": "https://www.woolworths.com.au/shop/productdetails/110783/cetaphil-moisturising-cream-for-face-body",
    "name": "Cetaphil Moisturising Cream For Face & Body 550g",
    "image_url": "https://cdn1.woolworths.media/content/wowproductimages/large/110783.jpg",
    "source_id": "Woolworths - 110783",
    "barcode": "9318637391714",
    "category_id": "1_894D0A8",
    "shop": "Woolworths",
    "weight": "100G",
    "prices": [
      {
        "state": "NSW",
        "price": "2800",
        "price_per_unit": "509",
        "price_unit": "G"
      },
      {
        "state": "VIC",
        "price": "2800",
        "price_per_unit": "509",
        "price_unit": "G"
      },
      {
        "state": "QLD",
        "price": "2800",
        "price_per_unit": "509",
        "price_unit": "G"
      },
      {
        "state": "WA",
        "price": "2800",
        "price_per_unit": "509",
        "price_unit": "G"
      },
      {
        "state": "TAS",
        "price": "2800",
        "price_per_unit": "509",
        "price_unit": "G"
      },
      {
        "state": "ACT",
        "price": "2800",
        "price_per_unit": "509",
        "price_unit": "G"
      },
      {
        "state": "NT",
        "price": "2800",
        "price_per_unit": "509",
        "price_unit": "G"
      }
    ]
  },
  {
    "source_url": "https://www.woolworths.com.au/shop/productdetails/801239/cetaphil-moisturising-lotion-dry-to-normal-sensitive-skin",
    "name": "Cetaphil Moisturising Lotion Dry To Normal Sensitive Skin 1l",
    "image_url": "https://cdn1.woolworths.media/content/wowproductimages/large/801239.jpg",
    "source_id": "Woolworths - 801239",
    "barcode": "9318637042289",
    "category_id": "1_894D0A8",
    "shop": "Woolworths",
    "weight": "100ML",
    "prices": [
      {
        "state": "NSW",
        "price": "3300",
        "price_per_unit": "330",
        "price_unit": "ML"
      },
      {
        "state": "VIC",
        "price": "3300",
        "price_per_unit": "330",
        "price_unit": "ML"
      },
      {
        "state": "QLD",
        "price": "3300",
        "price_per_unit": "330",
        "price_unit": "ML"
      },
      {
        "state": "WA",
        "price": "3300",
        "price_per_unit": "330",
        "price_unit": "ML"
      },
      {
        "state": "SA",
        "price": "3300",
        "price_per_unit": "330",
        "price_unit": "ML"
      },
      {
        "state": "TAS",
        "price": "3300",
        "price_per_unit": "330",
        "price_unit": "ML"
      },
      {
        "state": "ACT",
        "price": "3300",
        "price_per_unit": "330",
        "price_unit": "ML"
      },
      {
        "state": "NT",
        "price": "3300",
        "price_per_unit": "330",
        "price_unit": "ML"
      }
    ]
  },
  {
    "source_url": "https://www.woolworths.com.au/shop/productdetails/140534/cetaphil-rich-night-cream-normal-to-very-dry-skin",
    "name": "Cetaphil Rich Night Cream Normal To Very Dry Skin 48g",
    "image_url": "https://cdn1.woolworths.media/content/wowproductimages/large/140534.jpg",
    "source_id": "Woolworths - 140534",
    "barcode": "9318637044023",
    "category_id": "1_894D0A8",
    "shop": "Woolworths",
    "weight": "100G",
    "prices": [
      {
        "state": "NSW",
        "price": "2300",
        "price_per_unit": "4792",
        "price_unit": "G"
      },
      {
        "state": "WA",
        "price": "2300",
        "price_per_unit": "4792",
        "price_unit": "G"
      },
      {
        "state": "SA",
        "price": "2300",
        "price_per_unit": "4792",
        "price_unit": "G"
      }
    ]
  },
  {
    "source_url": "https://www.woolworths.com.au/shop/productdetails/1073918460/dope-skin-co-3-step-antioxidants-kit-with-hemp",
    "name": "Dope Skin Co 3-Step Antioxidants Kit with Hemp",
    "image_url": "https://cdn1.woolworths.media/content/wowproductimages/large/1073918460.jpg",
    "source_id": "Woolworths - 1073918460",
    "barcode": null,
    "category_id": "1_894D0A8",
    "shop": "Woolworths",
    "weight": "1EA",
    "prices": [
      {
        "state": "NSW",
        "price": "10485",
        "price_per_unit": "3495",
        "price_unit": "EA"
      },
      {
        "state": "VIC",
        "price": "10485",
        "price_per_unit": "3495",
        "price_unit": "EA"
      },
      {
        "state": "QLD",
        "price": "10485",
        "price_per_unit": "3495",
        "price_unit": "EA"
      },
      {
        "state": "WA",
        "price": "10485",
        "price_per_unit": "3495",
        "price_unit": "EA"
      },
      {
        "state": "SA",
        "price": "10485",
        "price_per_unit": "3495",
        "price_unit": "EA"
      },
      {
        "state": "TAS",
        "price": "10485",
        "price_per_unit": "3495",
        "price_unit": "EA"
      },
      {
        "state": "ACT",
        "price": "10485",
        "price_per_unit": "3495",
        "price_unit": "EA"
      },
      {
        "state": "NT",
        "price": "10485",
        "price_per_unit": "3495",
        "price_unit": "EA"
      }
    ]
  },
  {
    "source_url": "https://www.woolworths.com.au/shop/productdetails/1073918336/dope-skin-co-3-step-calming-skin-kit-with-hemp",
    "name": "Dope Skin Co 3-Step Calming Skin Kit with Hemp",
    "image_url": "https://cdn1.woolworths.media/content/wowproductimages/large/1073918336.jpg",
    "source_id": "Woolworths - 1073918336",
    "barcode": null,
    "category_id": "1_894D0A8",
    "shop": "Woolworths",
    "weight": "1EA",
    "prices": [
      {
        "state": "NSW",
        "price": "10985",
        "price_per_unit": "3662",
        "price_unit": "EA"
      },
      {
        "state": "VIC",
        "price": "10985",
        "price_per_unit": "3662",
        "price_unit": "EA"
      },
      {
        "state": "QLD",
        "price": "10985",
        "price_per_unit": "3662",
        "price_unit": "EA"
      },
      {
        "state": "WA",
        "price": "10985",
        "price_per_unit": "3662",
        "price_unit": "EA"
      },
      {
        "state": "SA",
        "price": "10985",
        "price_per_unit": "3662",
        "price_unit": "EA"
      },
      {
        "state": "TAS",
        "price": "10985",
        "price_per_unit": "3662",
        "price_unit": "EA"
      },
      {
        "state": "ACT",
        "price": "10985",
        "price_per_unit": "3662",
        "price_unit": "EA"
      },
      {
        "state": "NT",
        "price": "10985",
        "price_per_unit": "3662",
        "price_unit": "EA"
      }
    ]
  },
  {
    "source_url": "https://www.woolworths.com.au/shop/productdetails/1073918337/dope-skin-co-3-step-clear-skin-kit-with-hemp",
    "name": "Dope Skin Co 3-Step Clear Skin Kit with Hemp",
    "image_url": "https://cdn1.woolworths.media/content/wowproductimages/large/1073918337.jpg",
    "source_id": "Woolworths - 1073918337",
    "barcode": null,
    "category_id": "1_894D0A8",
    "shop": "Woolworths",
    "weight": "1EA",
    "prices": [
      {
        "state": "NSW",
        "price": "11485",
        "price_per_unit": "3828",
        "price_unit": "EA"
      },
      {
        "state": "VIC",
        "price": "11485",
        "price_per_unit": "3828",
        "price_unit": "EA"
      },
      {
        "state": "QLD",
        "price": "11485",
        "price_per_unit": "3828",
        "price_unit": "EA"
      },
      {
        "state": "WA",
        "price": "11485",
        "price_per_unit": "3828",
        "price_unit": "EA"
      },
      {
        "state": "SA",
        "price": "11485",
        "price_per_unit": "3828",
        "price_unit": "EA"
      },
      {
        "state": "TAS",
        "price": "11485",
        "price_per_unit": "3828",
        "price_unit": "EA"
      },
      {
        "state": "ACT",
        "price": "11485",
        "price_per_unit": "3828",
        "price_unit": "EA"
      },
      {
        "state": "NT",
        "price": "11485",
        "price_per_unit": "3828",
        "price_unit": "EA"
      }
    ]
  },
  {
    "source_url": "https://www.woolworths.com.au/shop/productdetails/1073918450/dope-skin-co-6-step-clear-skin-kit-with-hemp",
    "name": "Dope Skin Co 6-Step Clear Skin Kit with Hemp",
    "image_url": "https://cdn1.woolworths.media/content/wowproductimages/large/1073918450.jpg",
    "source_id": "Woolworths - 1073918450",
    "barcode": null,
    "category_id": "1_894D0A8",
    "shop": "Woolworths",
    "weight": "1EA",
    "prices": [
      {
        "state": "NSW",
        "price": "22470",
        "price_per_unit": "3745",
        "price_unit": "EA"
      },
      {
        "state": "VIC",
        "price": "22470",
        "price_per_unit": "3745",
        "price_unit": "EA"
      },
      {
        "state": "QLD",
        "price": "22470",
        "price_per_unit": "3745",
        "price_unit": "EA"
      },
      {
        "state": "WA",
        "price": "22470",
        "price_per_unit": "3745",
        "price_unit": "EA"
      },
      {
        "state": "SA",
        "price": "22470",
        "price_per_unit": "3745",
        "price_unit": "EA"
      },
      {
        "state": "TAS",
        "price": "22470",
        "price_per_unit": "3745",
        "price_unit": "EA"
      },
      {
        "state": "ACT",
        "price": "22470",
        "price_per_unit": "3745",
        "price_unit": "EA"
      },
      {
        "state": "NT",
        "price": "22470",
        "price_per_unit": "3745",
        "price_unit": "EA"
      }
    ]
  },
  {
    "source_url": "https://www.woolworths.com.au/shop/productdetails/1073918449/dope-skin-co-6-step-pigmentation-treatment-kit-with-hemp",
    "name": "Dope Skin Co 6-Step Pigmentation Treatment Kit with Hemp",
    "image_url": "https://cdn1.woolworths.media/content/wowproductimages/large/1073918449.jpg",
    "source_id": "Woolworths - 1073918449",
    "barcode": null,
    "category_id": "1_894D0A8",
    "shop": "Woolworths",
    "weight": "1EA",
    "prices": [
      {
        "state": "NSW",
        "price": "22470",
        "price_per_unit": "3745",
        "price_unit": "EA"
      },
      {
        "state": "VIC",
        "price": "22470",
        "price_per_unit": "3745",
        "price_unit": "EA"
      },
      {
        "state": "QLD",
        "price": "22470",
        "price_per_unit": "3745",
        "price_unit": "EA"
      },
      {
        "state": "WA",
        "price": "22470",
        "price_per_unit": "3745",
        "price_unit": "EA"
      },
      {
        "state": "SA",
        "price": "22470",
        "price_per_unit": "3745",
        "price_unit": "EA"
      },
      {
        "state": "TAS",
        "price": "22470",
        "price_per_unit": "3745",
        "price_unit": "EA"
      },
      {
        "state": "ACT",
        "price": "22470",
        "price_per_unit": "3745",
        "price_unit": "EA"
      },
      {
        "state": "NT",
        "price": "22470",
        "price_per_unit": "3745",
        "price_unit": "EA"
      }
    ]
  },
  {
    "source_url": "https://www.woolworths.com.au/shop/productdetails/453158/essano-advanced-brightening-serum-with-vitamin-c",
    "name": "Essano Advanced Brightening Serum With Vitamin C 30mL",
    "image_url": "https://cdn1.woolworths.media/content/wowproductimages/large/453158.jpg",
    "source_id": "Woolworths - 453158",
    "barcode": "9421008708254",
    "category_id": "1_894D0A8",
    "shop": "Woolworths",
    "weight": "100ML",
    "prices": [
      {
        "state": "NSW",
        "price": "3000",
        "price_per_unit": "10000",
        "price_unit": "ML"
      },
      {
        "state": "VIC",
        "price": "3000",
        "price_per_unit": "10000",
        "price_unit": "ML"
      },
      {
        "state": "QLD",
        "price": "3000",
        "price_per_unit": "10000",
        "price_unit": "ML"
      },
      {
        "state": "WA",
        "price": "3000",
        "price_per_unit": "10000",
        "price_unit": "ML"
      },
      {
        "state": "SA",
        "price": "3000",
        "price_per_unit": "10000",
        "price_unit": "ML"
      },
      {
        "state": "TAS",
        "price": "3000",
        "price_per_unit": "10000",
        "price_unit": "ML"
      },
      {
        "state": "ACT",
        "price": "3000",
        "price_per_unit": "10000",
        "price_unit": "ML"
      },
      {
        "state": "NT",
        "price": "3000",
        "price_per_unit": "10000",
        "price_unit": "ML"
      }
    ]
  },
  {
    "source_url": "https://www.woolworths.com.au/shop/productdetails/34483/essano-collagen-boost-day-creme",
    "name": "Essano Collagen Boost Day Creme 140ml",
    "image_url": "https://cdn1.woolworths.media/content/wowproductimages/large/034483.jpg",
    "source_id": "Woolworths - 34483",
    "barcode": "9421008705215",
    "category_id": "1_894D0A8",
    "shop": "Woolworths",
    "weight": "100ML",
    "prices": [
      {
        "state": "NSW",
        "price": "2700",
        "price_per_unit": "1929",
        "price_unit": "ML"
      },
      {
        "state": "VIC",
        "price": "2700",
        "price_per_unit": "1929",
        "price_unit": "ML"
      },
      {
        "state": "QLD",
        "price": "2700",
        "price_per_unit": "1929",
        "price_unit": "ML"
      },
      {
        "state": "WA",
        "price": "2700",
        "price_per_unit": "1929",
        "price_unit": "ML"
      },
      {
        "state": "SA",
        "price": "2700",
        "price_per_unit": "1929",
        "price_unit": "ML"
      },
      {
        "state": "TAS",
        "price": "2700",
        "price_per_unit": "1929",
        "price_unit": "ML"
      },
      {
        "state": "ACT",
        "price": "2700",
        "price_per_unit": "1929",
        "price_unit": "ML"
      },
      {
        "state": "NT",
        "price": "2700",
        "price_per_unit": "1929",
        "price_unit": "ML"
      }
    ]
  },
  {
    "source_url": "https://www.woolworths.com.au/shop/productdetails/34475/essano-collagen-boost-facial-oil",
    "name": "Essano Collagen Boost Facial Oil 20ml",
    "image_url": "https://cdn1.woolworths.media/content/wowproductimages/large/034475.jpg",
    "source_id": "Woolworths - 34475",
    "barcode": "9421008705161",
    "category_id": "1_894D0A8",
    "shop": "Woolworths",
    "weight": "100ML",
    "prices": [
      {
        "state": "NSW",
        "price": "2700",
        "price_per_unit": "13500",
        "price_unit": "ML"
      },
      {
        "state": "VIC",
        "price": "2700",
        "price_per_unit": "13500",
        "price_unit": "ML"
      },
      {
        "state": "QLD",
        "price": "2700",
        "price_per_unit": "13500",
        "price_unit": "ML"
      },
      {
        "state": "WA",
        "price": "2700",
        "price_per_unit": "13500",
        "price_unit": "ML"
      },
      {
        "state": "SA",
        "price": "2700",
        "price_per_unit": "13500",
        "price_unit": "ML"
      },
      {
        "state": "TAS",
        "price": "2700",
        "price_per_unit": "13500",
        "price_unit": "ML"
      },
      {
        "state": "ACT",
        "price": "2700",
        "price_per_unit": "13500",
        "price_unit": "ML"
      },
      {
        "state": "NT",
        "price": "2700",
        "price_per_unit": "13500",
        "price_unit": "ML"
      }
    ]
  },
  {
    "source_url": "https://www.woolworths.com.au/shop/productdetails/968353/essano-collagen-boost-night-cream",
    "name": "Essano Collagen Boost Night Cream 50g",
    "image_url": "https://cdn1.woolworths.media/content/wowproductimages/large/968353.jpg",
    "source_id": "Woolworths - 968353",
    "barcode": "9421008702368",
    "category_id": "1_894D0A8",
    "shop": "Woolworths",
    "weight": "100G",
    "prices": [
      {
        "state": "NSW",
        "price": "2700",
        "price_per_unit": "5400",
        "price_unit": "G"
      },
      {
        "state": "VIC",
        "price": "2700",
        "price_per_unit": "5400",
        "price_unit": "G"
      },
      {
        "state": "QLD",
        "price": "2700",
        "price_per_unit": "5400",
        "price_unit": "G"
      },
      {
        "state": "WA",
        "price": "2700",
        "price_per_unit": "5400",
        "price_unit": "G"
      },
      {
        "state": "SA",
        "price": "2700",
        "price_per_unit": "5400",
        "price_unit": "G"
      },
      {
        "state": "TAS",
        "price": "2700",
        "price_per_unit": "5400",
        "price_unit": "G"
      },
      {
        "state": "ACT",
        "price": "2700",
        "price_per_unit": "5400",
        "price_unit": "G"
      },
      {
        "state": "NT",
        "price": "2700",
        "price_per_unit": "5400",
        "price_unit": "G"
      }
    ]
  },
  {
    "source_url": "https://www.woolworths.com.au/shop/productdetails/966792/essano-collagen-boost-serum",
    "name": "Essano Collagen Boost Serum 30ml",
    "image_url": "https://cdn1.woolworths.media/content/wowproductimages/large/966792.jpg",
    "source_id": "Woolworths - 966792",
    "barcode": "9421008702276",
    "category_id": "1_894D0A8",
    "shop": "Woolworths",
    "weight": "100ML",
    "prices": [
      {
        "state": "NSW",
        "price": "3400",
        "price_per_unit": "11333",
        "price_unit": "ML"
      },
      {
        "state": "VIC",
        "price": "3400",
        "price_per_unit": "11333",
        "price_unit": "ML"
      },
      {
        "state": "QLD",
        "price": "3400",
        "price_per_unit": "11333",
        "price_unit": "ML"
      },
      {
        "state": "WA",
        "price": "3400",
        "price_per_unit": "11333",
        "price_unit": "ML"
      },
      {
        "state": "SA",
        "price": "3400",
        "price_per_unit": "11333",
        "price_unit": "ML"
      },
      {
        "state": "TAS",
        "price": "3400",
        "price_per_unit": "11333",
        "price_unit": "ML"
      },
      {
        "state": "ACT",
        "price": "3400",
        "price_per_unit": "11333",
        "price_unit": "ML"
      },
      {
        "state": "NT",
        "price": "3400",
        "price_per_unit": "11333",
        "price_unit": "ML"
      }
    ]
  },
  {
    "source_url": "https://www.woolworths.com.au/shop/productdetails/268651/essano-happy-skin-bounce-water-day-cream",
    "name": "Essano Happy Skin Bounce Water Day Cream 45ml",
    "image_url": "https://cdn1.woolworths.media/content/wowproductimages/large/268651.jpg",
    "source_id": "Woolworths - 268651",
    "barcode": "9421008707875",
    "category_id": "1_894D0A8",
    "shop": "Woolworths",
    "weight": "100ML",
    "prices": [
      {
        "state": "NSW",
        "price": "4000",
        "price_per_unit": "8889",
        "price_unit": "ML"
      },
      {
        "state": "VIC",
        "price": "4000",
        "price_per_unit": "8889",
        "price_unit": "ML"
      },
      {
        "state": "QLD",
        "price": "4000",
        "price_per_unit": "8889",
        "price_unit": "ML"
      },
      {
        "state": "WA",
        "price": "4000",
        "price_per_unit": "8889",
        "price_unit": "ML"
      },
      {
        "state": "SA",
        "price": "4000",
        "price_per_unit": "8889",
        "price_unit": "ML"
      },
      {
        "state": "TAS",
        "price": "4000",
        "price_per_unit": "8889",
        "price_unit": "ML"
      },
      {
        "state": "ACT",
        "price": "4000",
        "price_per_unit": "8889",
        "price_unit": "ML"
      },
      {
        "state": "NT",
        "price": "4000",
        "price_per_unit": "8889",
        "price_unit": "ML"
      }
    ]
  },
  {
    "source_url": "https://www.woolworths.com.au/shop/productdetails/453566/essano-happy-skin-cocoon-rich-night-cream",
    "name": "Essano Happy Skin Cocoon Rich Night Cream 45mL",
    "image_url": "https://cdn1.woolworths.media/content/wowproductimages/large/453566.jpg",
    "source_id": "Woolworths - 453566",
    "barcode": "9421008708414",
    "category_id": "1_894D0A8",
    "shop": "Woolworths",
    "weight": "100ML",
    "prices": [
      {
        "state": "NSW",
        "price": "4000",
        "price_per_unit": "8889",
        "price_unit": "ML"
      },
      {
        "state": "VIC",
        "price": "4000",
        "price_per_unit": "8889",
        "price_unit": "ML"
      },
      {
        "state": "WA",
        "price": "4000",
        "price_per_unit": "8889",
        "price_unit": "ML"
      },
      {
        "state": "SA",
        "price": "4000",
        "price_per_unit": "8889",
        "price_unit": "ML"
      },
      {
        "state": "TAS",
        "price": "4000",
        "price_per_unit": "8889",
        "price_unit": "ML"
      },
      {
        "state": "ACT",
        "price": "4000",
        "price_per_unit": "8889",
        "price_unit": "ML"
      },
      {
        "state": "NT",
        "price": "4000",
        "price_per_unit": "8889",
        "price_unit": "ML"
      }
    ]
  },
  {
    "source_url": "https://www.woolworths.com.au/shop/productdetails/267555/essano-happy-skin-supercharge-glow-serum",
    "name": "Essano Happy Skin Supercharge Glow Serum 30ml",
    "image_url": "https://cdn1.woolworths.media/content/wowproductimages/large/267555.jpg",
    "source_id": "Woolworths - 267555",
    "barcode": "9421008707868",
    "category_id": "1_894D0A8",
    "shop": "Woolworths",
    "weight": "100ML",
    "prices": [
      {
        "state": "NSW",
        "price": "4000",
        "price_per_unit": "13333",
        "price_unit": "ML"
      },
      {
        "state": "VIC",
        "price": "4000",
        "price_per_unit": "13333",
        "price_unit": "ML"
      },
      {
        "state": "WA",
        "price": "4000",
        "price_per_unit": "13333",
        "price_unit": "ML"
      },
      {
        "state": "SA",
        "price": "4000",
        "price_per_unit": "13333",
        "price_unit": "ML"
      },
      {
        "state": "TAS",
        "price": "4000",
        "price_per_unit": "13333",
        "price_unit": "ML"
      },
      {
        "state": "ACT",
        "price": "4000",
        "price_per_unit": "13333",
        "price_unit": "ML"
      }
    ]
  },
  {
    "source_url": "https://www.woolworths.com.au/shop/productdetails/333795/essano-hydration-daily-facial-moisturiser",
    "name": "Essano Hydration+ Daily Facial Moisturiser 100ml",
    "image_url": "https://cdn1.woolworths.media/content/wowproductimages/large/333795.jpg",
    "source_id": "Woolworths - 333795",
    "barcode": "9421008708148",
    "category_id": "1_894D0A8",
    "shop": "Woolworths",
    "weight": "100ML",
    "prices": [
      {
        "state": "NSW",
        "price": "1700",
        "price_per_unit": "1700",
        "price_unit": "ML"
      },
      {
        "state": "VIC",
        "price": "1700",
        "price_per_unit": "1700",
        "price_unit": "ML"
      },
      {
        "state": "QLD",
        "price": "1700",
        "price_per_unit": "1700",
        "price_unit": "ML"
      },
      {
        "state": "WA",
        "price": "1700",
        "price_per_unit": "1700",
        "price_unit": "ML"
      },
      {
        "state": "SA",
        "price": "1700",
        "price_per_unit": "1700",
        "price_unit": "ML"
      },
      {
        "state": "TAS",
        "price": "1700",
        "price_per_unit": "1700",
        "price_unit": "ML"
      },
      {
        "state": "ACT",
        "price": "1700",
        "price_per_unit": "1700",
        "price_unit": "ML"
      },
      {
        "state": "NT",
        "price": "1700",
        "price_per_unit": "1700",
        "price_unit": "ML"
      }
    ]
  },
  {
    "source_url": "https://www.woolworths.com.au/shop/productdetails/453183/essano-hydration-glow-defence-moisturiser",
    "name": "Essano Hydration+ Glow Defence Moisturiser 75mL",
    "image_url": "https://cdn1.woolworths.media/content/wowproductimages/large/453183.jpg",
    "source_id": "Woolworths - 453183",
    "barcode": "9421008708346",
    "category_id": "1_894D0A8",
    "shop": "Woolworths",
    "weight": "100ML",
    "prices": [
      {
        "state": "NSW",
        "price": "2000",
        "price_per_unit": "2667",
        "price_unit": "ML"
      },
      {
        "state": "VIC",
        "price": "2000",
        "price_per_unit": "2667",
        "price_unit": "ML"
      },
      {
        "state": "QLD",
        "price": "2000",
        "price_per_unit": "2667",
        "price_unit": "ML"
      },
      {
        "state": "WA",
        "price": "2000",
        "price_per_unit": "2667",
        "price_unit": "ML"
      },
      {
        "state": "SA",
        "price": "2000",
        "price_per_unit": "2667",
        "price_unit": "ML"
      },
      {
        "state": "TAS",
        "price": "2000",
        "price_per_unit": "2667",
        "price_unit": "ML"
      },
      {
        "state": "ACT",
        "price": "2000",
        "price_per_unit": "2667",
        "price_unit": "ML"
      },
      {
        "state": "NT",
        "price": "2000",
        "price_per_unit": "2667",
        "price_unit": "ML"
      }
    ]
  },
  {
    "source_url": "https://www.woolworths.com.au/shop/productdetails/451134/essano-intense-hydrating-serum-7-hyaluronic-complex-b5",
    "name": "Essano Intense Hydrating Serum 7% Hyaluronic Complex + B5 30mL",
    "image_url": "https://cdn1.woolworths.media/content/wowproductimages/large/451134.jpg",
    "source_id": "Woolworths - 451134",
    "barcode": "9421008708261",
    "category_id": "1_894D0A8",
    "shop": "Woolworths",
    "weight": "100ML",
    "prices": [
      {
        "state": "NSW",
        "price": "3000",
        "price_per_unit": "10000",
        "price_unit": "ML"
      },
      {
        "state": "VIC",
        "price": "3000",
        "price_per_unit": "10000",
        "price_unit": "ML"
      },
      {
        "state": "WA",
        "price": "3000",
        "price_per_unit": "10000",
        "price_unit": "ML"
      },
      {
        "state": "SA",
        "price": "3000",
        "price_per_unit": "10000",
        "price_unit": "ML"
      },
      {
        "state": "TAS",
        "price": "3000",
        "price_per_unit": "10000",
        "price_unit": "ML"
      },
      {
        "state": "ACT",
        "price": "3000",
        "price_per_unit": "10000",
        "price_unit": "ML"
      }
    ]
  },
  {
    "source_url": "https://www.woolworths.com.au/shop/productdetails/265601/essano-needle-free-filler-serum",
    "name": "Essano Needle-Free Filler Serum 20mL",
    "image_url": "https://cdn1.woolworths.media/content/wowproductimages/large/265601.jpg",
    "source_id": "Woolworths - 265601",
    "barcode": "9421008706625",
    "category_id": "1_894D0A8",
    "shop": "Woolworths",
    "weight": "100ML",
    "prices": [
      {
        "state": "NSW",
        "price": "3600",
        "price_per_unit": "18000",
        "price_unit": "ML"
      },
      {
        "state": "VIC",
        "price": "3600",
        "price_per_unit": "18000",
        "price_unit": "ML"
      },
      {
        "state": "WA",
        "price": "3600",
        "price_per_unit": "18000",
        "price_unit": "ML"
      },
      {
        "state": "SA",
        "price": "3600",
        "price_per_unit": "18000",
        "price_unit": "ML"
      },
      {
        "state": "TAS",
        "price": "3600",
        "price_per_unit": "18000",
        "price_unit": "ML"
      },
      {
        "state": "ACT",
        "price": "3600",
        "price_per_unit": "18000",
        "price_unit": "ML"
      }
    ]
  },
  {
    "source_url": "https://www.woolworths.com.au/shop/productdetails/772384/essano-rosehip-oil-certified-organic",
    "name": "Essano Rosehip Oil Certified Organic 20ml",
    "image_url": "https://cdn1.woolworths.media/content/wowproductimages/large/772384.jpg",
    "source_id": "Woolworths - 772384",
    "barcode": "9421008702016",
    "category_id": "1_894D0A8",
    "shop": "Woolworths",
    "weight": "100ML",
    "prices": [
      {
        "state": "NSW",
        "price": "2400",
        "price_per_unit": "12000",
        "price_unit": "ML"
      },
      {
        "state": "VIC",
        "price": "2400",
        "price_per_unit": "12000",
        "price_unit": "ML"
      },
      {
        "state": "QLD",
        "price": "2400",
        "price_per_unit": "12000",
        "price_unit": "ML"
      },
      {
        "state": "WA",
        "price": "2400",
        "price_per_unit": "12000",
        "price_unit": "ML"
      },
      {
        "state": "SA",
        "price": "2400",
        "price_per_unit": "12000",
        "price_unit": "ML"
      },
      {
        "state": "TAS",
        "price": "2400",
        "price_per_unit": "12000",
        "price_unit": "ML"
      },
      {
        "state": "NT",
        "price": "2400",
        "price_per_unit": "12000",
        "price_unit": "ML"
      }
    ]
  },
  {
    "source_url": "https://www.woolworths.com.au/shop/productdetails/74599/essano-vitamin-c-brightening-spf15-moisturiser",
    "name": "Essano Vitamin c Brightening Spf15 Moisturiser 75ml",
    "image_url": "https://cdn1.woolworths.media/content/wowproductimages/large/074599.jpg",
    "source_id": "Woolworths - 74599",
    "barcode": "9421008705932",
    "category_id": "1_894D0A8",
    "shop": "Woolworths",
    "weight": "100ML",
    "prices": [
      {
        "state": "NSW",
        "price": "2000",
        "price_per_unit": "2667",
        "price_unit": "ML"
      },
      {
        "state": "VIC",
        "price": "2000",
        "price_per_unit": "2667",
        "price_unit": "ML"
      },
      {
        "state": "QLD",
        "price": "2000",
        "price_per_unit": "2667",
        "price_unit": "ML"
      },
      {
        "state": "WA",
        "price": "2000",
        "price_per_unit": "2667",
        "price_unit": "ML"
      },
      {
        "state": "SA",
        "price": "2000",
        "price_per_unit": "2667",
        "price_unit": "ML"
      },
      {
        "state": "TAS",
        "price": "2000",
        "price_per_unit": "2667",
        "price_unit": "ML"
      },
      {
        "state": "ACT",
        "price": "2000",
        "price_per_unit": "2667",
        "price_unit": "ML"
      },
      {
        "state": "NT",
        "price": "2000",
        "price_per_unit": "2667",
        "price_unit": "ML"
      }
    ]
  },
  {
    "source_url": "https://www.woolworths.com.au/shop/productdetails/206056/essano-vitamin-c-super-glow-facial-oil",
    "name": "Essano Vitamin c Super Glow Facial Oil 20ml",
    "image_url": "https://cdn1.woolworths.media/content/wowproductimages/large/206056.jpg",
    "source_id": "Woolworths - 206056",
    "barcode": "9421008706595",
    "category_id": "1_894D0A8",
    "shop": "Woolworths",
    "weight": "100ML",
    "prices": [
      {
        "state": "NSW",
        "price": "3000",
        "price_per_unit": "15000",
        "price_unit": "ML"
      },
      {
        "state": "VIC",
        "price": "3000",
        "price_per_unit": "15000",
        "price_unit": "ML"
      },
      {
        "state": "QLD",
        "price": "3000",
        "price_per_unit": "15000",
        "price_unit": "ML"
      },
      {
        "state": "WA",
        "price": "3000",
        "price_per_unit": "15000",
        "price_unit": "ML"
      },
      {
        "state": "SA",
        "price": "3000",
        "price_per_unit": "15000",
        "price_unit": "ML"
      },
      {
        "state": "TAS",
        "price": "3000",
        "price_per_unit": "15000",
        "price_unit": "ML"
      },
      {
        "state": "ACT",
        "price": "3000",
        "price_per_unit": "15000",
        "price_unit": "ML"
      },
      {
        "state": "NT",
        "price": "3000",
        "price_per_unit": "15000",
        "price_unit": "ML"
      }
    ]
  },
  {
    "source_url": "https://www.woolworths.com.au/shop/productdetails/454606/frula-hyaluronic-peptide-hydrating-face-serum",
    "name": "Frula Hyaluronic Peptide Hydrating Face Serum 30mL",
    "image_url": "https://cdn1.woolworths.media/content/wowproductimages/large/454606.jpg",
    "source_id": "Woolworths - 454606",
    "barcode": "9421907883007",
    "category_id": "1_894D0A8",
    "shop": "Woolworths",
    "weight": "100ML",
    "prices": [
      {
        "state": "NSW",
        "price": "2500",
        "price_per_unit": "8333",
        "price_unit": "ML"
      },
      {
        "state": "VIC",
        "price": "2500",
        "price_per_unit": "8333",
        "price_unit": "ML"
      },
      {
        "state": "WA",
        "price": "2500",
        "price_per_unit": "8333",
        "price_unit": "ML"
      },
      {
        "state": "SA",
        "price": "2500",
        "price_per_unit": "8333",
        "price_unit": "ML"
      },
      {
        "state": "TAS",
        "price": "2500",
        "price_per_unit": "8333",
        "price_unit": "ML"
      },
      {
        "state": "ACT",
        "price": "2500",
        "price_per_unit": "8333",
        "price_unit": "ML"
      },
      {
        "state": "NT",
        "price": "2500",
        "price_per_unit": "8333",
        "price_unit": "ML"
      }
    ]
  },
  {
    "source_url": "https://www.woolworths.com.au/shop/productdetails/232131/frula-hyaluronic-super-hydrating-face-moisturiser",
    "name": "Frula Hyaluronic Super Hydrating Face Moisturiser 100mL",
    "image_url": "https://cdn1.woolworths.media/content/wowproductimages/large/232131.jpg",
    "source_id": "Woolworths - 232131",
    "barcode": "9421906990294",
    "category_id": "1_894D0A8",
    "shop": "Woolworths",
    "weight": "100ML",
    "prices": [
      {
        "state": "NSW",
        "price": "1400",
        "price_per_unit": "1400",
        "price_unit": "ML"
      },
      {
        "state": "VIC",
        "price": "1400",
        "price_per_unit": "1400",
        "price_unit": "ML"
      },
      {
        "state": "QLD",
        "price": "1400",
        "price_per_unit": "1400",
        "price_unit": "ML"
      },
      {
        "state": "WA",
        "price": "1400",
        "price_per_unit": "1400",
        "price_unit": "ML"
      },
      {
        "state": "SA",
        "price": "1400",
        "price_per_unit": "1400",
        "price_unit": "ML"
      },
      {
        "state": "TAS",
        "price": "1400",
        "price_per_unit": "1400",
        "price_unit": "ML"
      },
      {
        "state": "ACT",
        "price": "1400",
        "price_per_unit": "1400",
        "price_unit": "ML"
      },
      {
        "state": "NT",
        "price": "1400",
        "price_per_unit": "1400",
        "price_unit": "ML"
      }
    ]
  },
  {
    "source_url": "https://www.woolworths.com.au/shop/productdetails/256989/garnier-skin-active-anti-blemish-charcoal-serum",
    "name": "Garnier Skin Active Anti Blemish Charcoal Serum 30mL",
    "image_url": "https://cdn1.woolworths.media/content/wowproductimages/large/256989.jpg",
    "source_id": "Woolworths - 256989",
    "barcode": "3600542513241",
    "category_id": "1_894D0A8",
    "shop": "Woolworths",
    "weight": "100ML",
    "prices": [
      {
        "state": "NSW",
        "price": "3700",
        "price_per_unit": "12333",
        "price_unit": "ML"
      },
      {
        "state": "VIC",
        "price": "3700",
        "price_per_unit": "12333",
        "price_unit": "ML"
      },
      {
        "state": "WA",
        "price": "3700",
        "price_per_unit": "12333",
        "price_unit": "ML"
      },
      {
        "state": "SA",
        "price": "3700",
        "price_per_unit": "12333",
        "price_unit": "ML"
      },
      {
        "state": "TAS",
        "price": "3700",
        "price_per_unit": "12333",
        "price_unit": "ML"
      },
      {
        "state": "ACT",
        "price": "3700",
        "price_per_unit": "12333",
        "price_unit": "ML"
      }
    ]
  },
  {
    "source_url": "https://www.woolworths.com.au/shop/productdetails/165484/garnier-skin-active-bb-cream-all-in-1-spf50-medium",
    "name": "Garnier Skin Active BB Cream All-In-1 SPF50 Medium 50mL",
    "image_url": "https://cdn1.woolworths.media/content/wowproductimages/large/165484.jpg",
    "source_id": "Woolworths - 165484",
    "barcode": "3600542417723",
    "category_id": "1_894D0A8",
    "shop": "Woolworths",
    "weight": "100ML",
    "prices": [
      {
        "state": "NSW",
        "price": "1700",
        "price_per_unit": "3400",
        "price_unit": "ML"
      },
      {
        "state": "VIC",
        "price": "1700",
        "price_per_unit": "3400",
        "price_unit": "ML"
      },
      {
        "state": "QLD",
        "price": "1700",
        "price_per_unit": "3400",
        "price_unit": "ML"
      },
      {
        "state": "WA",
        "price": "1700",
        "price_per_unit": "3400",
        "price_unit": "ML"
      },
      {
        "state": "SA",
        "price": "1700",
        "price_per_unit": "3400",
        "price_unit": "ML"
      },
      {
        "state": "TAS",
        "price": "1700",
        "price_per_unit": "3400",
        "price_unit": "ML"
      },
      {
        "state": "ACT",
        "price": "1700",
        "price_per_unit": "3400",
        "price_unit": "ML"
      },
      {
        "state": "NT",
        "price": "1700",
        "price_per_unit": "3400",
        "price_unit": "ML"
      }
    ]
  },
  {
    "source_url": "https://www.woolworths.com.au/shop/productdetails/165487/garnier-skin-active-bb-cream-anti-age-light",
    "name": "Garnier Skin Active BB Cream Anti Age Light 50mL",
    "image_url": "https://cdn1.woolworths.media/content/wowproductimages/large/165487.jpg",
    "source_id": "Woolworths - 165487",
    "barcode": "3600542422154",
    "category_id": "1_894D0A8",
    "shop": "Woolworths",
    "weight": "100ML",
    "prices": [
      {
        "state": "NSW",
        "price": "1700",
        "price_per_unit": "3400",
        "price_unit": "ML"
      },
      {
        "state": "VIC",
        "price": "1700",
        "price_per_unit": "3400",
        "price_unit": "ML"
      },
      {
        "state": "QLD",
        "price": "1700",
        "price_per_unit": "3400",
        "price_unit": "ML"
      },
      {
        "state": "WA",
        "price": "1700",
        "price_per_unit": "3400",
        "price_unit": "ML"
      },
      {
        "state": "SA",
        "price": "1700",
        "price_per_unit": "3400",
        "price_unit": "ML"
      },
      {
        "state": "TAS",
        "price": "1700",
        "price_per_unit": "3400",
        "price_unit": "ML"
      },
      {
        "state": "ACT",
        "price": "1700",
        "price_per_unit": "3400",
        "price_unit": "ML"
      },
      {
        "state": "NT",
        "price": "1700",
        "price_per_unit": "3400",
        "price_unit": "ML"
      }
    ]
  },
  {
    "source_url": "https://www.woolworths.com.au/shop/productdetails/165489/garnier-skin-active-bb-cream-anti-age-medium",
    "name": "Garnier Skin Active BB Cream Anti Age Medium 50mL",
    "image_url": "https://cdn1.woolworths.media/content/wowproductimages/large/165489.jpg",
    "source_id": "Woolworths - 165489",
    "barcode": "3600542422161",
    "category_id": "1_894D0A8",
    "shop": "Woolworths",
    "weight": "100ML",
    "prices": [
      {
        "state": "NSW",
        "price": "1700",
        "price_per_unit": "3400",
        "price_unit": "ML"
      },
      {
        "state": "VIC",
        "price": "1700",
        "price_per_unit": "3400",
        "price_unit": "ML"
      },
      {
        "state": "QLD",
        "price": "1700",
        "price_per_unit": "3400",
        "price_unit": "ML"
      },
      {
        "state": "WA",
        "price": "1700",
        "price_per_unit": "3400",
        "price_unit": "ML"
      },
      {
        "state": "SA",
        "price": "1700",
        "price_per_unit": "3400",
        "price_unit": "ML"
      },
      {
        "state": "TAS",
        "price": "1700",
        "price_per_unit": "3400",
        "price_unit": "ML"
      },
      {
        "state": "ACT",
        "price": "1700",
        "price_per_unit": "3400",
        "price_unit": "ML"
      },
      {
        "state": "NT",
        "price": "1700",
        "price_per_unit": "3400",
        "price_unit": "ML"
      }
    ]
  },
  {
    "source_url": "https://www.woolworths.com.au/shop/productdetails/165486/garnier-skin-active-bb-cream-classic-medium",
    "name": "Garnier Skin Active BB Cream Classic Medium 50mL",
    "image_url": "https://cdn1.woolworths.media/content/wowproductimages/large/165486.jpg",
    "source_id": "Woolworths - 165486",
    "barcode": "3600542422185",
    "category_id": "1_894D0A8",
    "shop": "Woolworths",
    "weight": "100ML",
    "prices": [
      {
        "state": "NSW",
        "price": "1700",
        "price_per_unit": "3400",
        "price_unit": "ML"
      },
      {
        "state": "VIC",
        "price": "1700",
        "price_per_unit": "3400",
        "price_unit": "ML"
      },
      {
        "state": "WA",
        "price": "1700",
        "price_per_unit": "3400",
        "price_unit": "ML"
      },
      {
        "state": "SA",
        "price": "1700",
        "price_per_unit": "3400",
        "price_unit": "ML"
      },
      {
        "state": "TAS",
        "price": "1700",
        "price_per_unit": "3400",
        "price_unit": "ML"
      },
      {
        "state": "ACT",
        "price": "1700",
        "price_per_unit": "3400",
        "price_unit": "ML"
      },
      {
        "state": "NT",
        "price": "1700",
        "price_per_unit": "3400",
        "price_unit": "ML"
      }
    ]
  },
  {
    "source_url": "https://www.woolworths.com.au/shop/productdetails/256986/garnier-skin-active-hyaluronic-aloe-replumping-serum",
    "name": "Garnier Skin Active Hyaluronic Aloe Replumping Serum 30mL",
    "image_url": "https://cdn1.woolworths.media/content/wowproductimages/large/256986.jpg",
    "source_id": "Woolworths - 256986",
    "barcode": "3600542500449",
    "category_id": "1_894D0A8",
    "shop": "Woolworths",
    "weight": "100ML",
    "prices": [
      {
        "state": "NSW",
        "price": "3700",
        "price_per_unit": "12333",
        "price_unit": "ML"
      },
      {
        "state": "VIC",
        "price": "3700",
        "price_per_unit": "12333",
        "price_unit": "ML"
      },
      {
        "state": "WA",
        "price": "3700",
        "price_per_unit": "12333",
        "price_unit": "ML"
      },
      {
        "state": "SA",
        "price": "3700",
        "price_per_unit": "12333",
        "price_unit": "ML"
      },
      {
        "state": "TAS",
        "price": "3700",
        "price_per_unit": "12333",
        "price_unit": "ML"
      },
      {
        "state": "ACT",
        "price": "3700",
        "price_per_unit": "12333",
        "price_unit": "ML"
      },
      {
        "state": "NT",
        "price": "3700",
        "price_per_unit": "12333",
        "price_unit": "ML"
      }
    ]
  },
  {
    "source_url": "https://www.woolworths.com.au/shop/productdetails/316676/garnier-skin-active-vitamin-c-brightening-night-serum",
    "name": "Garnier Skin Active Vitamin C Brightening Night Serum 30mL",
    "image_url": "https://cdn1.woolworths.media/content/wowproductimages/large/316676.jpg",
    "source_id": "Woolworths - 316676",
    "barcode": "3600542541411",
    "category_id": "1_894D0A8",
    "shop": "Woolworths",
    "weight": "100ML",
    "prices": [
      {
        "state": "NSW",
        "price": "4000",
        "price_per_unit": "13333",
        "price_unit": "ML"
      },
      {
        "state": "VIC",
        "price": "4000",
        "price_per_unit": "13333",
        "price_unit": "ML"
      },
      {
        "state": "QLD",
        "price": "4000",
        "price_per_unit": "13333",
        "price_unit": "ML"
      },
      {
        "state": "WA",
        "price": "4000",
        "price_per_unit": "13333",
        "price_unit": "ML"
      },
      {
        "state": "SA",
        "price": "4000",
        "price_per_unit": "13333",
        "price_unit": "ML"
      },
      {
        "state": "TAS",
        "price": "4000",
        "price_per_unit": "13333",
        "price_unit": "ML"
      },
      {
        "state": "ACT",
        "price": "4000",
        "price_per_unit": "13333",
        "price_unit": "ML"
      },
      {
        "state": "NT",
        "price": "4000",
        "price_per_unit": "13333",
        "price_unit": "ML"
      }
    ]
  },
  {
    "source_url": "https://www.woolworths.com.au/shop/productdetails/950063/garnier-skin-active-vitamin-c-brightening-serum",
    "name": "Garnier Skin Active Vitamin C Brightening Serum 15ml",
    "image_url": "https://cdn1.woolworths.media/content/wowproductimages/large/950063.jpg",
    "source_id": "Woolworths - 950063",
    "barcode": "8994993023592",
    "category_id": "1_894D0A8",
    "shop": "Woolworths",
    "weight": "100ML",
    "prices": [
      {
        "state": "NSW",
        "price": "2200",
        "price_per_unit": "14667",
        "price_unit": "ML"
      },
      {
        "state": "VIC",
        "price": "2200",
        "price_per_unit": "14667",
        "price_unit": "ML"
      },
      {
        "state": "QLD",
        "price": "2200",
        "price_per_unit": "14667",
        "price_unit": "ML"
      },
      {
        "state": "WA",
        "price": "2200",
        "price_per_unit": "14667",
        "price_unit": "ML"
      },
      {
        "state": "SA",
        "price": "2200",
        "price_per_unit": "14667",
        "price_unit": "ML"
      },
      {
        "state": "TAS",
        "price": "2200",
        "price_per_unit": "14667",
        "price_unit": "ML"
      },
      {
        "state": "ACT",
        "price": "2200",
        "price_per_unit": "14667",
        "price_unit": "ML"
      },
      {
        "state": "NT",
        "price": "2200",
        "price_per_unit": "14667",
        "price_unit": "ML"
      }
    ]
  },
  {
    "source_url": "https://www.woolworths.com.au/shop/productdetails/196590/garnier-skin-active-vitamin-c-brightening-serum",
    "name": "Garnier Skin Active Vitamin C Brightening Serum 30mL",
    "image_url": "https://cdn1.woolworths.media/content/wowproductimages/large/196590.jpg",
    "source_id": "Woolworths - 196590",
    "barcode": "3600542433266",
    "category_id": "1_894D0A8",
    "shop": "Woolworths",
    "weight": "100ML",
    "prices": [
      {
        "state": "NSW",
        "price": "3700",
        "price_per_unit": "12333",
        "price_unit": "ML"
      },
      {
        "state": "VIC",
        "price": "3700",
        "price_per_unit": "12333",
        "price_unit": "ML"
      },
      {
        "state": "QLD",
        "price": "3700",
        "price_per_unit": "12333",
        "price_unit": "ML"
      },
      {
        "state": "WA",
        "price": "3700",
        "price_per_unit": "12333",
        "price_unit": "ML"
      },
      {
        "state": "SA",
        "price": "3700",
        "price_per_unit": "12333",
        "price_unit": "ML"
      },
      {
        "state": "TAS",
        "price": "3700",
        "price_per_unit": "12333",
        "price_unit": "ML"
      },
      {
        "state": "ACT",
        "price": "3700",
        "price_per_unit": "12333",
        "price_unit": "ML"
      },
      {
        "state": "NT",
        "price": "3700",
        "price_per_unit": "12333",
        "price_unit": "ML"
      }
    ]
  },
  {
    "source_url": "https://www.woolworths.com.au/shop/productdetails/944639/garnier-skin-active-vitamin-c-daily-uv-brightening-fluid-glow",
    "name": "Garnier Skin Active Vitamin C Daily UV Brightening Fluid Glow 40mL",
    "image_url": "https://cdn1.woolworths.media/content/wowproductimages/large/944639.jpg",
    "source_id": "Woolworths - 944639",
    "barcode": "3600542630528",
    "category_id": "1_894D0A8",
    "shop": "Woolworths",
    "weight": "100ML",
    "prices": [
      {
        "state": "NSW",
        "price": "3000",
        "price_per_unit": "7500",
        "price_unit": "ML"
      },
      {
        "state": "VIC",
        "price": "3000",
        "price_per_unit": "7500",
        "price_unit": "ML"
      },
      {
        "state": "QLD",
        "price": "3000",
        "price_per_unit": "7500",
        "price_unit": "ML"
      },
      {
        "state": "WA",
        "price": "3000",
        "price_per_unit": "7500",
        "price_unit": "ML"
      },
      {
        "state": "SA",
        "price": "3000",
        "price_per_unit": "7500",
        "price_unit": "ML"
      },
      {
        "state": "TAS",
        "price": "3000",
        "price_per_unit": "7500",
        "price_unit": "ML"
      },
      {
        "state": "ACT",
        "price": "3000",
        "price_per_unit": "7500",
        "price_unit": "ML"
      },
      {
        "state": "NT",
        "price": "3000",
        "price_per_unit": "7500",
        "price_unit": "ML"
      }
    ]
  },
  {
    "source_url": "https://www.woolworths.com.au/shop/productdetails/267110/garnier-vitamin-c-day-cream",
    "name": "Garnier Vitamin c Day Cream 50ml",
    "image_url": "https://cdn1.woolworths.media/content/wowproductimages/large/267110.jpg",
    "source_id": "Woolworths - 267110",
    "barcode": "3600542537940",
    "category_id": "1_894D0A8",
    "shop": "Woolworths",
    "weight": "100ML",
    "prices": [
      {
        "state": "NSW",
        "price": "3000",
        "price_per_unit": "6000",
        "price_unit": "ML"
      },
      {
        "state": "VIC",
        "price": "3000",
        "price_per_unit": "6000",
        "price_unit": "ML"
      },
      {
        "state": "QLD",
        "price": "3000",
        "price_per_unit": "6000",
        "price_unit": "ML"
      },
      {
        "state": "WA",
        "price": "3000",
        "price_per_unit": "6000",
        "price_unit": "ML"
      },
      {
        "state": "SA",
        "price": "3000",
        "price_per_unit": "6000",
        "price_unit": "ML"
      },
      {
        "state": "TAS",
        "price": "3000",
        "price_per_unit": "6000",
        "price_unit": "ML"
      },
      {
        "state": "ACT",
        "price": "3000",
        "price_per_unit": "6000",
        "price_unit": "ML"
      },
      {
        "state": "NT",
        "price": "3000",
        "price_per_unit": "6000",
        "price_unit": "ML"
      }
    ]
  },
  {
    "source_url": "https://www.woolworths.com.au/shop/productdetails/662677/glow-lab-moisturiser",
    "name": "Glow Lab Moisturiser 100ml",
    "image_url": "https://cdn1.woolworths.media/content/wowproductimages/large/662677.jpg",
    "source_id": "Woolworths - 662677",
    "barcode": "9421027311909",
    "category_id": "1_894D0A8",
    "shop": "Woolworths",
    "weight": "100ML",
    "prices": [
      {
        "state": "NSW",
        "price": "1600",
        "price_per_unit": "1600",
        "price_unit": "ML"
      },
      {
        "state": "VIC",
        "price": "1600",
        "price_per_unit": "1600",
        "price_unit": "ML"
      },
      {
        "state": "QLD",
        "price": "1600",
        "price_per_unit": "1600",
        "price_unit": "ML"
      },
      {
        "state": "WA",
        "price": "1600",
        "price_per_unit": "1600",
        "price_unit": "ML"
      },
      {
        "state": "SA",
        "price": "1600",
        "price_per_unit": "1600",
        "price_unit": "ML"
      },
      {
        "state": "TAS",
        "price": "1600",
        "price_per_unit": "1600",
        "price_unit": "ML"
      },
      {
        "state": "ACT",
        "price": "1600",
        "price_per_unit": "1600",
        "price_unit": "ML"
      },
      {
        "state": "NT",
        "price": "1600",
        "price_per_unit": "1600",
        "price_unit": "ML"
      }
    ]
  },
  {
    "source_url": "https://www.woolworths.com.au/shop/productdetails/764395/l-oreal-paris-age-perfect-cell-renewal-day-cream-spf15",
    "name": "L'Oreal Paris Age Perfect Cell Renewal Day Cream SPF15 50ml",
    "image_url": "https://cdn1.woolworths.media/content/wowproductimages/large/764395.jpg",
    "source_id": "Woolworths - 764395",
    "barcode": "3600522323372",
    "category_id": "1_894D0A8",
    "shop": "Woolworths",
    "weight": "100ML",
    "prices": [
      {
        "state": "NSW",
        "price": "5500",
        "price_per_unit": "11000",
        "price_unit": "ML"
      },
      {
        "state": "VIC",
        "price": "5500",
        "price_per_unit": "11000",
        "price_unit": "ML"
      },
      {
        "state": "QLD",
        "price": "5500",
        "price_per_unit": "11000",
        "price_unit": "ML"
      },
      {
        "state": "WA",
        "price": "5500",
        "price_per_unit": "11000",
        "price_unit": "ML"
      },
      {
        "state": "SA",
        "price": "5500",
        "price_per_unit": "11000",
        "price_unit": "ML"
      },
      {
        "state": "TAS",
        "price": "5500",
        "price_per_unit": "11000",
        "price_unit": "ML"
      },
      {
        "state": "ACT",
        "price": "5500",
        "price_per_unit": "11000",
        "price_unit": "ML"
      },
      {
        "state": "NT",
        "price": "5500",
        "price_per_unit": "11000",
        "price_unit": "ML"
      }
    ]
  },
  {
    "source_url": "https://www.woolworths.com.au/shop/productdetails/205131/l-oreal-paris-age-perfect-cell-renewal-midnight-serum",
    "name": "L'Oreal Paris Age Perfect Cell Renewal Midnight Serum 30ml",
    "image_url": "https://cdn1.woolworths.media/content/wowproductimages/large/205131.jpg",
    "source_id": "Woolworths - 205131",
    "barcode": "3600524012595",
    "category_id": "1_894D0A8",
    "shop": "Woolworths",
    "weight": "100ML",
    "prices": [
      {
        "state": "NSW",
        "price": "6000",
        "price_per_unit": "20000",
        "price_unit": "ML"
      },
      {
        "state": "VIC",
        "price": "6000",
        "price_per_unit": "20000",
        "price_unit": "ML"
      },
      {
        "state": "QLD",
        "price": "6000",
        "price_per_unit": "20000",
        "price_unit": "ML"
      },
      {
        "state": "WA",
        "price": "6000",
        "price_per_unit": "20000",
        "price_unit": "ML"
      },
      {
        "state": "SA",
        "price": "6000",
        "price_per_unit": "20000",
        "price_unit": "ML"
      },
      {
        "state": "TAS",
        "price": "6000",
        "price_per_unit": "20000",
        "price_unit": "ML"
      },
      {
        "state": "ACT",
        "price": "6000",
        "price_per_unit": "20000",
        "price_unit": "ML"
      },
      {
        "state": "NT",
        "price": "6000",
        "price_per_unit": "20000",
        "price_unit": "ML"
      }
    ]
  },
  {
    "source_url": "https://www.woolworths.com.au/shop/productdetails/764348/l-oreal-paris-age-perfect-cell-renewal-night-cream",
    "name": "L'Oreal Paris Age Perfect Cell Renewal Night Cream 50mL",
    "image_url": "https://cdn1.woolworths.media/content/wowproductimages/large/764348.jpg",
    "source_id": "Woolworths - 764348",
    "barcode": "3600522323389",
    "category_id": "1_894D0A8",
    "shop": "Woolworths",
    "weight": "100ML",
    "prices": [
      {
        "state": "NSW",
        "price": "5500",
        "price_per_unit": "11000",
        "price_unit": "ML"
      },
      {
        "state": "VIC",
        "price": "5500",
        "price_per_unit": "11000",
        "price_unit": "ML"
      },
      {
        "state": "QLD",
        "price": "5500",
        "price_per_unit": "11000",
        "price_unit": "ML"
      },
      {
        "state": "WA",
        "price": "5500",
        "price_per_unit": "11000",
        "price_unit": "ML"
      },
      {
        "state": "SA",
        "price": "5500",
        "price_per_unit": "11000",
        "price_unit": "ML"
      },
      {
        "state": "TAS",
        "price": "5500",
        "price_per_unit": "11000",
        "price_unit": "ML"
      },
      {
        "state": "ACT",
        "price": "5500",
        "price_per_unit": "11000",
        "price_unit": "ML"
      },
      {
        "state": "NT",
        "price": "5500",
        "price_per_unit": "11000",
        "price_unit": "ML"
      }
    ]
  },
  {
    "source_url": "https://www.woolworths.com.au/shop/productdetails/188343/l-oreal-paris-age-perfect-day-cream",
    "name": "L'Oreal Paris Age Perfect Day Cream 50mL",
    "image_url": "https://cdn1.woolworths.media/content/wowproductimages/large/188343.jpg",
    "source_id": "Woolworths - 188343",
    "barcode": "9312825697220",
    "category_id": "1_894D0A8",
    "shop": "Woolworths",
    "weight": "100ML",
    "prices": [
      {
        "state": "NSW",
        "price": "4000",
        "price_per_unit": "8000",
        "price_unit": "ML"
      },
      {
        "state": "VIC",
        "price": "4000",
        "price_per_unit": "8000",
        "price_unit": "ML"
      },
      {
        "state": "QLD",
        "price": "4000",
        "price_per_unit": "8000",
        "price_unit": "ML"
      },
      {
        "state": "WA",
        "price": "4000",
        "price_per_unit": "8000",
        "price_unit": "ML"
      },
      {
        "state": "SA",
        "price": "4000",
        "price_per_unit": "8000",
        "price_unit": "ML"
      },
      {
        "state": "TAS",
        "price": "4000",
        "price_per_unit": "8000",
        "price_unit": "ML"
      },
      {
        "state": "ACT",
        "price": "4000",
        "price_per_unit": "8000",
        "price_unit": "ML"
      },
      {
        "state": "NT",
        "price": "4000",
        "price_per_unit": "8000",
        "price_unit": "ML"
      }
    ]
  },
  {
    "source_url": "https://www.woolworths.com.au/shop/productdetails/506517/l-oreal-paris-age-perfect-golden-age-rosy-day-cream",
    "name": "L'Oreal Paris Age Perfect Golden Age Rosy Day Cream 50mL",
    "image_url": "https://cdn1.woolworths.media/content/wowproductimages/large/506517.jpg",
    "source_id": "Woolworths - 506517",
    "barcode": "3600523216475",
    "category_id": "1_894D0A8",
    "shop": "Woolworths",
    "weight": "100ML",
    "prices": [
      {
        "state": "NSW",
        "price": "4000",
        "price_per_unit": "8000",
        "price_unit": "ML"
      },
      {
        "state": "VIC",
        "price": "4000",
        "price_per_unit": "8000",
        "price_unit": "ML"
      },
      {
        "state": "QLD",
        "price": "4000",
        "price_per_unit": "8000",
        "price_unit": "ML"
      },
      {
        "state": "WA",
        "price": "4000",
        "price_per_unit": "8000",
        "price_unit": "ML"
      },
      {
        "state": "SA",
        "price": "4000",
        "price_per_unit": "8000",
        "price_unit": "ML"
      },
      {
        "state": "TAS",
        "price": "4000",
        "price_per_unit": "8000",
        "price_unit": "ML"
      },
      {
        "state": "ACT",
        "price": "4000",
        "price_per_unit": "8000",
        "price_unit": "ML"
      },
      {
        "state": "NT",
        "price": "4000",
        "price_per_unit": "8000",
        "price_unit": "ML"
      }
    ]
  },
  {
    "source_url": "https://www.woolworths.com.au/shop/productdetails/506519/l-oreal-paris-age-perfect-golden-age-rosy-night-cream",
    "name": "L'Oreal Paris Age Perfect Golden Age Rosy Night Cream 50mL",
    "image_url": "https://cdn1.woolworths.media/content/wowproductimages/large/506519.jpg",
    "source_id": "Woolworths - 506519",
    "barcode": "3600523242610",
    "category_id": "1_894D0A8",
    "shop": "Woolworths",
    "weight": "100ML",
    "prices": [
      {
        "state": "NSW",
        "price": "4000",
        "price_per_unit": "8000",
        "price_unit": "ML"
      },
      {
        "state": "VIC",
        "price": "4000",
        "price_per_unit": "8000",
        "price_unit": "ML"
      },
      {
        "state": "QLD",
        "price": "4000",
        "price_per_unit": "8000",
        "price_unit": "ML"
      },
      {
        "state": "WA",
        "price": "4000",
        "price_per_unit": "8000",
        "price_unit": "ML"
      },
      {
        "state": "SA",
        "price": "4000",
        "price_per_unit": "8000",
        "price_unit": "ML"
      },
      {
        "state": "TAS",
        "price": "4000",
        "price_per_unit": "8000",
        "price_unit": "ML"
      },
      {
        "state": "ACT",
        "price": "4000",
        "price_per_unit": "8000",
        "price_unit": "ML"
      },
      {
        "state": "NT",
        "price": "4200",
        "price_per_unit": "8400",
        "price_unit": "ML"
      }
    ]
  },
  {
    "source_url": "https://www.woolworths.com.au/shop/productdetails/187658/l-oreal-paris-age-perfect-night-cream",
    "name": "L'Oreal Paris Age Perfect Night Cream 50mL",
    "image_url": "https://cdn1.woolworths.media/content/wowproductimages/large/187658.jpg",
    "source_id": "Woolworths - 187658",
    "barcode": "9312825697251",
    "category_id": "1_894D0A8",
    "shop": "Woolworths",
    "weight": "100ML",
    "prices": [
      {
        "state": "NSW",
        "price": "4000",
        "price_per_unit": "8000",
        "price_unit": "ML"
      },
      {
        "state": "VIC",
        "price": "4000",
        "price_per_unit": "8000",
        "price_unit": "ML"
      },
      {
        "state": "QLD",
        "price": "4000",
        "price_per_unit": "8000",
        "price_unit": "ML"
      },
      {
        "state": "WA",
        "price": "4000",
        "price_per_unit": "8000",
        "price_unit": "ML"
      },
      {
        "state": "SA",
        "price": "4000",
        "price_per_unit": "8000",
        "price_unit": "ML"
      },
      {
        "state": "TAS",
        "price": "4000",
        "price_per_unit": "8000",
        "price_unit": "ML"
      },
      {
        "state": "ACT",
        "price": "4000",
        "price_per_unit": "8000",
        "price_unit": "ML"
      },
      {
        "state": "NT",
        "price": "4000",
        "price_per_unit": "8000",
        "price_unit": "ML"
      }
    ]
  },
  {
    "source_url": "https://www.woolworths.com.au/shop/productdetails/443268/l-oreal-paris-bright-reveal-dark-spot-serum",
    "name": "L'Oreal Paris Bright Reveal Dark Spot Serum 30mL",
    "image_url": "https://cdn1.woolworths.media/content/wowproductimages/large/443268.jpg",
    "source_id": "Woolworths - 443268",
    "barcode": "3600524119881",
    "category_id": "1_894D0A8",
    "shop": "Woolworths",
    "weight": "100ML",
    "prices": [
      {
        "state": "NSW",
        "price": "6000",
        "price_per_unit": "20000",
        "price_unit": "ML"
      },
      {
        "state": "VIC",
        "price": "6000",
        "price_per_unit": "20000",
        "price_unit": "ML"
      },
      {
        "state": "QLD",
        "price": "6000",
        "price_per_unit": "20000",
        "price_unit": "ML"
      },
      {
        "state": "WA",
        "price": "6000",
        "price_per_unit": "20000",
        "price_unit": "ML"
      },
      {
        "state": "SA",
        "price": "6000",
        "price_per_unit": "20000",
        "price_unit": "ML"
      },
      {
        "state": "TAS",
        "price": "6000",
        "price_per_unit": "20000",
        "price_unit": "ML"
      },
      {
        "state": "ACT",
        "price": "6000",
        "price_per_unit": "20000",
        "price_unit": "ML"
      },
      {
        "state": "NT",
        "price": "6000",
        "price_per_unit": "20000",
        "price_unit": "ML"
      }
    ]
  },
  {
    "source_url": "https://www.woolworths.com.au/shop/productdetails/267124/l-oreal-paris-revitalift-clinical-12-vitamin-c-serum",
    "name": "L'Oreal Paris Revitalift Clinical 12% Vitamin C Serum 30ml",
    "image_url": "https://cdn1.woolworths.media/content/wowproductimages/large/267124.jpg",
    "source_id": "Woolworths - 267124",
    "barcode": "3600524070212",
    "category_id": "1_894D0A8",
    "shop": "Woolworths",
    "weight": "100ML",
    "prices": [
      {
        "state": "NSW",
        "price": "6000",
        "price_per_unit": "20000",
        "price_unit": "ML"
      },
      {
        "state": "VIC",
        "price": "6000",
        "price_per_unit": "20000",
        "price_unit": "ML"
      },
      {
        "state": "QLD",
        "price": "6000",
        "price_per_unit": "20000",
        "price_unit": "ML"
      },
      {
        "state": "WA",
        "price": "6000",
        "price_per_unit": "20000",
        "price_unit": "ML"
      },
      {
        "state": "SA",
        "price": "6000",
        "price_per_unit": "20000",
        "price_unit": "ML"
      },
      {
        "state": "TAS",
        "price": "6000",
        "price_per_unit": "20000",
        "price_unit": "ML"
      },
      {
        "state": "ACT",
        "price": "6000",
        "price_per_unit": "20000",
        "price_unit": "ML"
      },
      {
        "state": "NT",
        "price": "6000",
        "price_per_unit": "20000",
        "price_unit": "ML"
      }
    ]
  },
  {
    "source_url": "https://www.woolworths.com.au/shop/productdetails/165493/l-oreal-paris-revitalift-filler-anti-ageing-spf15-cream",
    "name": "L'Oreal Paris Revitalift Filler Anti Ageing SPF15 Cream 50mL",
    "image_url": "https://cdn1.woolworths.media/content/wowproductimages/large/165493.jpg",
    "source_id": "Woolworths - 165493",
    "barcode": "3600523982899",
    "category_id": "1_894D0A8",
    "shop": "Woolworths",
    "weight": "100ML",
    "prices": [
      {
        "state": "NSW",
        "price": "5500",
        "price_per_unit": "11000",
        "price_unit": "ML"
      },
      {
        "state": "VIC",
        "price": "5500",
        "price_per_unit": "11000",
        "price_unit": "ML"
      },
      {
        "state": "QLD",
        "price": "5500",
        "price_per_unit": "11000",
        "price_unit": "ML"
      },
      {
        "state": "WA",
        "price": "5500",
        "price_per_unit": "11000",
        "price_unit": "ML"
      },
      {
        "state": "SA",
        "price": "5500",
        "price_per_unit": "11000",
        "price_unit": "ML"
      },
      {
        "state": "TAS",
        "price": "5500",
        "price_per_unit": "11000",
        "price_unit": "ML"
      },
      {
        "state": "ACT",
        "price": "5500",
        "price_per_unit": "11000",
        "price_unit": "ML"
      },
      {
        "state": "NT",
        "price": "5500",
        "price_per_unit": "11000",
        "price_unit": "ML"
      }
    ]
  },
  {
    "source_url": "https://www.woolworths.com.au/shop/productdetails/892592/l-oreal-paris-revitalift-filler-day-cream",
    "name": "L'Oreal Paris Revitalift Filler Day Cream 50mL",
    "image_url": "https://cdn1.woolworths.media/content/wowproductimages/large/892592.jpg",
    "source_id": "Woolworths - 892592",
    "barcode": "3600522892359",
    "category_id": "1_894D0A8",
    "shop": "Woolworths",
    "weight": "100ML",
    "prices": [
      {
        "state": "NSW",
        "price": "5500",
        "price_per_unit": "11000",
        "price_unit": "ML"
      },
      {
        "state": "VIC",
        "price": "5500",
        "price_per_unit": "11000",
        "price_unit": "ML"
      },
      {
        "state": "QLD",
        "price": "5500",
        "price_per_unit": "11000",
        "price_unit": "ML"
      },
      {
        "state": "WA",
        "price": "5500",
        "price_per_unit": "11000",
        "price_unit": "ML"
      },
      {
        "state": "SA",
        "price": "5500",
        "price_per_unit": "11000",
        "price_unit": "ML"
      },
      {
        "state": "TAS",
        "price": "5500",
        "price_per_unit": "11000",
        "price_unit": "ML"
      },
      {
        "state": "ACT",
        "price": "5500",
        "price_per_unit": "11000",
        "price_unit": "ML"
      },
      {
        "state": "NT",
        "price": "5500",
        "price_per_unit": "11000",
        "price_unit": "ML"
      }
    ]
  },
  {
    "source_url": "https://www.woolworths.com.au/shop/productdetails/481538/l-oreal-paris-revitalift-filler-night-cream",
    "name": "L'Oreal Paris Revitalift Filler Night Cream 50mL",
    "image_url": "https://cdn1.woolworths.media/content/wowproductimages/large/481538.jpg",
    "source_id": "Woolworths - 481538",
    "barcode": "3600523201396",
    "category_id": "1_894D0A8",
    "shop": "Woolworths",
    "weight": "100ML",
    "prices": [
      {
        "state": "NSW",
        "price": "5500",
        "price_per_unit": "11000",
        "price_unit": "ML"
      },
      {
        "state": "VIC",
        "price": "5500",
        "price_per_unit": "11000",
        "price_unit": "ML"
      },
      {
        "state": "QLD",
        "price": "5500",
        "price_per_unit": "11000",
        "price_unit": "ML"
      },
      {
        "state": "WA",
        "price": "5500",
        "price_per_unit": "11000",
        "price_unit": "ML"
      },
      {
        "state": "SA",
        "price": "5500",
        "price_per_unit": "11000",
        "price_unit": "ML"
      },
      {
        "state": "TAS",
        "price": "5500",
        "price_per_unit": "11000",
        "price_unit": "ML"
      },
      {
        "state": "ACT",
        "price": "5500",
        "price_per_unit": "11000",
        "price_unit": "ML"
      },
      {
        "state": "NT",
        "price": "5500",
        "price_per_unit": "11000",
        "price_unit": "ML"
      }
    ]
  },
  {
    "source_url": "https://www.woolworths.com.au/shop/productdetails/73225/l-oreal-paris-revitalift-filler-plumping-serum",
    "name": "L'Oreal Paris Revitalift Filler Plumping Serum 30mL",
    "image_url": "https://cdn1.woolworths.media/content/wowproductimages/large/073225.jpg",
    "source_id": "Woolworths - 73225",
    "barcode": "3600523873869",
    "category_id": "1_894D0A8",
    "shop": "Woolworths",
    "weight": "100ML",
    "prices": [
      {
        "state": "NSW",
        "price": "6000",
        "price_per_unit": "20000",
        "price_unit": "ML"
      },
      {
        "state": "QLD",
        "price": "6000",
        "price_per_unit": "20000",
        "price_unit": "ML"
      },
      {
        "state": "WA",
        "price": "6000",
        "price_per_unit": "20000",
        "price_unit": "ML"
      },
      {
        "state": "SA",
        "price": "6000",
        "price_per_unit": "20000",
        "price_unit": "ML"
      },
      {
        "state": "TAS",
        "price": "6000",
        "price_per_unit": "20000",
        "price_unit": "ML"
      },
      {
        "state": "ACT",
        "price": "6000",
        "price_per_unit": "20000",
        "price_unit": "ML"
      },
      {
        "state": "NT",
        "price": "6000",
        "price_per_unit": "20000",
        "price_unit": "ML"
      }
    ]
  },
  {
    "source_url": "https://www.woolworths.com.au/shop/productdetails/267126/l-oreal-paris-revitalift-filler-plumping-water-pressed-cream",
    "name": "L'Oreal Paris Revitalift Filler Plumping Water Pressed Cream 50ml",
    "image_url": "https://cdn1.woolworths.media/content/wowproductimages/large/267126.jpg",
    "source_id": "Woolworths - 267126",
    "barcode": "3600524070588",
    "category_id": "1_894D0A8",
    "shop": "Woolworths",
    "weight": "100ML",
    "prices": [
      {
        "state": "NSW",
        "price": "6000",
        "price_per_unit": "12000",
        "price_unit": "ML"
      },
      {
        "state": "VIC",
        "price": "6000",
        "price_per_unit": "12000",
        "price_unit": "ML"
      },
      {
        "state": "QLD",
        "price": "6000",
        "price_per_unit": "12000",
        "price_unit": "ML"
      },
      {
        "state": "WA",
        "price": "6000",
        "price_per_unit": "12000",
        "price_unit": "ML"
      },
      {
        "state": "SA",
        "price": "6000",
        "price_per_unit": "12000",
        "price_unit": "ML"
      },
      {
        "state": "TAS",
        "price": "6000",
        "price_per_unit": "12000",
        "price_unit": "ML"
      },
      {
        "state": "ACT",
        "price": "6000",
        "price_per_unit": "12000",
        "price_unit": "ML"
      },
      {
        "state": "NT",
        "price": "6000",
        "price_per_unit": "12000",
        "price_unit": "ML"
      }
    ]
  },
  {
    "source_url": "https://www.woolworths.com.au/shop/productdetails/794274/l-oreal-paris-revitalift-hydrating-cream-spf15",
    "name": "L'Oreal Paris Revitalift Hydrating Cream SPF15 50mL",
    "image_url": "https://cdn1.woolworths.media/content/wowproductimages/large/794274.jpg",
    "source_id": "Woolworths - 794274",
    "barcode": "3600522416982",
    "category_id": "1_894D0A8",
    "shop": "Woolworths",
    "weight": "100ML",
    "prices": [
      {
        "state": "NSW",
        "price": "4000",
        "price_per_unit": "8000",
        "price_unit": "ML"
      },
      {
        "state": "VIC",
        "price": "4000",
        "price_per_unit": "8000",
        "price_unit": "ML"
      },
      {
        "state": "QLD",
        "price": "4000",
        "price_per_unit": "8000",
        "price_unit": "ML"
      },
      {
        "state": "WA",
        "price": "4000",
        "price_per_unit": "8000",
        "price_unit": "ML"
      },
      {
        "state": "SA",
        "price": "4000",
        "price_per_unit": "8000",
        "price_unit": "ML"
      },
      {
        "state": "TAS",
        "price": "4000",
        "price_per_unit": "8000",
        "price_unit": "ML"
      },
      {
        "state": "ACT",
        "price": "4000",
        "price_per_unit": "8000",
        "price_unit": "ML"
      },
      {
        "state": "NT",
        "price": "4000",
        "price_per_unit": "8000",
        "price_unit": "ML"
      }
    ]
  },
  {
    "source_url": "https://www.woolworths.com.au/shop/productdetails/188389/l-oreal-paris-revitalift-hydrating-day-cream",
    "name": "L'Oreal Paris Revitalift Hydrating Day Cream 50mL",
    "image_url": "https://cdn1.woolworths.media/content/wowproductimages/large/188389.jpg",
    "source_id": "Woolworths - 188389",
    "barcode": "9312825697466",
    "category_id": "1_894D0A8",
    "shop": "Woolworths",
    "weight": "100ML",
    "prices": [
      {
        "state": "NSW",
        "price": "4000",
        "price_per_unit": "8000",
        "price_unit": "ML"
      },
      {
        "state": "VIC",
        "price": "4000",
        "price_per_unit": "8000",
        "price_unit": "ML"
      },
      {
        "state": "QLD",
        "price": "4000",
        "price_per_unit": "8000",
        "price_unit": "ML"
      },
      {
        "state": "WA",
        "price": "4000",
        "price_per_unit": "8000",
        "price_unit": "ML"
      },
      {
        "state": "SA",
        "price": "4000",
        "price_per_unit": "8000",
        "price_unit": "ML"
      },
      {
        "state": "TAS",
        "price": "4000",
        "price_per_unit": "8000",
        "price_unit": "ML"
      },
      {
        "state": "ACT",
        "price": "4000",
        "price_per_unit": "8000",
        "price_unit": "ML"
      },
      {
        "state": "NT",
        "price": "4000",
        "price_per_unit": "8000",
        "price_unit": "ML"
      }
    ]
  },
  {
    "source_url": "https://www.woolworths.com.au/shop/productdetails/165490/l-oreal-paris-revitalift-hydrating-fragrance-free-day-cream",
    "name": "L'Oreal Paris Revitalift Hydrating Fragrance Free Day Cream 50mL",
    "image_url": "https://cdn1.woolworths.media/content/wowproductimages/large/165490.jpg",
    "source_id": "Woolworths - 165490",
    "barcode": "3600523980987",
    "category_id": "1_894D0A8",
    "shop": "Woolworths",
    "weight": "100ML",
    "prices": [
      {
        "state": "NSW",
        "price": "4000",
        "price_per_unit": "8000",
        "price_unit": "ML"
      },
      {
        "state": "WA",
        "price": "4000",
        "price_per_unit": "8000",
        "price_unit": "ML"
      },
      {
        "state": "ACT",
        "price": "4000",
        "price_per_unit": "8000",
        "price_unit": "ML"
      }
    ]
  },
  {
    "source_url": "https://www.woolworths.com.au/shop/productdetails/188347/l-oreal-paris-revitalift-hydrating-night-cream",
    "name": "L'Oreal Paris Revitalift Hydrating Night Cream 50mL",
    "image_url": "https://cdn1.woolworths.media/content/wowproductimages/large/188347.jpg",
    "source_id": "Woolworths - 188347",
    "barcode": "9312825697497",
    "category_id": "1_894D0A8",
    "shop": "Woolworths",
    "weight": "100ML",
    "prices": [
      {
        "state": "NSW",
        "price": "4000",
        "price_per_unit": "8000",
        "price_unit": "ML"
      },
      {
        "state": "VIC",
        "price": "4000",
        "price_per_unit": "8000",
        "price_unit": "ML"
      },
      {
        "state": "QLD",
        "price": "4000",
        "price_per_unit": "8000",
        "price_unit": "ML"
      },
      {
        "state": "WA",
        "price": "4000",
        "price_per_unit": "8000",
        "price_unit": "ML"
      },
      {
        "state": "SA",
        "price": "4000",
        "price_per_unit": "8000",
        "price_unit": "ML"
      },
      {
        "state": "TAS",
        "price": "4000",
        "price_per_unit": "8000",
        "price_unit": "ML"
      },
      {
        "state": "ACT",
        "price": "4000",
        "price_per_unit": "8000",
        "price_unit": "ML"
      },
      {
        "state": "NT",
        "price": "4000",
        "price_per_unit": "8000",
        "price_unit": "ML"
      }
    ]
  },
  {
    "source_url": "https://www.woolworths.com.au/shop/productdetails/149325/l-oreal-paris-revitalift-laser-pure-retinol-night-serum",
    "name": "L'Oreal Paris Revitalift Laser Pure Retinol Night Serum 30ml",
    "image_url": "https://cdn1.woolworths.media/content/wowproductimages/large/149325.jpg",
    "source_id": "Woolworths - 149325",
    "barcode": "3600523971916",
    "category_id": "1_894D0A8",
    "shop": "Woolworths",
    "weight": "100ML",
    "prices": [
      {
        "state": "NSW",
        "price": "6000",
        "price_per_unit": "20000",
        "price_unit": "ML"
      },
      {
        "state": "VIC",
        "price": "6000",
        "price_per_unit": "20000",
        "price_unit": "ML"
      },
      {
        "state": "QLD",
        "price": "6000",
        "price_per_unit": "20000",
        "price_unit": "ML"
      },
      {
        "state": "WA",
        "price": "6000",
        "price_per_unit": "20000",
        "price_unit": "ML"
      },
      {
        "state": "ACT",
        "price": "6000",
        "price_per_unit": "20000",
        "price_unit": "ML"
      },
      {
        "state": "NT",
        "price": "6000",
        "price_per_unit": "20000",
        "price_unit": "ML"
      }
    ]
  },
  {
    "source_url": "https://www.woolworths.com.au/shop/productdetails/749763/l-oreal-paris-revitalift-laser-x3-day-cream",
    "name": "L'Oreal Paris Revitalift Laser X3 Day Cream 50mL",
    "image_url": "https://cdn1.woolworths.media/content/wowproductimages/large/749763.jpg",
    "source_id": "Woolworths - 749763",
    "barcode": "3600522248873",
    "category_id": "1_894D0A8",
    "shop": "Woolworths",
    "weight": "100ML",
    "prices": [
      {
        "state": "NSW",
        "price": "5500",
        "price_per_unit": "11000",
        "price_unit": "ML"
      },
      {
        "state": "VIC",
        "price": "5500",
        "price_per_unit": "11000",
        "price_unit": "ML"
      },
      {
        "state": "QLD",
        "price": "5500",
        "price_per_unit": "11000",
        "price_unit": "ML"
      },
      {
        "state": "WA",
        "price": "5500",
        "price_per_unit": "11000",
        "price_unit": "ML"
      },
      {
        "state": "SA",
        "price": "5500",
        "price_per_unit": "11000",
        "price_unit": "ML"
      },
      {
        "state": "TAS",
        "price": "5500",
        "price_per_unit": "11000",
        "price_unit": "ML"
      },
      {
        "state": "ACT",
        "price": "5500",
        "price_per_unit": "11000",
        "price_unit": "ML"
      },
      {
        "state": "NT",
        "price": "5500",
        "price_per_unit": "11000",
        "price_unit": "ML"
      }
    ]
  },
  {
    "source_url": "https://www.woolworths.com.au/shop/productdetails/779446/l-oreal-paris-revitalift-laser-x3-night-cream",
    "name": "L'Oreal Paris Revitalift Laser X3 Night Cream 50mL",
    "image_url": "https://cdn1.woolworths.media/content/wowproductimages/large/779446.jpg",
    "source_id": "Woolworths - 779446",
    "barcode": "3600522480150",
    "category_id": "1_894D0A8",
    "shop": "Woolworths",
    "weight": "100ML",
    "prices": [
      {
        "state": "NSW",
        "price": "5500",
        "price_per_unit": "11000",
        "price_unit": "ML"
      },
      {
        "state": "VIC",
        "price": "5500",
        "price_per_unit": "11000",
        "price_unit": "ML"
      },
      {
        "state": "QLD",
        "price": "5500",
        "price_per_unit": "11000",
        "price_unit": "ML"
      },
      {
        "state": "WA",
        "price": "5500",
        "price_per_unit": "11000",
        "price_unit": "ML"
      },
      {
        "state": "SA",
        "price": "5500",
        "price_per_unit": "11000",
        "price_unit": "ML"
      },
      {
        "state": "TAS",
        "price": "5500",
        "price_per_unit": "11000",
        "price_unit": "ML"
      },
      {
        "state": "ACT",
        "price": "5500",
        "price_per_unit": "11000",
        "price_unit": "ML"
      },
      {
        "state": "NT",
        "price": "5500",
        "price_per_unit": "11000",
        "price_unit": "ML"
      }
    ]
  },
  {
    "source_url": "https://www.woolworths.com.au/shop/productdetails/676751/l-oreal-paris-revitalift-laser-x3-spf15-cream",
    "name": "L'Oreal Paris Revitalift Laser X3 SPF15 Cream 50ml",
    "image_url": "https://cdn1.woolworths.media/content/wowproductimages/large/676751.jpg",
    "source_id": "Woolworths - 676751",
    "barcode": "3600523456246",
    "category_id": "1_894D0A8",
    "shop": "Woolworths",
    "weight": "100ML",
    "prices": [
      {
        "state": "NSW",
        "price": "5500",
        "price_per_unit": "11000",
        "price_unit": "ML"
      },
      {
        "state": "VIC",
        "price": "5500",
        "price_per_unit": "11000",
        "price_unit": "ML"
      },
      {
        "state": "QLD",
        "price": "5500",
        "price_per_unit": "11000",
        "price_unit": "ML"
      },
      {
        "state": "WA",
        "price": "5500",
        "price_per_unit": "11000",
        "price_unit": "ML"
      },
      {
        "state": "SA",
        "price": "5500",
        "price_per_unit": "11000",
        "price_unit": "ML"
      },
      {
        "state": "TAS",
        "price": "5500",
        "price_per_unit": "11000",
        "price_unit": "ML"
      },
      {
        "state": "ACT",
        "price": "5500",
        "price_per_unit": "11000",
        "price_unit": "ML"
      },
      {
        "state": "NT",
        "price": "5500",
        "price_per_unit": "11000",
        "price_unit": "ML"
      }
    ]
  },
  {
    "source_url": "https://www.woolworths.com.au/shop/productdetails/503238/l-oreal-paris-revitalift-serum",
    "name": "L'Oreal Paris Revitalift Serum 30mL",
    "image_url": "https://cdn1.woolworths.media/content/wowproductimages/large/503238.jpg",
    "source_id": "Woolworths - 503238",
    "barcode": "3600523279302",
    "category_id": "1_894D0A8",
    "shop": "Woolworths",
    "weight": "100ML",
    "prices": [
      {
        "state": "NSW",
        "price": "4500",
        "price_per_unit": "15000",
        "price_unit": "ML"
      },
      {
        "state": "VIC",
        "price": "4500",
        "price_per_unit": "15000",
        "price_unit": "ML"
      },
      {
        "state": "QLD",
        "price": "4500",
        "price_per_unit": "15000",
        "price_unit": "ML"
      },
      {
        "state": "WA",
        "price": "4500",
        "price_per_unit": "15000",
        "price_unit": "ML"
      },
      {
        "state": "SA",
        "price": "4500",
        "price_per_unit": "15000",
        "price_unit": "ML"
      },
      {
        "state": "TAS",
        "price": "4500",
        "price_per_unit": "15000",
        "price_unit": "ML"
      },
      {
        "state": "ACT",
        "price": "4500",
        "price_per_unit": "15000",
        "price_unit": "ML"
      },
      {
        "state": "NT",
        "price": "4500",
        "price_per_unit": "15000",
        "price_unit": "ML"
      }
    ]
  },
  {
    "source_url": "https://www.woolworths.com.au/shop/productdetails/659791/l-oreal-paris-wrinkle-expert-day-cream-35-",
    "name": "L'Oreal Paris Wrinkle Expert Day Cream 35+ 50mL",
    "image_url": "https://cdn1.woolworths.media/content/wowproductimages/large/659791.jpg",
    "source_id": "Woolworths - 659791",
    "barcode": "3600523183623",
    "category_id": "1_894D0A8",
    "shop": "Woolworths",
    "weight": "100ML",
    "prices": [
      {
        "state": "NSW",
        "price": "1800",
        "price_per_unit": "3600",
        "price_unit": "ML"
      },
      {
        "state": "WA",
        "price": "1800",
        "price_per_unit": "3600",
        "price_unit": "ML"
      },
      {
        "state": "ACT",
        "price": "1800",
        "price_per_unit": "3600",
        "price_unit": "ML"
      }
    ]
  },
  {
    "source_url": "https://www.woolworths.com.au/shop/productdetails/659792/l-oreal-paris-wrinkle-expert-day-cream-45-",
    "name": "L'Oreal Paris Wrinkle Expert Day Cream 45+ 50mL",
    "image_url": "https://cdn1.woolworths.media/content/wowproductimages/large/659792.jpg",
    "source_id": "Woolworths - 659792",
    "barcode": "3600523183647",
    "category_id": "1_894D0A8",
    "shop": "Woolworths",
    "weight": "100ML",
    "prices": [
      {
        "state": "NSW",
        "price": "1800",
        "price_per_unit": "3600",
        "price_unit": "ML"
      },
      {
        "state": "VIC",
        "price": "1800",
        "price_per_unit": "3600",
        "price_unit": "ML"
      },
      {
        "state": "QLD",
        "price": "1800",
        "price_per_unit": "3600",
        "price_unit": "ML"
      },
      {
        "state": "WA",
        "price": "1800",
        "price_per_unit": "3600",
        "price_unit": "ML"
      },
      {
        "state": "SA",
        "price": "1800",
        "price_per_unit": "3600",
        "price_unit": "ML"
      },
      {
        "state": "TAS",
        "price": "1800",
        "price_per_unit": "3600",
        "price_unit": "ML"
      },
      {
        "state": "ACT",
        "price": "1800",
        "price_per_unit": "3600",
        "price_unit": "ML"
      },
      {
        "state": "NT",
        "price": "1800",
        "price_per_unit": "3600",
        "price_unit": "ML"
      }
    ]
  },
  {
    "source_url": "https://www.woolworths.com.au/shop/productdetails/659793/l-oreal-paris-wrinkle-expert-day-cream-55-",
    "name": "L'Oreal Paris Wrinkle Expert Day Cream 55+ 50mL",
    "image_url": "https://cdn1.woolworths.media/content/wowproductimages/large/659793.jpg",
    "source_id": "Woolworths - 659793",
    "barcode": "3600523183661",
    "category_id": "1_894D0A8",
    "shop": "Woolworths",
    "weight": "100ML",
    "prices": [
      {
        "state": "NSW",
        "price": "1800",
        "price_per_unit": "3600",
        "price_unit": "ML"
      },
      {
        "state": "VIC",
        "price": "1800",
        "price_per_unit": "3600",
        "price_unit": "ML"
      },
      {
        "state": "QLD",
        "price": "1800",
        "price_per_unit": "3600",
        "price_unit": "ML"
      },
      {
        "state": "WA",
        "price": "1800",
        "price_per_unit": "3600",
        "price_unit": "ML"
      },
      {
        "state": "SA",
        "price": "1800",
        "price_per_unit": "3600",
        "price_unit": "ML"
      },
      {
        "state": "TAS",
        "price": "1800",
        "price_per_unit": "3600",
        "price_unit": "ML"
      },
      {
        "state": "ACT",
        "price": "1800",
        "price_per_unit": "3600",
        "price_unit": "ML"
      },
      {
        "state": "NT",
        "price": "1800",
        "price_per_unit": "3600",
        "price_unit": "ML"
      }
    ]
  },
  {
    "source_url": "https://www.woolworths.com.au/shop/productdetails/820320/l-oreal-paris-wrinkle-expert-night-cream-55-",
    "name": "L'Oreal Paris Wrinkle Expert Night Cream 55+ 50mL",
    "image_url": "https://cdn1.woolworths.media/content/wowproductimages/large/820320.jpg",
    "source_id": "Woolworths - 820320",
    "barcode": "3600523350315",
    "category_id": "1_894D0A8",
    "shop": "Woolworths",
    "weight": "100ML",
    "prices": [
      {
        "state": "NSW",
        "price": "1800",
        "price_per_unit": "3600",
        "price_unit": "ML"
      },
      {
        "state": "VIC",
        "price": "1800",
        "price_per_unit": "3600",
        "price_unit": "ML"
      },
      {
        "state": "QLD",
        "price": "1800",
        "price_per_unit": "3600",
        "price_unit": "ML"
      },
      {
        "state": "WA",
        "price": "1800",
        "price_per_unit": "3600",
        "price_unit": "ML"
      },
      {
        "state": "SA",
        "price": "1800",
        "price_per_unit": "3600",
        "price_unit": "ML"
      },
      {
        "state": "TAS",
        "price": "1800",
        "price_per_unit": "3600",
        "price_unit": "ML"
      },
      {
        "state": "ACT",
        "price": "1800",
        "price_per_unit": "3600",
        "price_unit": "ML"
      },
      {
        "state": "NT",
        "price": "1800",
        "price_per_unit": "3600",
        "price_unit": "ML"
      }
    ]
  },
  {
    "source_url": "https://www.woolworths.com.au/shop/productdetails/239293/l-oreal-paris-wrinkle-expert-spf15-cream-45-",
    "name": "L'Oreal Paris Wrinkle Expert SPF15 Cream 45+ 50mL",
    "image_url": "https://cdn1.woolworths.media/content/wowproductimages/large/239293.jpg",
    "source_id": "Woolworths - 239293",
    "barcode": "3600524057312",
    "category_id": "1_894D0A8",
    "shop": "Woolworths",
    "weight": "100ML",
    "prices": [
      {
        "state": "NSW",
        "price": "1800",
        "price_per_unit": "3600",
        "price_unit": "ML"
      },
      {
        "state": "VIC",
        "price": "1800",
        "price_per_unit": "3600",
        "price_unit": "ML"
      },
      {
        "state": "QLD",
        "price": "1800",
        "price_per_unit": "3600",
        "price_unit": "ML"
      },
      {
        "state": "WA",
        "price": "1800",
        "price_per_unit": "3600",
        "price_unit": "ML"
      },
      {
        "state": "SA",
        "price": "1800",
        "price_per_unit": "3600",
        "price_unit": "ML"
      },
      {
        "state": "TAS",
        "price": "1800",
        "price_per_unit": "3600",
        "price_unit": "ML"
      },
      {
        "state": "ACT",
        "price": "1800",
        "price_per_unit": "3600",
        "price_unit": "ML"
      },
      {
        "state": "NT",
        "price": "1800",
        "price_per_unit": "3600",
        "price_unit": "ML"
      }
    ]
  },
  {
    "source_url": "https://www.woolworths.com.au/shop/productdetails/334836/mcobeauty-age-resist-miracle-anti-aging-repair-serum",
    "name": "MCoBeauty Age Resist Miracle Anti-Aging Repair Serum 30ml",
    "image_url": "https://cdn1.woolworths.media/content/wowproductimages/large/334836.jpg",
    "source_id": "Woolworths - 334836",
    "barcode": "9331880023980",
    "category_id": "1_894D0A8",
    "shop": "Woolworths",
    "weight": "100ML",
    "prices": [
      {
        "state": "NSW",
        "price": "4900",
        "price_per_unit": "16333",
        "price_unit": "ML"
      },
      {
        "state": "VIC",
        "price": "4900",
        "price_per_unit": "16333",
        "price_unit": "ML"
      },
      {
        "state": "QLD",
        "price": "4900",
        "price_per_unit": "16333",
        "price_unit": "ML"
      },
      {
        "state": "WA",
        "price": "4900",
        "price_per_unit": "16333",
        "price_unit": "ML"
      },
      {
        "state": "SA",
        "price": "4900",
        "price_per_unit": "16333",
        "price_unit": "ML"
      },
      {
        "state": "TAS",
        "price": "4900",
        "price_per_unit": "16333",
        "price_unit": "ML"
      },
      {
        "state": "ACT",
        "price": "4900",
        "price_per_unit": "16333",
        "price_unit": "ML"
      },
      {
        "state": "NT",
        "price": "4900",
        "price_per_unit": "16333",
        "price_unit": "ML"
      }
    ]
  },
  {
    "source_url": "https://www.woolworths.com.au/shop/productdetails/202385/mcobeauty-brightening-glow-luxe-face-oil",
    "name": "MCoBeauty Brightening Glow Luxe Face Oil Each",
    "image_url": "https://cdn1.woolworths.media/content/wowproductimages/large/202385.jpg",
    "source_id": "Woolworths - 202385",
    "barcode": "9331880017057",
    "category_id": "1_894D0A8",
    "shop": "Woolworths",
    "weight": "100ML",
    "prices": [
      {
        "state": "NSW",
        "price": "3500",
        "price_per_unit": "11667",
        "price_unit": "ML"
      },
      {
        "state": "VIC",
        "price": "3500",
        "price_per_unit": "11667",
        "price_unit": "ML"
      },
      {
        "state": "QLD",
        "price": "3500",
        "price_per_unit": "11667",
        "price_unit": "ML"
      },
      {
        "state": "WA",
        "price": "3500",
        "price_per_unit": "11667",
        "price_unit": "ML"
      },
      {
        "state": "SA",
        "price": "3500",
        "price_per_unit": "11667",
        "price_unit": "ML"
      },
      {
        "state": "TAS",
        "price": "3500",
        "price_per_unit": "11667",
        "price_unit": "ML"
      },
      {
        "state": "ACT",
        "price": "3500",
        "price_per_unit": "11667",
        "price_unit": "ML"
      },
      {
        "state": "NT",
        "price": "3500",
        "price_per_unit": "11667",
        "price_unit": "ML"
      }
    ]
  },
  {
    "source_url": "https://www.woolworths.com.au/shop/productdetails/334716/mcobeauty-clear-oil-free-gel-moisturiser",
    "name": "MCoBeauty Clear Oil-Free Gel Moisturiser 50ml",
    "image_url": "https://cdn1.woolworths.media/content/wowproductimages/large/334716.jpg",
    "source_id": "Woolworths - 334716",
    "barcode": "9331880023904",
    "category_id": "1_894D0A8",
    "shop": "Woolworths",
    "weight": "100ML",
    "prices": [
      {
        "state": "NSW",
        "price": "3200",
        "price_per_unit": "6400",
        "price_unit": "ML"
      },
      {
        "state": "VIC",
        "price": "3200",
        "price_per_unit": "6400",
        "price_unit": "ML"
      },
      {
        "state": "QLD",
        "price": "3200",
        "price_per_unit": "6400",
        "price_unit": "ML"
      },
      {
        "state": "WA",
        "price": "3200",
        "price_per_unit": "6400",
        "price_unit": "ML"
      },
      {
        "state": "SA",
        "price": "3200",
        "price_per_unit": "6400",
        "price_unit": "ML"
      },
      {
        "state": "TAS",
        "price": "3200",
        "price_per_unit": "6400",
        "price_unit": "ML"
      },
      {
        "state": "ACT",
        "price": "3200",
        "price_per_unit": "6400",
        "price_unit": "ML"
      },
      {
        "state": "NT",
        "price": "3200",
        "price_per_unit": "6400",
        "price_unit": "ML"
      }
    ]
  },
  {
    "source_url": "https://www.woolworths.com.au/shop/productdetails/275289/mcobeauty-glow-boost-vitamin-c-serum",
    "name": "MCoBeauty Glow Boost Vitamin c Serum 30ml",
    "image_url": "https://cdn1.woolworths.media/content/wowproductimages/large/275289.jpg",
    "source_id": "Woolworths - 275289",
    "barcode": "9331880022051",
    "category_id": "1_894D0A8",
    "shop": "Woolworths",
    "weight": "100ML",
    "prices": [
      {
        "state": "NSW",
        "price": "3900",
        "price_per_unit": "13000",
        "price_unit": "ML"
      },
      {
        "state": "VIC",
        "price": "3900",
        "price_per_unit": "13000",
        "price_unit": "ML"
      },
      {
        "state": "QLD",
        "price": "3900",
        "price_per_unit": "13000",
        "price_unit": "ML"
      },
      {
        "state": "WA",
        "price": "3900",
        "price_per_unit": "13000",
        "price_unit": "ML"
      },
      {
        "state": "SA",
        "price": "3900",
        "price_per_unit": "13000",
        "price_unit": "ML"
      },
      {
        "state": "TAS",
        "price": "3900",
        "price_per_unit": "13000",
        "price_unit": "ML"
      },
      {
        "state": "ACT",
        "price": "3900",
        "price_per_unit": "13000",
        "price_unit": "ML"
      },
      {
        "state": "NT",
        "price": "3900",
        "price_per_unit": "13000",
        "price_unit": "ML"
      }
    ]
  },
  {
    "source_url": "https://www.woolworths.com.au/shop/productdetails/334834/mcobeauty-glow-brightening-vitamin-c-moisturiser",
    "name": "MCoBeauty Glow Brightening Vitamin c Moisturiser 50ml",
    "image_url": "https://cdn1.woolworths.media/content/wowproductimages/large/334834.jpg",
    "source_id": "Woolworths - 334834",
    "barcode": "9331880023966",
    "category_id": "1_894D0A8",
    "shop": "Woolworths",
    "weight": "100ML",
    "prices": [
      {
        "state": "NSW",
        "price": "3900",
        "price_per_unit": "7800",
        "price_unit": "ML"
      },
      {
        "state": "VIC",
        "price": "3900",
        "price_per_unit": "7800",
        "price_unit": "ML"
      },
      {
        "state": "QLD",
        "price": "3900",
        "price_per_unit": "7800",
        "price_unit": "ML"
      },
      {
        "state": "WA",
        "price": "3900",
        "price_per_unit": "7800",
        "price_unit": "ML"
      },
      {
        "state": "SA",
        "price": "3900",
        "price_per_unit": "7800",
        "price_unit": "ML"
      },
      {
        "state": "TAS",
        "price": "3900",
        "price_per_unit": "7800",
        "price_unit": "ML"
      },
      {
        "state": "ACT",
        "price": "3900",
        "price_per_unit": "7800",
        "price_unit": "ML"
      },
      {
        "state": "NT",
        "price": "3900",
        "price_per_unit": "7800",
        "price_unit": "ML"
      }
    ]
  },
  {
    "source_url": "https://www.woolworths.com.au/shop/productdetails/334827/mcobeauty-hydrate-daily-moisture-boost",
    "name": "MCoBeauty Hydrate Daily Moisture Boost 50ml",
    "image_url": "https://cdn1.woolworths.media/content/wowproductimages/large/334827.jpg",
    "source_id": "Woolworths - 334827",
    "barcode": "9331880023935",
    "category_id": "1_894D0A8",
    "shop": "Woolworths",
    "weight": "100ML",
    "prices": [
      {
        "state": "NSW",
        "price": "3900",
        "price_per_unit": "7800",
        "price_unit": "ML"
      },
      {
        "state": "VIC",
        "price": "3900",
        "price_per_unit": "7800",
        "price_unit": "ML"
      },
      {
        "state": "QLD",
        "price": "3900",
        "price_per_unit": "7800",
        "price_unit": "ML"
      },
      {
        "state": "WA",
        "price": "3900",
        "price_per_unit": "7800",
        "price_unit": "ML"
      },
      {
        "state": "SA",
        "price": "3900",
        "price_per_unit": "7800",
        "price_unit": "ML"
      },
      {
        "state": "TAS",
        "price": "3900",
        "price_per_unit": "7800",
        "price_unit": "ML"
      },
      {
        "state": "ACT",
        "price": "3900",
        "price_per_unit": "7800",
        "price_unit": "ML"
      },
      {
        "state": "NT",
        "price": "3900",
        "price_per_unit": "7800",
        "price_unit": "ML"
      }
    ]
  },
  {
    "source_url": "https://www.woolworths.com.au/shop/productdetails/334831/mcobeauty-hydrate-intense-moisture-boost",
    "name": "MCoBeauty Hydrate Intense Moisture Boost 50ml",
    "image_url": "https://cdn1.woolworths.media/content/wowproductimages/large/334831.jpg",
    "source_id": "Woolworths - 334831",
    "barcode": "9331880023942",
    "category_id": "1_894D0A8",
    "shop": "Woolworths",
    "weight": "100ML",
    "prices": [
      {
        "state": "NSW",
        "price": "3900",
        "price_per_unit": "7800",
        "price_unit": "ML"
      },
      {
        "state": "VIC",
        "price": "3900",
        "price_per_unit": "7800",
        "price_unit": "ML"
      },
      {
        "state": "QLD",
        "price": "3900",
        "price_per_unit": "7800",
        "price_unit": "ML"
      },
      {
        "state": "WA",
        "price": "3900",
        "price_per_unit": "7800",
        "price_unit": "ML"
      },
      {
        "state": "SA",
        "price": "3900",
        "price_per_unit": "7800",
        "price_unit": "ML"
      },
      {
        "state": "TAS",
        "price": "3900",
        "price_per_unit": "7800",
        "price_unit": "ML"
      },
      {
        "state": "ACT",
        "price": "3900",
        "price_per_unit": "7800",
        "price_unit": "ML"
      },
      {
        "state": "NT",
        "price": "3900",
        "price_per_unit": "7800",
        "price_unit": "ML"
      }
    ]
  },
  {
    "source_url": "https://www.woolworths.com.au/shop/productdetails/334832/mcobeauty-hydrate-ultra-repair-ceramide-cream",
    "name": "MCoBeauty Hydrate Ultra Repair Ceramide Cream 50ml",
    "image_url": "https://cdn1.woolworths.media/content/wowproductimages/large/334832.jpg",
    "source_id": "Woolworths - 334832",
    "barcode": "9331880023959",
    "category_id": "1_894D0A8",
    "shop": "Woolworths",
    "weight": "100ML",
    "prices": [
      {
        "state": "NSW",
        "price": "2400",
        "price_per_unit": "4800",
        "price_unit": "ML"
      },
      {
        "state": "WA",
        "price": "2400",
        "price_per_unit": "4800",
        "price_unit": "ML"
      },
      {
        "state": "SA",
        "price": "2400",
        "price_per_unit": "4800",
        "price_unit": "ML"
      },
      {
        "state": "ACT",
        "price": "2400",
        "price_per_unit": "4800",
        "price_unit": "ML"
      }
    ]
  },
  {
    "source_url": "https://www.woolworths.com.au/shop/productdetails/170352/mcobeauty-hydrating-day-night-face-moisturiser",
    "name": "MCoBeauty Hydrating Day & Night Face Moisturiser 50g",
    "image_url": "https://cdn1.woolworths.media/content/wowproductimages/large/170352.jpg",
    "source_id": "Woolworths - 170352",
    "barcode": "9331880014537",
    "category_id": "1_894D0A8",
    "shop": "Woolworths",
    "weight": "100G",
    "prices": [
      {
        "state": "NSW",
        "price": "3200",
        "price_per_unit": "6400",
        "price_unit": "G"
      },
      {
        "state": "VIC",
        "price": "3200",
        "price_per_unit": "6400",
        "price_unit": "G"
      },
      {
        "state": "QLD",
        "price": "3200",
        "price_per_unit": "6400",
        "price_unit": "G"
      },
      {
        "state": "WA",
        "price": "3200",
        "price_per_unit": "6400",
        "price_unit": "G"
      },
      {
        "state": "SA",
        "price": "3200",
        "price_per_unit": "6400",
        "price_unit": "G"
      },
      {
        "state": "TAS",
        "price": "3200",
        "price_per_unit": "6400",
        "price_unit": "G"
      },
      {
        "state": "ACT",
        "price": "3200",
        "price_per_unit": "6400",
        "price_unit": "G"
      },
      {
        "state": "NT",
        "price": "3200",
        "price_per_unit": "6400",
        "price_unit": "G"
      }
    ]
  },
  {
    "source_url": "https://www.woolworths.com.au/shop/productdetails/170355/mcobeauty-hydrating-hyaluronic-acid-vitamin-c-face-serum",
    "name": "MCoBeauty Hydrating Hyaluronic Acid & Vitamin c Face Serum 30ml",
    "image_url": "https://cdn1.woolworths.media/content/wowproductimages/large/170355.jpg",
    "source_id": "Woolworths - 170355",
    "barcode": "9331880014575",
    "category_id": "1_894D0A8",
    "shop": "Woolworths",
    "weight": "10ML",
    "prices": [
      {
        "state": "NSW",
        "price": "3500",
        "price_per_unit": "1167",
        "price_unit": "ML"
      },
      {
        "state": "VIC",
        "price": "3500",
        "price_per_unit": "1167",
        "price_unit": "ML"
      },
      {
        "state": "QLD",
        "price": "3500",
        "price_per_unit": "1167",
        "price_unit": "ML"
      },
      {
        "state": "WA",
        "price": "3500",
        "price_per_unit": "1167",
        "price_unit": "ML"
      },
      {
        "state": "SA",
        "price": "3500",
        "price_per_unit": "1167",
        "price_unit": "ML"
      },
      {
        "state": "TAS",
        "price": "3500",
        "price_per_unit": "1167",
        "price_unit": "ML"
      },
      {
        "state": "ACT",
        "price": "3500",
        "price_per_unit": "1167",
        "price_unit": "ML"
      },
      {
        "state": "NT",
        "price": "3500",
        "price_per_unit": "1167",
        "price_unit": "ML"
      }
    ]
  },
  {
    "source_url": "https://www.woolworths.com.au/shop/productdetails/197029/neutrogena-hydro-boost-hyaluronic-acid-face-serum",
    "name": "Neutrogena Hydro Boost Hyaluronic Acid Face Serum 30mL",
    "image_url": "https://cdn1.woolworths.media/content/wowproductimages/large/197029.jpg",
    "source_id": "Woolworths - 197029",
    "barcode": "9300607563115",
    "category_id": "1_894D0A8",
    "shop": "Woolworths",
    "weight": "100ML",
    "prices": [
      {
        "state": "NSW",
        "price": "2280",
        "price_per_unit": "7600",
        "price_unit": "ML"
      },
      {
        "state": "VIC",
        "price": "2280",
        "price_per_unit": "7600",
        "price_unit": "ML"
      },
      {
        "state": "QLD",
        "price": "2280",
        "price_per_unit": "7600",
        "price_unit": "ML"
      },
      {
        "state": "WA",
        "price": "2280",
        "price_per_unit": "7600",
        "price_unit": "ML"
      },
      {
        "state": "SA",
        "price": "2280",
        "price_per_unit": "7600",
        "price_unit": "ML"
      },
      {
        "state": "TAS",
        "price": "2280",
        "price_per_unit": "7600",
        "price_unit": "ML"
      },
      {
        "state": "ACT",
        "price": "2280",
        "price_per_unit": "7600",
        "price_unit": "ML"
      },
      {
        "state": "NT",
        "price": "2280",
        "price_per_unit": "7600",
        "price_unit": "ML"
      }
    ]
  },
  {
    "source_url": "https://www.woolworths.com.au/shop/productdetails/798188/neutrogena-hydro-boost-hyaluronic-acid-night-cream-face-moisturiser",
    "name": "Neutrogena Hydro Boost Hyaluronic Acid Night Cream Face Moisturiser 50g",
    "image_url": "https://cdn1.woolworths.media/content/wowproductimages/large/798188.jpg",
    "source_id": "Woolworths - 798188",
    "barcode": "9300607563252",
    "category_id": "1_894D0A8",
    "shop": "Woolworths",
    "weight": "100G",
    "prices": [
      {
        "state": "NSW",
        "price": "2100",
        "price_per_unit": "4200",
        "price_unit": "G"
      },
      {
        "state": "VIC",
        "price": "2100",
        "price_per_unit": "4200",
        "price_unit": "G"
      },
      {
        "state": "QLD",
        "price": "2100",
        "price_per_unit": "4200",
        "price_unit": "G"
      },
      {
        "state": "WA",
        "price": "2100",
        "price_per_unit": "4200",
        "price_unit": "G"
      },
      {
        "state": "SA",
        "price": "2100",
        "price_per_unit": "4200",
        "price_unit": "G"
      },
      {
        "state": "TAS",
        "price": "2100",
        "price_per_unit": "4200",
        "price_unit": "G"
      },
      {
        "state": "ACT",
        "price": "2100",
        "price_per_unit": "4200",
        "price_unit": "G"
      },
      {
        "state": "NT",
        "price": "2100",
        "price_per_unit": "4200",
        "price_unit": "G"
      }
    ]
  },
  {
    "source_url": "https://www.woolworths.com.au/shop/productdetails/503708/neutrogena-hydro-boost-hyaluronic-acid-nourishing-cream-moisturiser",
    "name": "Neutrogena Hydro Boost Hyaluronic Acid Nourishing Cream Moisturiser 50g",
    "image_url": "https://cdn1.woolworths.media/content/wowproductimages/large/503708.jpg",
    "source_id": "Woolworths - 503708",
    "barcode": "9300607563269",
    "category_id": "1_894D0A8",
    "shop": "Woolworths",
    "weight": "100G",
    "prices": [
      {
        "state": "NSW",
        "price": "2280",
        "price_per_unit": "4560",
        "price_unit": "G"
      },
      {
        "state": "VIC",
        "price": "2280",
        "price_per_unit": "4560",
        "price_unit": "G"
      },
      {
        "state": "QLD",
        "price": "2280",
        "price_per_unit": "4560",
        "price_unit": "G"
      },
      {
        "state": "WA",
        "price": "2280",
        "price_per_unit": "4560",
        "price_unit": "G"
      },
      {
        "state": "SA",
        "price": "2280",
        "price_per_unit": "4560",
        "price_unit": "G"
      },
      {
        "state": "TAS",
        "price": "2280",
        "price_per_unit": "4560",
        "price_unit": "G"
      },
      {
        "state": "ACT",
        "price": "2280",
        "price_per_unit": "4560",
        "price_unit": "G"
      },
      {
        "state": "NT",
        "price": "2280",
        "price_per_unit": "4560",
        "price_unit": "G"
      }
    ]
  },
  {
    "source_url": "https://www.woolworths.com.au/shop/productdetails/255304/neutrogena-hydro-boost-hyaluronic-acid-water-gel-moisturiser-refill",
    "name": "Neutrogena Hydro Boost Hyaluronic Acid Water Gel Moisturiser Refill 50g",
    "image_url": "https://cdn1.woolworths.media/content/wowproductimages/large/255304.jpg",
    "source_id": "Woolworths - 255304",
    "barcode": "9300607563245",
    "category_id": "1_894D0A8",
    "shop": "Woolworths",
    "weight": "100G",
    "prices": [
      {
        "state": "NSW",
        "price": "1800",
        "price_per_unit": "3600",
        "price_unit": "G"
      },
      {
        "state": "VIC",
        "price": "1800",
        "price_per_unit": "3600",
        "price_unit": "G"
      },
      {
        "state": "QLD",
        "price": "1800",
        "price_per_unit": "3600",
        "price_unit": "G"
      },
      {
        "state": "WA",
        "price": "1800",
        "price_per_unit": "3600",
        "price_unit": "G"
      },
      {
        "state": "SA",
        "price": "1800",
        "price_per_unit": "3600",
        "price_unit": "G"
      },
      {
        "state": "TAS",
        "price": "1800",
        "price_per_unit": "3600",
        "price_unit": "G"
      },
      {
        "state": "ACT",
        "price": "1800",
        "price_per_unit": "3600",
        "price_unit": "G"
      },
      {
        "state": "NT",
        "price": "1800",
        "price_per_unit": "3600",
        "price_unit": "G"
      }
    ]
  },
  {
    "source_url": "https://www.woolworths.com.au/shop/productdetails/326617/neutrogena-ultra-gentle-daily-face-moisturiser-spf15",
    "name": "Neutrogena Neutrogena Ultra Gentle Daily Face Moisturiser SPF15 100mL",
    "image_url": "https://cdn1.woolworths.media/content/wowproductimages/large/326617.jpg",
    "source_id": "Woolworths - 326617",
    "barcode": "9300607563429",
    "category_id": "1_894D0A8",
    "shop": "Woolworths",
    "weight": "100ML",
    "prices": [
      {
        "state": "NSW",
        "price": "1260",
        "price_per_unit": "1260",
        "price_unit": "ML"
      },
      {
        "state": "VIC",
        "price": "1260",
        "price_per_unit": "1260",
        "price_unit": "ML"
      },
      {
        "state": "QLD",
        "price": "1260",
        "price_per_unit": "1260",
        "price_unit": "ML"
      },
      {
        "state": "WA",
        "price": "1260",
        "price_per_unit": "1260",
        "price_unit": "ML"
      },
      {
        "state": "SA",
        "price": "1260",
        "price_per_unit": "1260",
        "price_unit": "ML"
      },
      {
        "state": "TAS",
        "price": "1260",
        "price_per_unit": "1260",
        "price_unit": "ML"
      },
      {
        "state": "ACT",
        "price": "1260",
        "price_per_unit": "1260",
        "price_unit": "ML"
      },
      {
        "state": "NT",
        "price": "1260",
        "price_per_unit": "1260",
        "price_unit": "ML"
      }
    ]
  },
  {
    "source_url": "https://www.woolworths.com.au/shop/productdetails/326937/neutrogena-ultra-gentle-daily-face-moisturiser-sensitive",
    "name": "Neutrogena Ultra Gentle Daily Face Moisturiser Sensitive 100mL",
    "image_url": "https://cdn1.woolworths.media/content/wowproductimages/large/326937.jpg",
    "source_id": "Woolworths - 326937",
    "barcode": "9300607563412",
    "category_id": "1_894D0A8",
    "shop": "Woolworths",
    "weight": "100ML",
    "prices": [
      {
        "state": "NSW",
        "price": "1260",
        "price_per_unit": "1260",
        "price_unit": "ML"
      },
      {
        "state": "VIC",
        "price": "1260",
        "price_per_unit": "1260",
        "price_unit": "ML"
      },
      {
        "state": "QLD",
        "price": "1260",
        "price_per_unit": "1260",
        "price_unit": "ML"
      },
      {
        "state": "WA",
        "price": "1260",
        "price_per_unit": "1260",
        "price_unit": "ML"
      },
      {
        "state": "SA",
        "price": "1260",
        "price_per_unit": "1260",
        "price_unit": "ML"
      },
      {
        "state": "TAS",
        "price": "1260",
        "price_per_unit": "1260",
        "price_unit": "ML"
      },
      {
        "state": "ACT",
        "price": "1260",
        "price_per_unit": "1260",
        "price_unit": "ML"
      },
      {
        "state": "NT",
        "price": "1260",
        "price_per_unit": "1260",
        "price_unit": "ML"
      }
    ]
  },
  {
    "source_url": "https://www.woolworths.com.au/shop/productdetails/908687/neutrogena-visible-repair-retinol-night-moisturizer",
    "name": "Neutrogena Visible Repair Retinol Night Moisturizer 30mL",
    "image_url": "https://cdn1.woolworths.media/content/wowproductimages/large/908687.jpg",
    "source_id": "Woolworths - 908687",
    "barcode": "9300607563580",
    "category_id": "1_894D0A8",
    "shop": "Woolworths",
    "weight": "100ML",
    "prices": [
      {
        "state": "NSW",
        "price": "2700",
        "price_per_unit": "9000",
        "price_unit": "ML"
      },
      {
        "state": "VIC",
        "price": "2700",
        "price_per_unit": "9000",
        "price_unit": "ML"
      },
      {
        "state": "QLD",
        "price": "2700",
        "price_per_unit": "9000",
        "price_unit": "ML"
      },
      {
        "state": "WA",
        "price": "2700",
        "price_per_unit": "9000",
        "price_unit": "ML"
      },
      {
        "state": "SA",
        "price": "2700",
        "price_per_unit": "9000",
        "price_unit": "ML"
      },
      {
        "state": "TAS",
        "price": "2700",
        "price_per_unit": "9000",
        "price_unit": "ML"
      },
      {
        "state": "ACT",
        "price": "2700",
        "price_per_unit": "9000",
        "price_unit": "ML"
      },
      {
        "state": "NT",
        "price": "2700",
        "price_per_unit": "9000",
        "price_unit": "ML"
      }
    ]
  },
  {
    "source_url": "https://www.woolworths.com.au/shop/productdetails/908685/neutrogena-visible-repair-retinol-regenerating-cream",
    "name": "Neutrogena Visible Repair Retinol Regenerating Cream 50g",
    "image_url": "https://cdn1.woolworths.media/content/wowproductimages/large/908685.jpg",
    "source_id": "Woolworths - 908685",
    "barcode": "9300607563597",
    "category_id": "1_894D0A8",
    "shop": "Woolworths",
    "weight": "100G",
    "prices": [
      {
        "state": "NSW",
        "price": "3300",
        "price_per_unit": "6600",
        "price_unit": "G"
      },
      {
        "state": "VIC",
        "price": "3300",
        "price_per_unit": "6600",
        "price_unit": "G"
      },
      {
        "state": "QLD",
        "price": "3300",
        "price_per_unit": "6600",
        "price_unit": "G"
      },
      {
        "state": "WA",
        "price": "3300",
        "price_per_unit": "6600",
        "price_unit": "G"
      },
      {
        "state": "SA",
        "price": "3300",
        "price_per_unit": "6600",
        "price_unit": "G"
      },
      {
        "state": "TAS",
        "price": "3300",
        "price_per_unit": "6600",
        "price_unit": "G"
      },
      {
        "state": "ACT",
        "price": "3300",
        "price_per_unit": "6600",
        "price_unit": "G"
      },
      {
        "state": "NT",
        "price": "3300",
        "price_per_unit": "6600",
        "price_unit": "G"
      }
    ]
  },
  {
    "source_url": "https://www.woolworths.com.au/shop/productdetails/908686/neutrogena-visible-repair-retinol-serum",
    "name": "Neutrogena Visible Repair Retinol Serum 30mL",
    "image_url": "https://cdn1.woolworths.media/content/wowproductimages/large/908686.jpg",
    "source_id": "Woolworths - 908686",
    "barcode": "9300607563573",
    "category_id": "1_894D0A8",
    "shop": "Woolworths",
    "weight": "100ML",
    "prices": [
      {
        "state": "NSW",
        "price": "3300",
        "price_per_unit": "11000",
        "price_unit": "ML"
      },
      {
        "state": "VIC",
        "price": "3300",
        "price_per_unit": "11000",
        "price_unit": "ML"
      },
      {
        "state": "QLD",
        "price": "3300",
        "price_per_unit": "11000",
        "price_unit": "ML"
      },
      {
        "state": "WA",
        "price": "3300",
        "price_per_unit": "11000",
        "price_unit": "ML"
      },
      {
        "state": "SA",
        "price": "3300",
        "price_per_unit": "11000",
        "price_unit": "ML"
      },
      {
        "state": "TAS",
        "price": "3300",
        "price_per_unit": "11000",
        "price_unit": "ML"
      },
      {
        "state": "ACT",
        "price": "3300",
        "price_per_unit": "11000",
        "price_unit": "ML"
      },
      {
        "state": "NT",
        "price": "3300",
        "price_per_unit": "11000",
        "price_unit": "ML"
      }
    ]
  },
  {
    "source_url": "https://www.woolworths.com.au/shop/productdetails/278914/nivea-cellular-filler-expert-day-face-moisturiser-cream",
    "name": "Nivea Cellular Filler Expert Day Face Moisturiser Cream 50mL",
    "image_url": "https://cdn1.woolworths.media/content/wowproductimages/large/278914.jpg",
    "source_id": "Woolworths - 278914",
    "barcode": "4005900957085",
    "category_id": "1_894D0A8",
    "shop": "Woolworths",
    "weight": "100ML",
    "prices": [
      {
        "state": "NSW",
        "price": "3600",
        "price_per_unit": "7200",
        "price_unit": "ML"
      },
      {
        "state": "VIC",
        "price": "3600",
        "price_per_unit": "7200",
        "price_unit": "ML"
      },
      {
        "state": "QLD",
        "price": "3600",
        "price_per_unit": "7200",
        "price_unit": "ML"
      },
      {
        "state": "WA",
        "price": "3600",
        "price_per_unit": "7200",
        "price_unit": "ML"
      },
      {
        "state": "SA",
        "price": "3600",
        "price_per_unit": "7200",
        "price_unit": "ML"
      },
      {
        "state": "TAS",
        "price": "3600",
        "price_per_unit": "7200",
        "price_unit": "ML"
      },
      {
        "state": "ACT",
        "price": "3600",
        "price_per_unit": "7200",
        "price_unit": "ML"
      },
      {
        "state": "NT",
        "price": "3600",
        "price_per_unit": "7200",
        "price_unit": "ML"
      }
    ]
  },
  {
    "source_url": "https://www.woolworths.com.au/shop/productdetails/278915/nivea-cellular-filler-expert-night-facial-moisturising-cream",
    "name": "Nivea Cellular Filler Expert Night Facial Moisturising Cream 50ml",
    "image_url": "https://cdn1.woolworths.media/content/wowproductimages/large/278915.jpg",
    "source_id": "Woolworths - 278915",
    "barcode": "4005900957092",
    "category_id": "1_894D0A8",
    "shop": "Woolworths",
    "weight": "100ML",
    "prices": [
      {
        "state": "NSW",
        "price": "3600",
        "price_per_unit": "7200",
        "price_unit": "ML"
      },
      {
        "state": "VIC",
        "price": "3600",
        "price_per_unit": "7200",
        "price_unit": "ML"
      },
      {
        "state": "QLD",
        "price": "3600",
        "price_per_unit": "7200",
        "price_unit": "ML"
      },
      {
        "state": "WA",
        "price": "3600",
        "price_per_unit": "7200",
        "price_unit": "ML"
      },
      {
        "state": "SA",
        "price": "3600",
        "price_per_unit": "7200",
        "price_unit": "ML"
      },
      {
        "state": "TAS",
        "price": "3600",
        "price_per_unit": "7200",
        "price_unit": "ML"
      },
      {
        "state": "ACT",
        "price": "3600",
        "price_per_unit": "7200",
        "price_unit": "ML"
      },
      {
        "state": "NT",
        "price": "3600",
        "price_per_unit": "7200",
        "price_unit": "ML"
      }
    ]
  },
  {
    "source_url": "https://www.woolworths.com.au/shop/productdetails/275019/nivea-cellular-filler-hylauronic-serum",
    "name": "Nivea Cellular Filler Hylauronic Serum 30mL",
    "image_url": "https://cdn1.woolworths.media/content/wowproductimages/large/275019.jpg",
    "source_id": "Woolworths - 275019",
    "barcode": "4005900992635",
    "category_id": "1_894D0A8",
    "shop": "Woolworths",
    "weight": "100ML",
    "prices": [
      {
        "state": "NSW",
        "price": "4500",
        "price_per_unit": "15000",
        "price_unit": "ML"
      },
      {
        "state": "VIC",
        "price": "4500",
        "price_per_unit": "15000",
        "price_unit": "ML"
      },
      {
        "state": "QLD",
        "price": "4500",
        "price_per_unit": "15000",
        "price_unit": "ML"
      },
      {
        "state": "WA",
        "price": "4500",
        "price_per_unit": "15000",
        "price_unit": "ML"
      },
      {
        "state": "SA",
        "price": "4500",
        "price_per_unit": "15000",
        "price_unit": "ML"
      },
      {
        "state": "TAS",
        "price": "4500",
        "price_per_unit": "15000",
        "price_unit": "ML"
      },
      {
        "state": "ACT",
        "price": "4500",
        "price_per_unit": "15000",
        "price_unit": "ML"
      },
      {
        "state": "NT",
        "price": "4500",
        "price_per_unit": "15000",
        "price_unit": "ML"
      }
    ]
  },
  {
    "source_url": "https://www.woolworths.com.au/shop/productdetails/196583/nivea-cellular-lift-expert-anti-age-night-cream-moisturiser",
    "name": "Nivea Cellular Lift Expert Anti-Age Night Cream Moisturiser 50ml",
    "image_url": "https://cdn1.woolworths.media/content/wowproductimages/large/196583.jpg",
    "source_id": "Woolworths - 196583",
    "barcode": "4005900940292",
    "category_id": "1_894D0A8",
    "shop": "Woolworths",
    "weight": "100ML",
    "prices": [
      {
        "state": "NSW",
        "price": "3800",
        "price_per_unit": "7600",
        "price_unit": "ML"
      },
      {
        "state": "WA",
        "price": "3800",
        "price_per_unit": "7600",
        "price_unit": "ML"
      },
      {
        "state": "SA",
        "price": "3800",
        "price_per_unit": "7600",
        "price_unit": "ML"
      },
      {
        "state": "ACT",
        "price": "3800",
        "price_per_unit": "7600",
        "price_unit": "ML"
      }
    ]
  },
  {
    "source_url": "https://www.woolworths.com.au/shop/productdetails/196582/nivea-cellular-lift-expert-face-cream-moisturiser-spf15",
    "name": "Nivea Cellular Lift Expert Face Cream Moisturiser SPF15 each",
    "image_url": "https://cdn1.woolworths.media/content/wowproductimages/large/196582.jpg",
    "source_id": "Woolworths - 196582",
    "barcode": "4005900940308",
    "category_id": "1_894D0A8",
    "shop": "Woolworths",
    "weight": "100ML",
    "prices": [
      {
        "state": "NSW",
        "price": "3800",
        "price_per_unit": "7600",
        "price_unit": "ML"
      },
      {
        "state": "WA",
        "price": "3800",
        "price_per_unit": "7600",
        "price_unit": "ML"
      },
      {
        "state": "SA",
        "price": "3800",
        "price_per_unit": "7600",
        "price_unit": "ML"
      },
      {
        "state": "ACT",
        "price": "3800",
        "price_per_unit": "7600",
        "price_unit": "ML"
      }
    ]
  },
  {
    "source_url": "https://www.woolworths.com.au/shop/productdetails/449786/nivea-expert-lift-cellular-3-zone-lifting-serum",
    "name": "Nivea Expert Lift Cellular 3 Zone Lifting Serum 30mL",
    "image_url": "https://cdn1.woolworths.media/content/wowproductimages/large/449786.jpg",
    "source_id": "Woolworths - 449786",
    "barcode": "4006000015323",
    "category_id": "1_894D0A8",
    "shop": "Woolworths",
    "weight": "100ML",
    "prices": [
      {
        "state": "NSW",
        "price": "5000",
        "price_per_unit": "16667",
        "price_unit": "ML"
      },
      {
        "state": "VIC",
        "price": "5000",
        "price_per_unit": "16667",
        "price_unit": "ML"
      },
      {
        "state": "QLD",
        "price": "5000",
        "price_per_unit": "16667",
        "price_unit": "ML"
      },
      {
        "state": "WA",
        "price": "5000",
        "price_per_unit": "16667",
        "price_unit": "ML"
      },
      {
        "state": "SA",
        "price": "5000",
        "price_per_unit": "16667",
        "price_unit": "ML"
      },
      {
        "state": "TAS",
        "price": "5000",
        "price_per_unit": "16667",
        "price_unit": "ML"
      },
      {
        "state": "ACT",
        "price": "5000",
        "price_per_unit": "16667",
        "price_unit": "ML"
      },
      {
        "state": "NT",
        "price": "5000",
        "price_per_unit": "16667",
        "price_unit": "ML"
      }
    ]
  },
  {
    "source_url": "https://www.woolworths.com.au/shop/productdetails/730306/nivea-hydrating-day-face-cream-moisturiser-with-spf30",
    "name": "Nivea Hydrating Day Face Cream Moisturiser With Spf30 50ml",
    "image_url": "https://cdn1.woolworths.media/content/wowproductimages/large/730306.jpg",
    "source_id": "Woolworths - 730306",
    "barcode": "4005800096662",
    "category_id": "1_894D0A8",
    "shop": "Woolworths",
    "weight": "100ML",
    "prices": [
      {
        "state": "NSW",
        "price": "1500",
        "price_per_unit": "3000",
        "price_unit": "ML"
      },
      {
        "state": "VIC",
        "price": "1500",
        "price_per_unit": "3000",
        "price_unit": "ML"
      },
      {
        "state": "QLD",
        "price": "1500",
        "price_per_unit": "3000",
        "price_unit": "ML"
      },
      {
        "state": "WA",
        "price": "1500",
        "price_per_unit": "3000",
        "price_unit": "ML"
      },
      {
        "state": "SA",
        "price": "1500",
        "price_per_unit": "3000",
        "price_unit": "ML"
      },
      {
        "state": "TAS",
        "price": "1500",
        "price_per_unit": "3000",
        "price_unit": "ML"
      },
      {
        "state": "ACT",
        "price": "1500",
        "price_per_unit": "3000",
        "price_unit": "ML"
      },
      {
        "state": "NT",
        "price": "1500",
        "price_per_unit": "3000",
        "price_unit": "ML"
      }
    ]
  },
  {
    "source_url": "https://www.woolworths.com.au/shop/productdetails/381551/nivea-hydrating-night-cream-face-moisturiser-with-vitamin-e",
    "name": "Nivea Hydrating Night Cream Face Moisturiser With Vitamin e 50ml",
    "image_url": "https://cdn1.woolworths.media/content/wowproductimages/large/381551.jpg",
    "source_id": "Woolworths - 381551",
    "barcode": "4005800083242",
    "category_id": "1_894D0A8",
    "shop": "Woolworths",
    "weight": "100ML",
    "prices": [
      {
        "state": "NSW",
        "price": "1500",
        "price_per_unit": "3000",
        "price_unit": "ML"
      },
      {
        "state": "VIC",
        "price": "1500",
        "price_per_unit": "3000",
        "price_unit": "ML"
      },
      {
        "state": "QLD",
        "price": "1500",
        "price_per_unit": "3000",
        "price_unit": "ML"
      },
      {
        "state": "WA",
        "price": "1500",
        "price_per_unit": "3000",
        "price_unit": "ML"
      },
      {
        "state": "SA",
        "price": "1500",
        "price_per_unit": "3000",
        "price_unit": "ML"
      },
      {
        "state": "TAS",
        "price": "1500",
        "price_per_unit": "3000",
        "price_unit": "ML"
      },
      {
        "state": "ACT",
        "price": "1500",
        "price_per_unit": "3000",
        "price_unit": "ML"
      },
      {
        "state": "NT",
        "price": "1500",
        "price_per_unit": "3000",
        "price_unit": "ML"
      }
    ]
  },
  {
    "source_url": "https://www.woolworths.com.au/shop/productdetails/730320/nivea-nourishing-day-face-cream-moisturiser-with-spf30",
    "name": "Nivea Nourishing Day Face Cream Moisturiser With Spf30 50ml",
    "image_url": "https://cdn1.woolworths.media/content/wowproductimages/large/730320.jpg",
    "source_id": "Woolworths - 730320",
    "barcode": "4005800096693",
    "category_id": "1_894D0A8",
    "shop": "Woolworths",
    "weight": "100ML",
    "prices": [
      {
        "state": "NSW",
        "price": "1500",
        "price_per_unit": "3000",
        "price_unit": "ML"
      },
      {
        "state": "VIC",
        "price": "1500",
        "price_per_unit": "3000",
        "price_unit": "ML"
      },
      {
        "state": "QLD",
        "price": "1500",
        "price_per_unit": "3000",
        "price_unit": "ML"
      },
      {
        "state": "WA",
        "price": "1500",
        "price_per_unit": "3000",
        "price_unit": "ML"
      },
      {
        "state": "SA",
        "price": "1500",
        "price_per_unit": "3000",
        "price_unit": "ML"
      },
      {
        "state": "TAS",
        "price": "1500",
        "price_per_unit": "3000",
        "price_unit": "ML"
      },
      {
        "state": "ACT",
        "price": "1500",
        "price_per_unit": "3000",
        "price_unit": "ML"
      },
      {
        "state": "NT",
        "price": "1500",
        "price_per_unit": "3000",
        "price_unit": "ML"
      }
    ]
  },
  {
    "source_url": "https://www.woolworths.com.au/shop/productdetails/819950/nivea-q10-anti-wrinkle-day-cream-anti-ageing-moisturiser-spf30",
    "name": "Nivea Q10 Anti Wrinkle Day Cream Anti Ageing Moisturiser Spf30 50ml",
    "image_url": "https://cdn1.woolworths.media/content/wowproductimages/large/819950.jpg",
    "source_id": "Woolworths - 819950",
    "barcode": "4005900566768",
    "category_id": "1_894D0A8",
    "shop": "Woolworths",
    "weight": "100ML",
    "prices": [
      {
        "state": "NSW",
        "price": "2800",
        "price_per_unit": "5600",
        "price_unit": "ML"
      },
      {
        "state": "VIC",
        "price": "2800",
        "price_per_unit": "5600",
        "price_unit": "ML"
      },
      {
        "state": "QLD",
        "price": "2800",
        "price_per_unit": "5600",
        "price_unit": "ML"
      },
      {
        "state": "WA",
        "price": "2800",
        "price_per_unit": "5600",
        "price_unit": "ML"
      },
      {
        "state": "SA",
        "price": "2800",
        "price_per_unit": "5600",
        "price_unit": "ML"
      },
      {
        "state": "TAS",
        "price": "2800",
        "price_per_unit": "5600",
        "price_unit": "ML"
      },
      {
        "state": "ACT",
        "price": "2800",
        "price_per_unit": "5600",
        "price_unit": "ML"
      },
      {
        "state": "NT",
        "price": "2800",
        "price_per_unit": "5600",
        "price_unit": "ML"
      }
    ]
  },
  {
    "source_url": "https://www.woolworths.com.au/shop/productdetails/73004/nivea-q10-anti-wrinkle-mature-day-cream-face-moisturiser",
    "name": "Nivea Q10 Anti Wrinkle Mature Day Cream Face Moisturiser 50ml",
    "image_url": "https://cdn1.woolworths.media/content/wowproductimages/large/073004.jpg",
    "source_id": "Woolworths - 73004",
    "barcode": "4005900661364",
    "category_id": "1_894D0A8",
    "shop": "Woolworths",
    "weight": "100ML",
    "prices": [
      {
        "state": "NSW",
        "price": "3000",
        "price_per_unit": "6000",
        "price_unit": "ML"
      },
      {
        "state": "VIC",
        "price": "3000",
        "price_per_unit": "6000",
        "price_unit": "ML"
      },
      {
        "state": "QLD",
        "price": "3000",
        "price_per_unit": "6000",
        "price_unit": "ML"
      },
      {
        "state": "WA",
        "price": "3000",
        "price_per_unit": "6000",
        "price_unit": "ML"
      },
      {
        "state": "SA",
        "price": "3000",
        "price_per_unit": "6000",
        "price_unit": "ML"
      },
      {
        "state": "TAS",
        "price": "3000",
        "price_per_unit": "6000",
        "price_unit": "ML"
      },
      {
        "state": "ACT",
        "price": "3000",
        "price_per_unit": "6000",
        "price_unit": "ML"
      },
      {
        "state": "NT",
        "price": "3000",
        "price_per_unit": "6000",
        "price_unit": "ML"
      }
    ]
  },
  {
    "source_url": "https://www.woolworths.com.au/shop/productdetails/72668/nivea-q10-anti-wrinkle-mature-night-cream-face-moisturiser",
    "name": "Nivea Q10 Anti Wrinkle Mature Night Cream Face Moisturiser 50ml",
    "image_url": "https://cdn1.woolworths.media/content/wowproductimages/large/072668.jpg",
    "source_id": "Woolworths - 72668",
    "barcode": "4005900661371",
    "category_id": "1_894D0A8",
    "shop": "Woolworths",
    "weight": "100ML",
    "prices": [
      {
        "state": "NSW",
        "price": "3000",
        "price_per_unit": "6000",
        "price_unit": "ML"
      },
      {
        "state": "VIC",
        "price": "3000",
        "price_per_unit": "6000",
        "price_unit": "ML"
      },
      {
        "state": "QLD",
        "price": "3000",
        "price_per_unit": "6000",
        "price_unit": "ML"
      },
      {
        "state": "WA",
        "price": "3000",
        "price_per_unit": "6000",
        "price_unit": "ML"
      },
      {
        "state": "SA",
        "price": "3000",
        "price_per_unit": "6000",
        "price_unit": "ML"
      },
      {
        "state": "TAS",
        "price": "3000",
        "price_per_unit": "6000",
        "price_unit": "ML"
      },
      {
        "state": "ACT",
        "price": "3000",
        "price_per_unit": "6000",
        "price_unit": "ML"
      },
      {
        "state": "NT",
        "price": "3000",
        "price_per_unit": "6000",
        "price_unit": "ML"
      }
    ]
  },
  {
    "source_url": "https://www.woolworths.com.au/shop/productdetails/819945/nivea-q10-anti-wrinkle-night-cream-anti-ageing-moisturiser",
    "name": "Nivea Q10 Anti Wrinkle Night Cream Anti Ageing Moisturiser 50ml",
    "image_url": "https://cdn1.woolworths.media/content/wowproductimages/large/819945.jpg",
    "source_id": "Woolworths - 819945",
    "barcode": "4005900566782",
    "category_id": "1_894D0A8",
    "shop": "Woolworths",
    "weight": "100ML",
    "prices": [
      {
        "state": "NSW",
        "price": "2800",
        "price_per_unit": "5600",
        "price_unit": "ML"
      },
      {
        "state": "QLD",
        "price": "2800",
        "price_per_unit": "5600",
        "price_unit": "ML"
      },
      {
        "state": "WA",
        "price": "2800",
        "price_per_unit": "5600",
        "price_unit": "ML"
      },
      {
        "state": "SA",
        "price": "2800",
        "price_per_unit": "5600",
        "price_unit": "ML"
      },
      {
        "state": "TAS",
        "price": "2800",
        "price_per_unit": "5600",
        "price_unit": "ML"
      },
      {
        "state": "ACT",
        "price": "2800",
        "price_per_unit": "5600",
        "price_unit": "ML"
      },
      {
        "state": "NT",
        "price": "2800",
        "price_per_unit": "5600",
        "price_unit": "ML"
      }
    ]
  },
  {
    "source_url": "https://www.woolworths.com.au/shop/productdetails/334536/nivea-q10-anti-wrinkle-targeted-filler-serum",
    "name": "Nivea Q10 Anti Wrinkle Targeted Filler Serum 15ml",
    "image_url": "https://cdn1.woolworths.media/content/wowproductimages/large/334536.jpg",
    "source_id": "Woolworths - 334536",
    "barcode": "4005900975416",
    "category_id": "1_894D0A8",
    "shop": "Woolworths",
    "weight": "100ML",
    "prices": [
      {
        "state": "NSW",
        "price": "3600",
        "price_per_unit": "24000",
        "price_unit": "ML"
      },
      {
        "state": "VIC",
        "price": "3600",
        "price_per_unit": "24000",
        "price_unit": "ML"
      },
      {
        "state": "QLD",
        "price": "3600",
        "price_per_unit": "24000",
        "price_unit": "ML"
      },
      {
        "state": "WA",
        "price": "3600",
        "price_per_unit": "24000",
        "price_unit": "ML"
      },
      {
        "state": "SA",
        "price": "3600",
        "price_per_unit": "24000",
        "price_unit": "ML"
      },
      {
        "state": "TAS",
        "price": "3600",
        "price_per_unit": "24000",
        "price_unit": "ML"
      },
      {
        "state": "ACT",
        "price": "3600",
        "price_per_unit": "24000",
        "price_unit": "ML"
      },
      {
        "state": "NT",
        "price": "3600",
        "price_per_unit": "24000",
        "price_unit": "ML"
      }
    ]
  },
  {
    "source_url": "https://www.woolworths.com.au/shop/productdetails/496867/nivea-q10-dual-action-serum",
    "name": "Nivea Q10 Dual Action Serum 30ml",
    "image_url": "https://cdn1.woolworths.media/content/wowproductimages/large/496867.jpg",
    "source_id": "Woolworths - 496867",
    "barcode": "4006000074993",
    "category_id": "1_894D0A8",
    "shop": "Woolworths",
    "weight": "100ML",
    "prices": [
      {
        "state": "NSW",
        "price": "3600",
        "price_per_unit": "12000",
        "price_unit": "ML"
      },
      {
        "state": "VIC",
        "price": "3600",
        "price_per_unit": "12000",
        "price_unit": "ML"
      },
      {
        "state": "QLD",
        "price": "3600",
        "price_per_unit": "12000",
        "price_unit": "ML"
      },
      {
        "state": "WA",
        "price": "3600",
        "price_per_unit": "12000",
        "price_unit": "ML"
      },
      {
        "state": "SA",
        "price": "3600",
        "price_per_unit": "12000",
        "price_unit": "ML"
      },
      {
        "state": "TAS",
        "price": "3600",
        "price_per_unit": "12000",
        "price_unit": "ML"
      },
      {
        "state": "ACT",
        "price": "3600",
        "price_per_unit": "12000",
        "price_unit": "ML"
      },
      {
        "state": "NT",
        "price": "3600",
        "price_per_unit": "12000",
        "price_unit": "ML"
      }
    ]
  },
  {
    "source_url": "https://www.woolworths.com.au/shop/productdetails/318537/nobody-s-nobody-bronzing-drops",
    "name": "Nobody's Nobody Bronzing Drops 30ml",
    "image_url": "https://cdn1.woolworths.media/content/wowproductimages/large/318537.jpg",
    "source_id": "Woolworths - 318537",
    "barcode": "9357821005020",
    "category_id": "1_894D0A8",
    "shop": "Woolworths",
    "weight": "100ML",
    "prices": [
      {
        "state": "NSW",
        "price": "2500",
        "price_per_unit": "8333",
        "price_unit": "ML"
      },
      {
        "state": "VIC",
        "price": "2500",
        "price_per_unit": "8333",
        "price_unit": "ML"
      },
      {
        "state": "QLD",
        "price": "2500",
        "price_per_unit": "8333",
        "price_unit": "ML"
      },
      {
        "state": "WA",
        "price": "2500",
        "price_per_unit": "8333",
        "price_unit": "ML"
      },
      {
        "state": "SA",
        "price": "2500",
        "price_per_unit": "8333",
        "price_unit": "ML"
      },
      {
        "state": "TAS",
        "price": "2500",
        "price_per_unit": "8333",
        "price_unit": "ML"
      },
      {
        "state": "ACT",
        "price": "2500",
        "price_per_unit": "8333",
        "price_unit": "ML"
      },
      {
        "state": "NT",
        "price": "2500",
        "price_per_unit": "8333",
        "price_unit": "ML"
      }
    ]
  },
  {
    "source_url": "https://www.woolworths.com.au/shop/productdetails/930014/nobody-s-nobody-daily-perfect-tinted-primer",
    "name": "Nobody's Nobody Daily Perfect Tinted Primer 75mL",
    "image_url": "https://cdn1.woolworths.media/content/wowproductimages/large/930014.jpg",
    "source_id": "Woolworths - 930014",
    "barcode": "9357821005129",
    "category_id": "1_894D0A8",
    "shop": "Woolworths",
    "weight": "100ML",
    "prices": [
      {
        "state": "NSW",
        "price": "2900",
        "price_per_unit": "3867",
        "price_unit": "ML"
      },
      {
        "state": "WA",
        "price": "2900",
        "price_per_unit": "3867",
        "price_unit": "ML"
      },
      {
        "state": "SA",
        "price": "2900",
        "price_per_unit": "3867",
        "price_unit": "ML"
      },
      {
        "state": "ACT",
        "price": "2900",
        "price_per_unit": "3867",
        "price_unit": "ML"
      }
    ]
  },
  {
    "source_url": "https://www.woolworths.com.au/shop/productdetails/317535/nobody-s-nobody-face-wash-ph-balanced",
    "name": "Nobody's Nobody Face Wash Ph Balanced 150ml",
    "image_url": "https://cdn1.woolworths.media/content/wowproductimages/large/317535.jpg",
    "source_id": "Woolworths - 317535",
    "barcode": "9357821004986",
    "category_id": "1_894D0A8",
    "shop": "Woolworths",
    "weight": "100ML",
    "prices": [
      {
        "state": "NSW",
        "price": "1600",
        "price_per_unit": "1067",
        "price_unit": "ML"
      },
      {
        "state": "VIC",
        "price": "1600",
        "price_per_unit": "1067",
        "price_unit": "ML"
      },
      {
        "state": "QLD",
        "price": "1600",
        "price_per_unit": "1067",
        "price_unit": "ML"
      },
      {
        "state": "WA",
        "price": "1600",
        "price_per_unit": "1067",
        "price_unit": "ML"
      },
      {
        "state": "SA",
        "price": "1600",
        "price_per_unit": "1067",
        "price_unit": "ML"
      },
      {
        "state": "TAS",
        "price": "1600",
        "price_per_unit": "1067",
        "price_unit": "ML"
      },
      {
        "state": "ACT",
        "price": "1600",
        "price_per_unit": "1067",
        "price_unit": "ML"
      },
      {
        "state": "NT",
        "price": "1600",
        "price_per_unit": "1067",
        "price_unit": "ML"
      }
    ]
  },
  {
    "source_url": "https://www.woolworths.com.au/shop/productdetails/318428/nobody-s-nobody-glo-face-oil-serum",
    "name": "Nobody's Nobody Glo Face Oil Serum 30ml",
    "image_url": "https://cdn1.woolworths.media/content/wowproductimages/large/318428.jpg",
    "source_id": "Woolworths - 318428",
    "barcode": "9357821004993",
    "category_id": "1_894D0A8",
    "shop": "Woolworths",
    "weight": "100ML",
    "prices": [
      {
        "state": "NSW",
        "price": "2000",
        "price_per_unit": "6667",
        "price_unit": "ML"
      },
      {
        "state": "VIC",
        "price": "2000",
        "price_per_unit": "6667",
        "price_unit": "ML"
      },
      {
        "state": "WA",
        "price": "2000",
        "price_per_unit": "6667",
        "price_unit": "ML"
      },
      {
        "state": "SA",
        "price": "2000",
        "price_per_unit": "6667",
        "price_unit": "ML"
      },
      {
        "state": "TAS",
        "price": "2000",
        "price_per_unit": "6667",
        "price_unit": "ML"
      },
      {
        "state": "ACT",
        "price": "2000",
        "price_per_unit": "6667",
        "price_unit": "ML"
      }
    ]
  },
  {
    "source_url": "https://www.woolworths.com.au/shop/productdetails/927562/nobody-s-nobody-luxe-rich-cream",
    "name": "Nobody's Nobody Luxe Rich Cream 50mL",
    "image_url": "https://cdn1.woolworths.media/content/wowproductimages/large/927562.jpg",
    "source_id": "Woolworths - 927562",
    "barcode": "9357821005143",
    "category_id": "1_894D0A8",
    "shop": "Woolworths",
    "weight": "100ML",
    "prices": [
      {
        "state": "NSW",
        "price": "3000",
        "price_per_unit": "6000",
        "price_unit": "ML"
      },
      {
        "state": "VIC",
        "price": "3000",
        "price_per_unit": "6000",
        "price_unit": "ML"
      },
      {
        "state": "QLD",
        "price": "3000",
        "price_per_unit": "6000",
        "price_unit": "ML"
      },
      {
        "state": "WA",
        "price": "3000",
        "price_per_unit": "6000",
        "price_unit": "ML"
      },
      {
        "state": "SA",
        "price": "3000",
        "price_per_unit": "6000",
        "price_unit": "ML"
      },
      {
        "state": "TAS",
        "price": "3000",
        "price_per_unit": "6000",
        "price_unit": "ML"
      },
      {
        "state": "ACT",
        "price": "3000",
        "price_per_unit": "6000",
        "price_unit": "ML"
      },
      {
        "state": "NT",
        "price": "3000",
        "price_per_unit": "6000",
        "price_unit": "ML"
      }
    ]
  },
  {
    "source_url": "https://www.woolworths.com.au/shop/productdetails/317906/nobody-s-nobody-multi-tasking-5-in-1-face-serum",
    "name": "Nobody's Nobody Multi Tasking 5 In 1 Face Serum 30ml",
    "image_url": "https://cdn1.woolworths.media/content/wowproductimages/large/317906.jpg",
    "source_id": "Woolworths - 317906",
    "barcode": "9357821005068",
    "category_id": "1_894D0A8",
    "shop": "Woolworths",
    "weight": "100ML",
    "prices": [
      {
        "state": "NSW",
        "price": "2900",
        "price_per_unit": "9667",
        "price_unit": "ML"
      },
      {
        "state": "VIC",
        "price": "2900",
        "price_per_unit": "9667",
        "price_unit": "ML"
      },
      {
        "state": "QLD",
        "price": "2900",
        "price_per_unit": "9667",
        "price_unit": "ML"
      },
      {
        "state": "WA",
        "price": "2900",
        "price_per_unit": "9667",
        "price_unit": "ML"
      },
      {
        "state": "SA",
        "price": "2900",
        "price_per_unit": "9667",
        "price_unit": "ML"
      },
      {
        "state": "TAS",
        "price": "2900",
        "price_per_unit": "9667",
        "price_unit": "ML"
      },
      {
        "state": "ACT",
        "price": "2900",
        "price_per_unit": "9667",
        "price_unit": "ML"
      },
      {
        "state": "NT",
        "price": "2900",
        "price_per_unit": "9667",
        "price_unit": "ML"
      }
    ]
  },
  {
    "source_url": "https://www.woolworths.com.au/shop/productdetails/317536/nobody-s-nobody-retinol-target-serum",
    "name": "Nobody's Nobody Retinol Target Serum 30ml",
    "image_url": "https://cdn1.woolworths.media/content/wowproductimages/large/317536.jpg",
    "source_id": "Woolworths - 317536",
    "barcode": "9357821005051",
    "category_id": "1_894D0A8",
    "shop": "Woolworths",
    "weight": "100ML",
    "prices": [
      {
        "state": "NSW",
        "price": "2200",
        "price_per_unit": "7333",
        "price_unit": "ML"
      },
      {
        "state": "WA",
        "price": "2200",
        "price_per_unit": "7333",
        "price_unit": "ML"
      },
      {
        "state": "SA",
        "price": "2200",
        "price_per_unit": "7333",
        "price_unit": "ML"
      },
      {
        "state": "ACT",
        "price": "2200",
        "price_per_unit": "7333",
        "price_unit": "ML"
      }
    ]
  },
  {
    "source_url": "https://www.woolworths.com.au/shop/productdetails/317614/nobody-s-nobody-vitamin-c-brightening-serum",
    "name": "Nobody's Nobody Vitamin c Brightening Serum 30ml",
    "image_url": "https://cdn1.woolworths.media/content/wowproductimages/large/317614.jpg",
    "source_id": "Woolworths - 317614",
    "barcode": "9357821005075",
    "category_id": "1_894D0A8",
    "shop": "Woolworths",
    "weight": "100ML",
    "prices": [
      {
        "state": "NSW",
        "price": "2900",
        "price_per_unit": "9667",
        "price_unit": "ML"
      },
      {
        "state": "VIC",
        "price": "2900",
        "price_per_unit": "9667",
        "price_unit": "ML"
      },
      {
        "state": "QLD",
        "price": "2900",
        "price_per_unit": "9667",
        "price_unit": "ML"
      },
      {
        "state": "WA",
        "price": "2900",
        "price_per_unit": "9667",
        "price_unit": "ML"
      },
      {
        "state": "SA",
        "price": "2900",
        "price_per_unit": "9667",
        "price_unit": "ML"
      },
      {
        "state": "TAS",
        "price": "2900",
        "price_per_unit": "9667",
        "price_unit": "ML"
      },
      {
        "state": "ACT",
        "price": "2900",
        "price_per_unit": "9667",
        "price_unit": "ML"
      },
      {
        "state": "NT",
        "price": "2900",
        "price_per_unit": "9667",
        "price_unit": "ML"
      }
    ]
  },
  {
    "source_url": "https://www.woolworths.com.au/shop/productdetails/51649/olay-anti-wrinkle-provital-night-cream-for-mature-skin-care",
    "name": "Olay Anti Wrinkle Provital Night Cream For Mature Skin Care 50g",
    "image_url": "https://cdn1.woolworths.media/content/wowproductimages/large/051649.jpg",
    "source_id": "Woolworths - 51649",
    "barcode": "4902430483322",
    "category_id": "1_894D0A8",
    "shop": "Woolworths",
    "weight": "100G",
    "prices": [
      {
        "state": "NSW",
        "price": "875",
        "price_per_unit": "1750",
        "price_unit": "G"
      },
      {
        "state": "WA",
        "price": "875",
        "price_per_unit": "1750",
        "price_unit": "G"
      },
      {
        "state": "SA",
        "price": "875",
        "price_per_unit": "1750",
        "price_unit": "G"
      },
      {
        "state": "ACT",
        "price": "875",
        "price_per_unit": "1750",
        "price_unit": "G"
      }
    ]
  },
  {
    "source_url": "https://www.woolworths.com.au/shop/productdetails/938966/olay-complete-rich-moisturising-cream-sensitive",
    "name": "Olay Complete +  Rich Moisturising Cream Sensitive 241g",
    "image_url": "https://cdn1.woolworths.media/content/wowproductimages/large/938966.jpg",
    "source_id": "Woolworths - 938966",
    "barcode": "75609210655",
    "category_id": "1_894D0A8",
    "shop": "Woolworths",
    "weight": "100G",
    "prices": [
      {
        "state": "NSW",
        "price": "1600",
        "price_per_unit": "664",
        "price_unit": "G"
      },
      {
        "state": "WA",
        "price": "1600",
        "price_per_unit": "664",
        "price_unit": "G"
      },
      {
        "state": "SA",
        "price": "1600",
        "price_per_unit": "664",
        "price_unit": "G"
      },
      {
        "state": "ACT",
        "price": "1600",
        "price_per_unit": "664",
        "price_unit": "G"
      }
    ]
  },
  {
    "source_url": "https://www.woolworths.com.au/shop/productdetails/939363/olay-complete-hydrating-lotion-sensitive",
    "name": "Olay Complete + Hydrating Lotion Sensitive 300mL",
    "image_url": "https://cdn1.woolworths.media/content/wowproductimages/large/939363.jpg",
    "source_id": "Woolworths - 939363",
    "barcode": "75609210662",
    "category_id": "1_894D0A8",
    "shop": "Woolworths",
    "weight": "100ML",
    "prices": [
      {
        "state": "NSW",
        "price": "1600",
        "price_per_unit": "533",
        "price_unit": "ML"
      },
      {
        "state": "VIC",
        "price": "1600",
        "price_per_unit": "533",
        "price_unit": "ML"
      },
      {
        "state": "QLD",
        "price": "1600",
        "price_per_unit": "533",
        "price_unit": "ML"
      },
      {
        "state": "WA",
        "price": "1600",
        "price_per_unit": "533",
        "price_unit": "ML"
      },
      {
        "state": "SA",
        "price": "1600",
        "price_per_unit": "533",
        "price_unit": "ML"
      },
      {
        "state": "TAS",
        "price": "1600",
        "price_per_unit": "533",
        "price_unit": "ML"
      },
      {
        "state": "ACT",
        "price": "1600",
        "price_per_unit": "533",
        "price_unit": "ML"
      },
      {
        "state": "NT",
        "price": "1600",
        "price_per_unit": "533",
        "price_unit": "ML"
      }
    ]
  },
  {
    "source_url": "https://www.woolworths.com.au/shop/productdetails/253583/olay-complete-moisturiser-lotion-uv-protection-sensitive-spf15",
    "name": "Olay Complete Moisturiser Lotion Uv Protection Sensitive Spf15 150ml",
    "image_url": "https://cdn1.woolworths.media/content/wowproductimages/large/253583.jpg",
    "source_id": "Woolworths - 253583",
    "barcode": "4902430951432",
    "category_id": "1_894D0A8",
    "shop": "Woolworths",
    "weight": "100ML",
    "prices": [
      {
        "state": "NSW",
        "price": "800",
        "price_per_unit": "533",
        "price_unit": "ML"
      },
      {
        "state": "VIC",
        "price": "800",
        "price_per_unit": "533",
        "price_unit": "ML"
      },
      {
        "state": "QLD",
        "price": "800",
        "price_per_unit": "533",
        "price_unit": "ML"
      },
      {
        "state": "WA",
        "price": "800",
        "price_per_unit": "533",
        "price_unit": "ML"
      },
      {
        "state": "SA",
        "price": "800",
        "price_per_unit": "533",
        "price_unit": "ML"
      },
      {
        "state": "TAS",
        "price": "800",
        "price_per_unit": "533",
        "price_unit": "ML"
      },
      {
        "state": "ACT",
        "price": "800",
        "price_per_unit": "533",
        "price_unit": "ML"
      },
      {
        "state": "NT",
        "price": "800",
        "price_per_unit": "533",
        "price_unit": "ML"
      }
    ]
  },
  {
    "source_url": "https://www.woolworths.com.au/shop/productdetails/253582/olay-complete-uv-protection-spf15-normal-dry-moisturiser-cream",
    "name": "Olay Complete UV Protection SPF15 Normal/Dry Moisturiser Cream 150mL",
    "image_url": "https://cdn1.woolworths.media/content/wowproductimages/large/253582.jpg",
    "source_id": "Woolworths - 253582",
    "barcode": "4902430986717",
    "category_id": "1_894D0A8",
    "shop": "Woolworths",
    "weight": "100ML",
    "prices": [
      {
        "state": "NSW",
        "price": "800",
        "price_per_unit": "533",
        "price_unit": "ML"
      },
      {
        "state": "VIC",
        "price": "800",
        "price_per_unit": "533",
        "price_unit": "ML"
      },
      {
        "state": "QLD",
        "price": "800",
        "price_per_unit": "533",
        "price_unit": "ML"
      },
      {
        "state": "WA",
        "price": "800",
        "price_per_unit": "533",
        "price_unit": "ML"
      },
      {
        "state": "SA",
        "price": "800",
        "price_per_unit": "533",
        "price_unit": "ML"
      },
      {
        "state": "TAS",
        "price": "800",
        "price_per_unit": "533",
        "price_unit": "ML"
      },
      {
        "state": "ACT",
        "price": "800",
        "price_per_unit": "533",
        "price_unit": "ML"
      },
      {
        "state": "NT",
        "price": "800",
        "price_per_unit": "533",
        "price_unit": "ML"
      }
    ]
  },
  {
    "source_url": "https://www.woolworths.com.au/shop/productdetails/360414/olay-luminous-hyaluron-niacinamide-gel-serum",
    "name": "Olay Luminous Hyaluron + Niacinamide Gel Serum 30ml",
    "image_url": "https://cdn1.woolworths.media/content/wowproductimages/large/360414.jpg",
    "source_id": "Woolworths - 360414",
    "barcode": "4987176168634",
    "category_id": "1_894D0A8",
    "shop": "Woolworths",
    "weight": "100ML",
    "prices": [
      {
        "state": "NSW",
        "price": "3000",
        "price_per_unit": "10000",
        "price_unit": "ML"
      },
      {
        "state": "WA",
        "price": "3000",
        "price_per_unit": "10000",
        "price_unit": "ML"
      },
      {
        "state": "SA",
        "price": "3000",
        "price_per_unit": "10000",
        "price_unit": "ML"
      },
      {
        "state": "ACT",
        "price": "3000",
        "price_per_unit": "10000",
        "price_unit": "ML"
      }
    ]
  },
  {
    "source_url": "https://www.woolworths.com.au/shop/productdetails/360412/olay-luminous-hyaluron-niacinamide-gel-moisturiser",
    "name": "Olay Luminous Hyaluron Niacinamide Gel Moisturiser 50g",
    "image_url": "https://cdn1.woolworths.media/content/wowproductimages/large/360412.jpg",
    "source_id": "Woolworths - 360412",
    "barcode": "4987176168610",
    "category_id": "1_894D0A8",
    "shop": "Woolworths",
    "weight": "100G",
    "prices": [
      {
        "state": "NSW",
        "price": "3000",
        "price_per_unit": "6000",
        "price_unit": "G"
      },
      {
        "state": "WA",
        "price": "3000",
        "price_per_unit": "6000",
        "price_unit": "G"
      },
      {
        "state": "SA",
        "price": "3000",
        "price_per_unit": "6000",
        "price_unit": "G"
      },
      {
        "state": "ACT",
        "price": "3000",
        "price_per_unit": "6000",
        "price_unit": "G"
      }
    ]
  },
  {
    "source_url": "https://www.woolworths.com.au/shop/productdetails/148403/olay-luminous-niacinamide-hyaluronic-face-super-serum",
    "name": "Olay Luminous Niacinamide + Hyaluronic Face Super Serum 30ml",
    "image_url": "https://cdn1.woolworths.media/content/wowproductimages/large/148403.jpg",
    "source_id": "Woolworths - 148403",
    "barcode": "4902430759540",
    "category_id": "1_894D0A8",
    "shop": "Woolworths",
    "weight": "100ML",
    "prices": [
      {
        "state": "NSW",
        "price": "3000",
        "price_per_unit": "10000",
        "price_unit": "ML"
      },
      {
        "state": "WA",
        "price": "3000",
        "price_per_unit": "10000",
        "price_unit": "ML"
      },
      {
        "state": "SA",
        "price": "3000",
        "price_per_unit": "10000",
        "price_unit": "ML"
      },
      {
        "state": "ACT",
        "price": "3000",
        "price_per_unit": "10000",
        "price_unit": "ML"
      }
    ]
  },
  {
    "source_url": "https://www.woolworths.com.au/shop/productdetails/142205/olay-luminous-niacinamide-vitamin-c-super-face-serum",
    "name": "Olay Luminous Niacinamide + Vitamin c Super Face Serum 30ml",
    "image_url": "https://cdn1.woolworths.media/content/wowproductimages/large/142205.jpg",
    "source_id": "Woolworths - 142205",
    "barcode": "4902430759601",
    "category_id": "1_894D0A8",
    "shop": "Woolworths",
    "weight": "100ML",
    "prices": [
      {
        "state": "NSW",
        "price": "3000",
        "price_per_unit": "10000",
        "price_unit": "ML"
      },
      {
        "state": "VIC",
        "price": "3000",
        "price_per_unit": "10000",
        "price_unit": "ML"
      },
      {
        "state": "QLD",
        "price": "3000",
        "price_per_unit": "10000",
        "price_unit": "ML"
      },
      {
        "state": "WA",
        "price": "3000",
        "price_per_unit": "10000",
        "price_unit": "ML"
      },
      {
        "state": "SA",
        "price": "3000",
        "price_per_unit": "10000",
        "price_unit": "ML"
      },
      {
        "state": "TAS",
        "price": "3000",
        "price_per_unit": "10000",
        "price_unit": "ML"
      },
      {
        "state": "ACT",
        "price": "3000",
        "price_per_unit": "10000",
        "price_unit": "ML"
      },
      {
        "state": "NT",
        "price": "3000",
        "price_per_unit": "10000",
        "price_unit": "ML"
      }
    ]
  },
  {
    "source_url": "https://www.woolworths.com.au/shop/productdetails/938979/olay-luminous-vitamin-c-serum-sensitive",
    "name": "Olay Luminous Vitamin C Serum Sensitive 30mL",
    "image_url": "https://cdn1.woolworths.media/content/wowproductimages/large/938979.jpg",
    "source_id": "Woolworths - 938979",
    "barcode": "4987176238719",
    "category_id": "1_894D0A8",
    "shop": "Woolworths",
    "weight": "100ML",
    "prices": [
      {
        "state": "NSW",
        "price": "3000",
        "price_per_unit": "10000",
        "price_unit": "ML"
      },
      {
        "state": "VIC",
        "price": "3000",
        "price_per_unit": "10000",
        "price_unit": "ML"
      },
      {
        "state": "QLD",
        "price": "3000",
        "price_per_unit": "10000",
        "price_unit": "ML"
      },
      {
        "state": "WA",
        "price": "3000",
        "price_per_unit": "10000",
        "price_unit": "ML"
      },
      {
        "state": "SA",
        "price": "3000",
        "price_per_unit": "10000",
        "price_unit": "ML"
      },
      {
        "state": "TAS",
        "price": "3000",
        "price_per_unit": "10000",
        "price_unit": "ML"
      },
      {
        "state": "ACT",
        "price": "3000",
        "price_per_unit": "10000",
        "price_unit": "ML"
      },
      {
        "state": "NT",
        "price": "3000",
        "price_per_unit": "10000",
        "price_unit": "ML"
      }
    ]
  },
  {
    "source_url": "https://www.woolworths.com.au/shop/productdetails/939331/olay-luminous-vitiman-c-moisturiser-sensitive",
    "name": "Olay Luminous Vitiman C Moisturiser Sensitive 50g",
    "image_url": "https://cdn1.woolworths.media/content/wowproductimages/large/939331.jpg",
    "source_id": "Woolworths - 939331",
    "barcode": "4987176238726",
    "category_id": "1_894D0A8",
    "shop": "Woolworths",
    "weight": "100G",
    "prices": [
      {
        "state": "NSW",
        "price": "3000",
        "price_per_unit": "6000",
        "price_unit": "G"
      },
      {
        "state": "VIC",
        "price": "3000",
        "price_per_unit": "6000",
        "price_unit": "G"
      },
      {
        "state": "WA",
        "price": "3000",
        "price_per_unit": "6000",
        "price_unit": "G"
      },
      {
        "state": "SA",
        "price": "3000",
        "price_per_unit": "6000",
        "price_unit": "G"
      },
      {
        "state": "TAS",
        "price": "3000",
        "price_per_unit": "6000",
        "price_unit": "G"
      },
      {
        "state": "ACT",
        "price": "3000",
        "price_per_unit": "6000",
        "price_unit": "G"
      },
      {
        "state": "NT",
        "price": "3000",
        "price_per_unit": "6000",
        "price_unit": "G"
      }
    ]
  },
  {
    "source_url": "https://www.woolworths.com.au/shop/productdetails/36395/olay-moisturising-face-cream",
    "name": "Olay Moisturising Face Cream 100g",
    "image_url": "https://cdn1.woolworths.media/content/wowproductimages/large/036395.jpg",
    "source_id": "Woolworths - 36395",
    "barcode": "9300618553105",
    "category_id": "1_894D0A8",
    "shop": "Woolworths",
    "weight": "100G",
    "prices": [
      {
        "state": "NSW",
        "price": "800",
        "price_per_unit": "800",
        "price_unit": "G"
      },
      {
        "state": "VIC",
        "price": "800",
        "price_per_unit": "800",
        "price_unit": "G"
      },
      {
        "state": "QLD",
        "price": "800",
        "price_per_unit": "800",
        "price_unit": "G"
      },
      {
        "state": "WA",
        "price": "800",
        "price_per_unit": "800",
        "price_unit": "G"
      },
      {
        "state": "SA",
        "price": "800",
        "price_per_unit": "800",
        "price_unit": "G"
      },
      {
        "state": "TAS",
        "price": "800",
        "price_per_unit": "800",
        "price_unit": "G"
      },
      {
        "state": "ACT",
        "price": "800",
        "price_per_unit": "800",
        "price_unit": "G"
      },
      {
        "state": "NT",
        "price": "800",
        "price_per_unit": "800",
        "price_unit": "G"
      }
    ]
  },
  {
    "source_url": "https://www.woolworths.com.au/shop/productdetails/4752/olay-moisturising-face-cream-sensitive-skin",
    "name": "Olay Moisturising Face Cream Sensitive Skin 100g",
    "image_url": "https://cdn1.woolworths.media/content/wowproductimages/large/004752.jpg",
    "source_id": "Woolworths - 4752",
    "barcode": "9300618556519",
    "category_id": "1_894D0A8",
    "shop": "Woolworths",
    "weight": "100G",
    "prices": [
      {
        "state": "NSW",
        "price": "800",
        "price_per_unit": "800",
        "price_unit": "G"
      },
      {
        "state": "VIC",
        "price": "800",
        "price_per_unit": "800",
        "price_unit": "G"
      },
      {
        "state": "QLD",
        "price": "800",
        "price_per_unit": "800",
        "price_unit": "G"
      },
      {
        "state": "WA",
        "price": "800",
        "price_per_unit": "800",
        "price_unit": "G"
      },
      {
        "state": "SA",
        "price": "800",
        "price_per_unit": "800",
        "price_unit": "G"
      },
      {
        "state": "TAS",
        "price": "800",
        "price_per_unit": "800",
        "price_unit": "G"
      },
      {
        "state": "ACT",
        "price": "800",
        "price_per_unit": "800",
        "price_unit": "G"
      },
      {
        "state": "NT",
        "price": "800",
        "price_per_unit": "800",
        "price_unit": "G"
      }
    ]
  },
  {
    "source_url": "https://www.woolworths.com.au/shop/productdetails/31266/olay-moisturising-lotion",
    "name": "Olay Moisturising Lotion 150ml",
    "image_url": "https://cdn1.woolworths.media/content/wowproductimages/large/031266.jpg",
    "source_id": "Woolworths - 31266",
    "barcode": "9300618551774",
    "category_id": "1_894D0A8",
    "shop": "Woolworths",
    "weight": "100ML",
    "prices": [
      {
        "state": "NSW",
        "price": "800",
        "price_per_unit": "533",
        "price_unit": "ML"
      },
      {
        "state": "VIC",
        "price": "800",
        "price_per_unit": "533",
        "price_unit": "ML"
      },
      {
        "state": "QLD",
        "price": "800",
        "price_per_unit": "533",
        "price_unit": "ML"
      },
      {
        "state": "WA",
        "price": "800",
        "price_per_unit": "533",
        "price_unit": "ML"
      },
      {
        "state": "SA",
        "price": "800",
        "price_per_unit": "533",
        "price_unit": "ML"
      },
      {
        "state": "TAS",
        "price": "800",
        "price_per_unit": "533",
        "price_unit": "ML"
      },
      {
        "state": "ACT",
        "price": "800",
        "price_per_unit": "533",
        "price_unit": "ML"
      },
      {
        "state": "NT",
        "price": "800",
        "price_per_unit": "533",
        "price_unit": "ML"
      }
    ]
  },
  {
    "source_url": "https://www.woolworths.com.au/shop/productdetails/258415/olay-moisturising-lotion-complete-defence-sensitive-spf30",
    "name": "Olay Moisturising Lotion Complete Defence Sensitive Spf30 75ml",
    "image_url": "https://cdn1.woolworths.media/content/wowproductimages/large/258415.jpg",
    "source_id": "Woolworths - 258415",
    "barcode": "4902430113557",
    "category_id": "1_894D0A8",
    "shop": "Woolworths",
    "weight": "100ML",
    "prices": [
      {
        "state": "NSW",
        "price": "800",
        "price_per_unit": "1067",
        "price_unit": "ML"
      },
      {
        "state": "VIC",
        "price": "800",
        "price_per_unit": "1067",
        "price_unit": "ML"
      },
      {
        "state": "QLD",
        "price": "800",
        "price_per_unit": "1067",
        "price_unit": "ML"
      },
      {
        "state": "WA",
        "price": "800",
        "price_per_unit": "1067",
        "price_unit": "ML"
      },
      {
        "state": "SA",
        "price": "800",
        "price_per_unit": "1067",
        "price_unit": "ML"
      },
      {
        "state": "TAS",
        "price": "800",
        "price_per_unit": "1067",
        "price_unit": "ML"
      },
      {
        "state": "ACT",
        "price": "800",
        "price_per_unit": "1067",
        "price_unit": "ML"
      },
      {
        "state": "NT",
        "price": "800",
        "price_per_unit": "1067",
        "price_unit": "ML"
      }
    ]
  },
  {
    "source_url": "https://www.woolworths.com.au/shop/productdetails/4722/olay-moisturising-lotion-for-sensitive-skin-care",
    "name": "Olay Moisturising Lotion For Sensitive Skin Care 150ml",
    "image_url": "https://cdn1.woolworths.media/content/wowproductimages/large/004722.jpg",
    "source_id": "Woolworths - 4722",
    "barcode": "9300618556502",
    "category_id": "1_894D0A8",
    "shop": "Woolworths",
    "weight": "100ML",
    "prices": [
      {
        "state": "NSW",
        "price": "800",
        "price_per_unit": "533",
        "price_unit": "ML"
      },
      {
        "state": "VIC",
        "price": "800",
        "price_per_unit": "533",
        "price_unit": "ML"
      },
      {
        "state": "WA",
        "price": "800",
        "price_per_unit": "533",
        "price_unit": "ML"
      },
      {
        "state": "SA",
        "price": "800",
        "price_per_unit": "533",
        "price_unit": "ML"
      },
      {
        "state": "TAS",
        "price": "800",
        "price_per_unit": "533",
        "price_unit": "ML"
      },
      {
        "state": "ACT",
        "price": "800",
        "price_per_unit": "533",
        "price_unit": "ML"
      },
      {
        "state": "NT",
        "price": "800",
        "price_per_unit": "533",
        "price_unit": "ML"
      }
    ]
  },
  {
    "source_url": "https://www.woolworths.com.au/shop/productdetails/206943/olay-niacinamide-vitamin-c-moisturiser",
    "name": "Olay Niacinamide + Vitamin c Moisturiser 50g",
    "image_url": "https://cdn1.woolworths.media/content/wowproductimages/large/206943.jpg",
    "source_id": "Woolworths - 206943",
    "barcode": "4987176101617",
    "category_id": "1_894D0A8",
    "shop": "Woolworths",
    "weight": "100G",
    "prices": [
      {
        "state": "NSW",
        "price": "3000",
        "price_per_unit": "6000",
        "price_unit": "G"
      },
      {
        "state": "VIC",
        "price": "3000",
        "price_per_unit": "6000",
        "price_unit": "G"
      },
      {
        "state": "QLD",
        "price": "3000",
        "price_per_unit": "6000",
        "price_unit": "G"
      },
      {
        "state": "WA",
        "price": "3000",
        "price_per_unit": "6000",
        "price_unit": "G"
      },
      {
        "state": "SA",
        "price": "3000",
        "price_per_unit": "6000",
        "price_unit": "G"
      },
      {
        "state": "TAS",
        "price": "3000",
        "price_per_unit": "6000",
        "price_unit": "G"
      },
      {
        "state": "ACT",
        "price": "3000",
        "price_per_unit": "6000",
        "price_unit": "G"
      },
      {
        "state": "NT",
        "price": "3000",
        "price_per_unit": "6000",
        "price_unit": "G"
      }
    ]
  },
  {
    "source_url": "https://www.woolworths.com.au/shop/productdetails/752132/olay-regenerist-advanced-moisturiser-cream",
    "name": "Olay Regenerist Advanced Moisturiser Cream 50g",
    "image_url": "https://cdn1.woolworths.media/content/wowproductimages/large/752132.jpg",
    "source_id": "Woolworths - 752132",
    "barcode": "4902430791991",
    "category_id": "1_894D0A8",
    "shop": "Woolworths",
    "weight": "100G",
    "prices": [
      {
        "state": "NSW",
        "price": "2250",
        "price_per_unit": "4500",
        "price_unit": "G"
      },
      {
        "state": "VIC",
        "price": "2250",
        "price_per_unit": "4500",
        "price_unit": "G"
      },
      {
        "state": "WA",
        "price": "2250",
        "price_per_unit": "4500",
        "price_unit": "G"
      },
      {
        "state": "SA",
        "price": "2250",
        "price_per_unit": "4500",
        "price_unit": "G"
      },
      {
        "state": "TAS",
        "price": "2250",
        "price_per_unit": "4500",
        "price_unit": "G"
      },
      {
        "state": "ACT",
        "price": "2250",
        "price_per_unit": "4500",
        "price_unit": "G"
      },
      {
        "state": "NT",
        "price": "2250",
        "price_per_unit": "4500",
        "price_unit": "G"
      }
    ]
  },
  {
    "source_url": "https://www.woolworths.com.au/shop/productdetails/229310/olay-regenerist-antioxidant-vitamin-b3-c-e-moisturiser-cream",
    "name": "Olay Regenerist Antioxidant Vitamin b3 c & e Moisturiser Cream 50g",
    "image_url": "https://cdn1.woolworths.media/content/wowproductimages/large/229310.jpg",
    "source_id": "Woolworths - 229310",
    "barcode": "4987176107695",
    "category_id": "1_894D0A8",
    "shop": "Woolworths",
    "weight": "100G",
    "prices": [
      {
        "state": "NSW",
        "price": "3000",
        "price_per_unit": "6000",
        "price_unit": "G"
      },
      {
        "state": "WA",
        "price": "3000",
        "price_per_unit": "6000",
        "price_unit": "G"
      },
      {
        "state": "SA",
        "price": "3000",
        "price_per_unit": "6000",
        "price_unit": "G"
      },
      {
        "state": "ACT",
        "price": "3000",
        "price_per_unit": "6000",
        "price_unit": "G"
      }
    ]
  },
  {
    "source_url": "https://www.woolworths.com.au/shop/productdetails/164922/olay-regenerist-collagen-peptide-moisturiser-skin-care",
    "name": "Olay Regenerist Collagen Peptide Moisturiser Skin Care 50g",
    "image_url": "https://cdn1.woolworths.media/content/wowproductimages/large/164922.jpg",
    "source_id": "Woolworths - 164922",
    "barcode": "4987176041357",
    "category_id": "1_894D0A8",
    "shop": "Woolworths",
    "weight": "100G",
    "prices": [
      {
        "state": "NSW",
        "price": "3000",
        "price_per_unit": "6000",
        "price_unit": "G"
      },
      {
        "state": "VIC",
        "price": "3000",
        "price_per_unit": "6000",
        "price_unit": "G"
      },
      {
        "state": "QLD",
        "price": "3000",
        "price_per_unit": "6000",
        "price_unit": "G"
      },
      {
        "state": "WA",
        "price": "3000",
        "price_per_unit": "6000",
        "price_unit": "G"
      },
      {
        "state": "SA",
        "price": "3000",
        "price_per_unit": "6000",
        "price_unit": "G"
      },
      {
        "state": "TAS",
        "price": "3000",
        "price_per_unit": "6000",
        "price_unit": "G"
      },
      {
        "state": "ACT",
        "price": "3000",
        "price_per_unit": "6000",
        "price_unit": "G"
      },
      {
        "state": "NT",
        "price": "3000",
        "price_per_unit": "6000",
        "price_unit": "G"
      }
    ]
  },
  {
    "source_url": "https://www.woolworths.com.au/shop/productdetails/164923/olay-regenerist-collagen-peptide24-serum",
    "name": "Olay Regenerist Collagen Peptide24 Serum 30ml",
    "image_url": "https://cdn1.woolworths.media/content/wowproductimages/large/164923.jpg",
    "source_id": "Woolworths - 164923",
    "barcode": "4987176041432",
    "category_id": "1_894D0A8",
    "shop": "Woolworths",
    "weight": "100ML",
    "prices": [
      {
        "state": "NSW",
        "price": "3000",
        "price_per_unit": "10000",
        "price_unit": "ML"
      },
      {
        "state": "VIC",
        "price": "3000",
        "price_per_unit": "10000",
        "price_unit": "ML"
      },
      {
        "state": "QLD",
        "price": "3000",
        "price_per_unit": "10000",
        "price_unit": "ML"
      },
      {
        "state": "WA",
        "price": "3000",
        "price_per_unit": "10000",
        "price_unit": "ML"
      },
      {
        "state": "SA",
        "price": "3000",
        "price_per_unit": "10000",
        "price_unit": "ML"
      },
      {
        "state": "TAS",
        "price": "3000",
        "price_per_unit": "10000",
        "price_unit": "ML"
      },
      {
        "state": "ACT",
        "price": "3000",
        "price_per_unit": "10000",
        "price_unit": "ML"
      },
      {
        "state": "NT",
        "price": "3000",
        "price_per_unit": "10000",
        "price_unit": "ML"
      }
    ]
  },
  {
    "source_url": "https://www.woolworths.com.au/shop/productdetails/629526/olay-regenerist-face-cream-moisturiser-fragrance-free",
    "name": "Olay Regenerist Face Cream Moisturiser Fragrance Free 48g",
    "image_url": "https://cdn1.woolworths.media/content/wowproductimages/large/629526.jpg",
    "source_id": "Woolworths - 629526",
    "barcode": "4902430734974",
    "category_id": "1_894D0A8",
    "shop": "Woolworths",
    "weight": "100G",
    "prices": [
      {
        "state": "NSW",
        "price": "3000",
        "price_per_unit": "6250",
        "price_unit": "G"
      },
      {
        "state": "VIC",
        "price": "3000",
        "price_per_unit": "6250",
        "price_unit": "G"
      },
      {
        "state": "QLD",
        "price": "3000",
        "price_per_unit": "6250",
        "price_unit": "G"
      },
      {
        "state": "WA",
        "price": "3000",
        "price_per_unit": "6250",
        "price_unit": "G"
      },
      {
        "state": "SA",
        "price": "3000",
        "price_per_unit": "6250",
        "price_unit": "G"
      },
      {
        "state": "TAS",
        "price": "3000",
        "price_per_unit": "6250",
        "price_unit": "G"
      },
      {
        "state": "ACT",
        "price": "3000",
        "price_per_unit": "6250",
        "price_unit": "G"
      }
    ]
  },
  {
    "source_url": "https://www.woolworths.com.au/shop/productdetails/361965/olay-regenerist-face-cream-moisturiser-spf-30",
    "name": "Olay Regenerist Face Cream Moisturiser Spf 30 50g",
    "image_url": "https://cdn1.woolworths.media/content/wowproductimages/large/361965.jpg",
    "source_id": "Woolworths - 361965",
    "barcode": "4902430469852",
    "category_id": "1_894D0A8",
    "shop": "Woolworths",
    "weight": "100G",
    "prices": [
      {
        "state": "VIC",
        "price": "3000",
        "price_per_unit": "6000",
        "price_unit": "G"
      },
      {
        "state": "QLD",
        "price": "3000",
        "price_per_unit": "6000",
        "price_unit": "G"
      },
      {
        "state": "WA",
        "price": "3000",
        "price_per_unit": "6000",
        "price_unit": "G"
      },
      {
        "state": "SA",
        "price": "3000",
        "price_per_unit": "6000",
        "price_unit": "G"
      },
      {
        "state": "TAS",
        "price": "3000",
        "price_per_unit": "6000",
        "price_unit": "G"
      },
      {
        "state": "ACT",
        "price": "3000",
        "price_per_unit": "6000",
        "price_unit": "G"
      },
      {
        "state": "NT",
        "price": "3000",
        "price_per_unit": "6000",
        "price_unit": "G"
      }
    ]
  },
  {
    "source_url": "https://www.woolworths.com.au/shop/productdetails/629525/olay-regenerist-micro-sculpting-face-cream-moisturiser",
    "name": "Olay Regenerist Micro-Sculpting Face Cream Moisturiser 50g",
    "image_url": "https://cdn1.woolworths.media/content/wowproductimages/large/629525.jpg",
    "source_id": "Woolworths - 629525",
    "barcode": "4902430734936",
    "category_id": "1_894D0A8",
    "shop": "Woolworths",
    "weight": "100G",
    "prices": [
      {
        "state": "NSW",
        "price": "3000",
        "price_per_unit": "6000",
        "price_unit": "G"
      },
      {
        "state": "VIC",
        "price": "3000",
        "price_per_unit": "6000",
        "price_unit": "G"
      },
      {
        "state": "QLD",
        "price": "3000",
        "price_per_unit": "6000",
        "price_unit": "G"
      },
      {
        "state": "WA",
        "price": "3000",
        "price_per_unit": "6000",
        "price_unit": "G"
      },
      {
        "state": "SA",
        "price": "3000",
        "price_per_unit": "6000",
        "price_unit": "G"
      },
      {
        "state": "TAS",
        "price": "3000",
        "price_per_unit": "6000",
        "price_unit": "G"
      },
      {
        "state": "ACT",
        "price": "3000",
        "price_per_unit": "6000",
        "price_unit": "G"
      },
      {
        "state": "NT",
        "price": "3000",
        "price_per_unit": "6000",
        "price_unit": "G"
      }
    ]
  },
  {
    "source_url": "https://www.woolworths.com.au/shop/productdetails/355094/olay-regenerist-micro-sculpting-face-serum",
    "name": "Olay Regenerist Micro-Sculpting Face Serum 50ml",
    "image_url": "https://cdn1.woolworths.media/content/wowproductimages/large/355094.jpg",
    "source_id": "Woolworths - 355094",
    "barcode": "4902430293358",
    "category_id": "1_894D0A8",
    "shop": "Woolworths",
    "weight": "100ML",
    "prices": [
      {
        "state": "NSW",
        "price": "3000",
        "price_per_unit": "6000",
        "price_unit": "ML"
      },
      {
        "state": "VIC",
        "price": "3000",
        "price_per_unit": "6000",
        "price_unit": "ML"
      },
      {
        "state": "QLD",
        "price": "3000",
        "price_per_unit": "6000",
        "price_unit": "ML"
      },
      {
        "state": "WA",
        "price": "3000",
        "price_per_unit": "6000",
        "price_unit": "ML"
      },
      {
        "state": "SA",
        "price": "3000",
        "price_per_unit": "6000",
        "price_unit": "ML"
      },
      {
        "state": "TAS",
        "price": "3000",
        "price_per_unit": "6000",
        "price_unit": "ML"
      },
      {
        "state": "ACT",
        "price": "3000",
        "price_per_unit": "6000",
        "price_unit": "ML"
      },
      {
        "state": "NT",
        "price": "3000",
        "price_per_unit": "6000",
        "price_unit": "ML"
      }
    ]
  },
  {
    "source_url": "https://www.woolworths.com.au/shop/productdetails/779653/olay-regenerist-micro-sculpting-night-face-cream-moisturiser",
    "name": "Olay Regenerist Micro-Sculpting Night Face Cream Moisturiser 50g",
    "image_url": "https://cdn1.woolworths.media/content/wowproductimages/large/779653.jpg",
    "source_id": "Woolworths - 779653",
    "barcode": "4902430735087",
    "category_id": "1_894D0A8",
    "shop": "Woolworths",
    "weight": "100G",
    "prices": [
      {
        "state": "NSW",
        "price": "3000",
        "price_per_unit": "6000",
        "price_unit": "G"
      },
      {
        "state": "VIC",
        "price": "3000",
        "price_per_unit": "6000",
        "price_unit": "G"
      },
      {
        "state": "QLD",
        "price": "3000",
        "price_per_unit": "6000",
        "price_unit": "G"
      },
      {
        "state": "WA",
        "price": "3000",
        "price_per_unit": "6000",
        "price_unit": "G"
      },
      {
        "state": "SA",
        "price": "3000",
        "price_per_unit": "6000",
        "price_unit": "G"
      },
      {
        "state": "TAS",
        "price": "3000",
        "price_per_unit": "6000",
        "price_unit": "G"
      },
      {
        "state": "ACT",
        "price": "3000",
        "price_per_unit": "6000",
        "price_unit": "G"
      },
      {
        "state": "NT",
        "price": "3000",
        "price_per_unit": "6000",
        "price_unit": "G"
      }
    ]
  },
  {
    "source_url": "https://www.woolworths.com.au/shop/productdetails/629583/olay-regenerist-night-face-moisturiser-cream",
    "name": "Olay Regenerist Night Face Moisturiser Cream 50g",
    "image_url": "https://cdn1.woolworths.media/content/wowproductimages/large/629583.jpg",
    "source_id": "Woolworths - 629583",
    "barcode": "4902430735001",
    "category_id": "1_894D0A8",
    "shop": "Woolworths",
    "weight": "100G",
    "prices": [
      {
        "state": "NSW",
        "price": "2250",
        "price_per_unit": "4500",
        "price_unit": "G"
      },
      {
        "state": "VIC",
        "price": "2250",
        "price_per_unit": "4500",
        "price_unit": "G"
      },
      {
        "state": "WA",
        "price": "2250",
        "price_per_unit": "4500",
        "price_unit": "G"
      },
      {
        "state": "SA",
        "price": "2250",
        "price_per_unit": "4500",
        "price_unit": "G"
      },
      {
        "state": "TAS",
        "price": "2250",
        "price_per_unit": "4500",
        "price_unit": "G"
      },
      {
        "state": "ACT",
        "price": "2250",
        "price_per_unit": "4500",
        "price_unit": "G"
      },
      {
        "state": "NT",
        "price": "2250",
        "price_per_unit": "4500",
        "price_unit": "G"
      }
    ]
  },
  {
    "source_url": "https://www.woolworths.com.au/shop/productdetails/520571/olay-regenerist-retinol-24-max-night-serum",
    "name": "Olay Regenerist Retinol 24 Max Night Serum 30mL",
    "image_url": "https://cdn1.woolworths.media/content/wowproductimages/large/520571.jpg",
    "source_id": "Woolworths - 520571",
    "barcode": "4987176193070",
    "category_id": "1_894D0A8",
    "shop": "Woolworths",
    "weight": "100ML",
    "prices": [
      {
        "state": "NSW",
        "price": "3500",
        "price_per_unit": "11667",
        "price_unit": "ML"
      },
      {
        "state": "VIC",
        "price": "3500",
        "price_per_unit": "11667",
        "price_unit": "ML"
      },
      {
        "state": "QLD",
        "price": "3500",
        "price_per_unit": "11667",
        "price_unit": "ML"
      },
      {
        "state": "WA",
        "price": "3500",
        "price_per_unit": "11667",
        "price_unit": "ML"
      },
      {
        "state": "SA",
        "price": "3500",
        "price_per_unit": "11667",
        "price_unit": "ML"
      },
      {
        "state": "TAS",
        "price": "3500",
        "price_per_unit": "11667",
        "price_unit": "ML"
      },
      {
        "state": "ACT",
        "price": "3500",
        "price_per_unit": "11667",
        "price_unit": "ML"
      },
      {
        "state": "NT",
        "price": "3500",
        "price_per_unit": "11667",
        "price_unit": "ML"
      }
    ]
  },
  {
    "source_url": "https://www.woolworths.com.au/shop/productdetails/92396/olay-regenerist-retinol-24-night-face-serum",
    "name": "Olay Regenerist Retinol 24 Night Face Serum 30ml",
    "image_url": "https://cdn1.woolworths.media/content/wowproductimages/large/092396.jpg",
    "source_id": "Woolworths - 92396",
    "barcode": "4902430917896",
    "category_id": "1_894D0A8",
    "shop": "Woolworths",
    "weight": "100ML",
    "prices": [
      {
        "state": "NSW",
        "price": "3000",
        "price_per_unit": "10000",
        "price_unit": "ML"
      },
      {
        "state": "VIC",
        "price": "3000",
        "price_per_unit": "10000",
        "price_unit": "ML"
      },
      {
        "state": "QLD",
        "price": "3000",
        "price_per_unit": "10000",
        "price_unit": "ML"
      },
      {
        "state": "WA",
        "price": "3000",
        "price_per_unit": "10000",
        "price_unit": "ML"
      },
      {
        "state": "SA",
        "price": "3000",
        "price_per_unit": "10000",
        "price_unit": "ML"
      },
      {
        "state": "TAS",
        "price": "3000",
        "price_per_unit": "10000",
        "price_unit": "ML"
      },
      {
        "state": "ACT",
        "price": "3000",
        "price_per_unit": "10000",
        "price_unit": "ML"
      },
      {
        "state": "NT",
        "price": "3000",
        "price_per_unit": "10000",
        "price_unit": "ML"
      }
    ]
  },
  {
    "source_url": "https://www.woolworths.com.au/shop/productdetails/92819/olay-regenerist-retinol-24-night-moisturiser-face-cream",
    "name": "Olay Regenerist Retinol 24 Night Moisturiser Face Cream 50g",
    "image_url": "https://cdn1.woolworths.media/content/wowproductimages/large/092819.jpg",
    "source_id": "Woolworths - 92819",
    "barcode": "4902430917872",
    "category_id": "1_894D0A8",
    "shop": "Woolworths",
    "weight": "100G",
    "prices": [
      {
        "state": "NSW",
        "price": "2950",
        "price_per_unit": "5900",
        "price_unit": "G"
      },
      {
        "state": "VIC",
        "price": "2950",
        "price_per_unit": "5900",
        "price_unit": "G"
      },
      {
        "state": "QLD",
        "price": "2950",
        "price_per_unit": "5900",
        "price_unit": "G"
      },
      {
        "state": "WA",
        "price": "2950",
        "price_per_unit": "5900",
        "price_unit": "G"
      },
      {
        "state": "SA",
        "price": "2950",
        "price_per_unit": "5900",
        "price_unit": "G"
      },
      {
        "state": "TAS",
        "price": "2950",
        "price_per_unit": "5900",
        "price_unit": "G"
      },
      {
        "state": "ACT",
        "price": "2950",
        "price_per_unit": "5900",
        "price_unit": "G"
      },
      {
        "state": "NT",
        "price": "2950",
        "price_per_unit": "5900",
        "price_unit": "G"
      }
    ]
  },
  {
    "source_url": "https://www.woolworths.com.au/shop/productdetails/453345/olay-regenerist-retinol24-max-cream",
    "name": "Olay Regenerist Retinol24 Max Cream 50g",
    "image_url": "https://cdn1.woolworths.media/content/wowproductimages/large/453345.jpg",
    "source_id": "Woolworths - 453345",
    "barcode": "4987176193025",
    "category_id": "1_894D0A8",
    "shop": "Woolworths",
    "weight": "100G",
    "prices": [
      {
        "state": "NSW",
        "price": "3500",
        "price_per_unit": "7000",
        "price_unit": "G"
      },
      {
        "state": "VIC",
        "price": "3500",
        "price_per_unit": "7000",
        "price_unit": "G"
      },
      {
        "state": "QLD",
        "price": "3500",
        "price_per_unit": "7000",
        "price_unit": "G"
      },
      {
        "state": "WA",
        "price": "3500",
        "price_per_unit": "7000",
        "price_unit": "G"
      },
      {
        "state": "SA",
        "price": "3500",
        "price_per_unit": "7000",
        "price_unit": "G"
      },
      {
        "state": "ACT",
        "price": "3500",
        "price_per_unit": "7000",
        "price_unit": "G"
      },
      {
        "state": "NT",
        "price": "3500",
        "price_per_unit": "7000",
        "price_unit": "G"
      }
    ]
  },
  {
    "source_url": "https://www.woolworths.com.au/shop/productdetails/816749/olay-regenerist-whips-face-cream-moisturiser",
    "name": "Olay Regenerist Whips Face Cream Moisturiser 50g",
    "image_url": "https://cdn1.woolworths.media/content/wowproductimages/large/816749.jpg",
    "source_id": "Woolworths - 816749",
    "barcode": "4902430799881",
    "category_id": "1_894D0A8",
    "shop": "Woolworths",
    "weight": "100G",
    "prices": [
      {
        "state": "NSW",
        "price": "3000",
        "price_per_unit": "6000",
        "price_unit": "G"
      },
      {
        "state": "WA",
        "price": "3000",
        "price_per_unit": "6000",
        "price_unit": "G"
      },
      {
        "state": "SA",
        "price": "3000",
        "price_per_unit": "6000",
        "price_unit": "G"
      },
      {
        "state": "ACT",
        "price": "3000",
        "price_per_unit": "6000",
        "price_unit": "G"
      }
    ]
  },
  {
    "source_url": "https://www.woolworths.com.au/shop/productdetails/53227/olay-regenerist-whips-face-cream-moisturiser-uv-spf-30",
    "name": "Olay Regenerist Whips Face Cream Moisturiser UV SPF 30 50G",
    "image_url": "https://cdn1.woolworths.media/content/wowproductimages/large/053227.jpg",
    "source_id": "Woolworths - 53227",
    "barcode": "4902430800099",
    "category_id": "1_894D0A8",
    "shop": "Woolworths",
    "weight": "100G",
    "prices": [
      {
        "state": "NSW",
        "price": "3000",
        "price_per_unit": "6000",
        "price_unit": "G"
      },
      {
        "state": "VIC",
        "price": "3000",
        "price_per_unit": "6000",
        "price_unit": "G"
      },
      {
        "state": "QLD",
        "price": "3000",
        "price_per_unit": "6000",
        "price_unit": "G"
      },
      {
        "state": "WA",
        "price": "3000",
        "price_per_unit": "6000",
        "price_unit": "G"
      },
      {
        "state": "SA",
        "price": "3000",
        "price_per_unit": "6000",
        "price_unit": "G"
      },
      {
        "state": "TAS",
        "price": "3000",
        "price_per_unit": "6000",
        "price_unit": "G"
      },
      {
        "state": "ACT",
        "price": "3000",
        "price_per_unit": "6000",
        "price_unit": "G"
      },
      {
        "state": "NT",
        "price": "3000",
        "price_per_unit": "6000",
        "price_unit": "G"
      }
    ]
  },
  {
    "source_url": "https://www.woolworths.com.au/shop/productdetails/168695/olay-total-effects-face-cream-moisturiser-gentle-spf-15",
    "name": "Olay Total Effects Face Cream Moisturiser Gentle Spf 15 50g",
    "image_url": "https://cdn1.woolworths.media/content/wowproductimages/large/168695.jpg",
    "source_id": "Woolworths - 168695",
    "barcode": "20800307703",
    "category_id": "1_894D0A8",
    "shop": "Woolworths",
    "weight": "100G",
    "prices": [
      {
        "state": "NSW",
        "price": "2000",
        "price_per_unit": "4000",
        "price_unit": "G"
      },
      {
        "state": "VIC",
        "price": "2000",
        "price_per_unit": "4000",
        "price_unit": "G"
      },
      {
        "state": "QLD",
        "price": "2000",
        "price_per_unit": "4000",
        "price_unit": "G"
      },
      {
        "state": "WA",
        "price": "2000",
        "price_per_unit": "4000",
        "price_unit": "G"
      },
      {
        "state": "SA",
        "price": "2000",
        "price_per_unit": "4000",
        "price_unit": "G"
      },
      {
        "state": "TAS",
        "price": "2000",
        "price_per_unit": "4000",
        "price_unit": "G"
      },
      {
        "state": "ACT",
        "price": "2000",
        "price_per_unit": "4000",
        "price_unit": "G"
      },
      {
        "state": "NT",
        "price": "2000",
        "price_per_unit": "4000",
        "price_unit": "G"
      }
    ]
  },
  {
    "source_url": "https://www.woolworths.com.au/shop/productdetails/145433/olay-total-effects-face-cream-moisturiser-normal-skin-care",
    "name": "Olay Total Effects Face Cream Moisturiser Normal Skin Care 50g",
    "image_url": "https://cdn1.woolworths.media/content/wowproductimages/large/145433.jpg",
    "source_id": "Woolworths - 145433",
    "barcode": "4902430092944",
    "category_id": "1_894D0A8",
    "shop": "Woolworths",
    "weight": "100G",
    "prices": [
      {
        "state": "NSW",
        "price": "2000",
        "price_per_unit": "4000",
        "price_unit": "G"
      },
      {
        "state": "WA",
        "price": "2000",
        "price_per_unit": "4000",
        "price_unit": "G"
      },
      {
        "state": "SA",
        "price": "2000",
        "price_per_unit": "4000",
        "price_unit": "G"
      },
      {
        "state": "ACT",
        "price": "2000",
        "price_per_unit": "4000",
        "price_unit": "G"
      }
    ]
  },
  {
    "source_url": "https://www.woolworths.com.au/shop/productdetails/279712/olay-total-effects-face-cream-moisturiser-normal-spf-15",
    "name": "Olay Total Effects Face Cream Moisturiser Normal Spf 15 50g",
    "image_url": "https://cdn1.woolworths.media/content/wowproductimages/large/279712.jpg",
    "source_id": "Woolworths - 279712",
    "barcode": "4902430051231",
    "category_id": "1_894D0A8",
    "shop": "Woolworths",
    "weight": "100G",
    "prices": [
      {
        "state": "NSW",
        "price": "2000",
        "price_per_unit": "4000",
        "price_unit": "G"
      },
      {
        "state": "VIC",
        "price": "2000",
        "price_per_unit": "4000",
        "price_unit": "G"
      },
      {
        "state": "QLD",
        "price": "2000",
        "price_per_unit": "4000",
        "price_unit": "G"
      },
      {
        "state": "WA",
        "price": "2000",
        "price_per_unit": "4000",
        "price_unit": "G"
      },
      {
        "state": "SA",
        "price": "2000",
        "price_per_unit": "4000",
        "price_unit": "G"
      },
      {
        "state": "TAS",
        "price": "2000",
        "price_per_unit": "4000",
        "price_unit": "G"
      },
      {
        "state": "ACT",
        "price": "2000",
        "price_per_unit": "4000",
        "price_unit": "G"
      },
      {
        "state": "NT",
        "price": "2000",
        "price_per_unit": "4000",
        "price_unit": "G"
      }
    ]
  },
  {
    "source_url": "https://www.woolworths.com.au/shop/productdetails/629527/olay-total-effects-night-face-cream-moisturiser",
    "name": "Olay Total Effects Night Face Cream Moisturiser 50g",
    "image_url": "https://cdn1.woolworths.media/content/wowproductimages/large/629527.jpg",
    "source_id": "Woolworths - 629527",
    "barcode": "4902430735124",
    "category_id": "1_894D0A8",
    "shop": "Woolworths",
    "weight": "100G",
    "prices": [
      {
        "state": "NSW",
        "price": "2000",
        "price_per_unit": "4000",
        "price_unit": "G"
      },
      {
        "state": "VIC",
        "price": "2000",
        "price_per_unit": "4000",
        "price_unit": "G"
      },
      {
        "state": "WA",
        "price": "2000",
        "price_per_unit": "4000",
        "price_unit": "G"
      },
      {
        "state": "SA",
        "price": "2000",
        "price_per_unit": "4000",
        "price_unit": "G"
      },
      {
        "state": "TAS",
        "price": "2000",
        "price_per_unit": "4000",
        "price_unit": "G"
      },
      {
        "state": "ACT",
        "price": "2000",
        "price_per_unit": "4000",
        "price_unit": "G"
      },
      {
        "state": "NT",
        "price": "2000",
        "price_per_unit": "4000",
        "price_unit": "G"
      }
    ]
  },
  {
    "source_url": "https://www.woolworths.com.au/shop/productdetails/320872/olay-total-effects-touch-of-foundation-moisturiser",
    "name": "Olay Total Effects Touch Of Foundation Moisturiser 50g",
    "image_url": "https://cdn1.woolworths.media/content/wowproductimages/large/320872.jpg",
    "source_id": "Woolworths - 320872",
    "barcode": "4902430182003",
    "category_id": "1_894D0A8",
    "shop": "Woolworths",
    "weight": "100G",
    "prices": [
      {
        "state": "NSW",
        "price": "2000",
        "price_per_unit": "4000",
        "price_unit": "G"
      },
      {
        "state": "VIC",
        "price": "2000",
        "price_per_unit": "4000",
        "price_unit": "G"
      },
      {
        "state": "QLD",
        "price": "2000",
        "price_per_unit": "4000",
        "price_unit": "G"
      },
      {
        "state": "WA",
        "price": "2000",
        "price_per_unit": "4000",
        "price_unit": "G"
      },
      {
        "state": "SA",
        "price": "2000",
        "price_per_unit": "4000",
        "price_unit": "G"
      },
      {
        "state": "TAS",
        "price": "2000",
        "price_per_unit": "4000",
        "price_unit": "G"
      },
      {
        "state": "ACT",
        "price": "2000",
        "price_per_unit": "4000",
        "price_unit": "G"
      },
      {
        "state": "NT",
        "price": "2000",
        "price_per_unit": "4000",
        "price_unit": "G"
      }
    ]
  },
  {
    "source_url": "https://www.woolworths.com.au/shop/productdetails/953875/qv-moisturising-day-cream-spf-30",
    "name": "QV Moisturising Day Cream SPF 30 75g",
    "image_url": "https://cdn1.woolworths.media/content/wowproductimages/large/953875.jpg",
    "source_id": "Woolworths - 953875",
    "barcode": "9314839019913",
    "category_id": "1_894D0A8",
    "shop": "Woolworths",
    "weight": "100G",
    "prices": [
      {
        "state": "NSW",
        "price": "1520",
        "price_per_unit": "2027",
        "price_unit": "G"
      },
      {
        "state": "VIC",
        "price": "1520",
        "price_per_unit": "2027",
        "price_unit": "G"
      },
      {
        "state": "QLD",
        "price": "1520",
        "price_per_unit": "2027",
        "price_unit": "G"
      },
      {
        "state": "WA",
        "price": "1520",
        "price_per_unit": "2027",
        "price_unit": "G"
      },
      {
        "state": "SA",
        "price": "1520",
        "price_per_unit": "2027",
        "price_unit": "G"
      },
      {
        "state": "TAS",
        "price": "1520",
        "price_per_unit": "2027",
        "price_unit": "G"
      },
      {
        "state": "ACT",
        "price": "1520",
        "price_per_unit": "2027",
        "price_unit": "G"
      },
      {
        "state": "NT",
        "price": "1520",
        "price_per_unit": "2027",
        "price_unit": "G"
      }
    ]
  },
  {
    "source_url": "https://www.woolworths.com.au/shop/productdetails/944141/qv-nurturing-night-cream",
    "name": "QV Nurturing Night Cream 50g",
    "image_url": "https://cdn1.woolworths.media/content/wowproductimages/large/944141.jpg",
    "source_id": "Woolworths - 944141",
    "barcode": "9314839021206",
    "category_id": "1_894D0A8",
    "shop": "Woolworths",
    "weight": "100G",
    "prices": [
      {
        "state": "NSW",
        "price": "2040",
        "price_per_unit": "4080",
        "price_unit": "G"
      },
      {
        "state": "VIC",
        "price": "2040",
        "price_per_unit": "4080",
        "price_unit": "G"
      },
      {
        "state": "WA",
        "price": "2040",
        "price_per_unit": "4080",
        "price_unit": "G"
      },
      {
        "state": "SA",
        "price": "2040",
        "price_per_unit": "4080",
        "price_unit": "G"
      },
      {
        "state": "TAS",
        "price": "2040",
        "price_per_unit": "4080",
        "price_unit": "G"
      },
      {
        "state": "ACT",
        "price": "2040",
        "price_per_unit": "4080",
        "price_unit": "G"
      }
    ]
  },
  {
    "source_url": "https://www.woolworths.com.au/shop/productdetails/176602/renovatio-bioscience-apskin-face-ultra-antioxidant-cream",
    "name": "Renovatio Bioscience Apskin Face Ultra Antioxidant Cream 85g",
    "image_url": "https://cdn1.woolworths.media/content/wowproductimages/large/176602.jpg",
    "source_id": "Woolworths - 176602",
    "barcode": "784927406465",
    "category_id": "1_894D0A8",
    "shop": "Woolworths",
    "weight": "100G",
    "prices": [
      {
        "state": "NSW",
        "price": "2500",
        "price_per_unit": "2941",
        "price_unit": "G"
      },
      {
        "state": "VIC",
        "price": "2500",
        "price_per_unit": "2941",
        "price_unit": "G"
      },
      {
        "state": "QLD",
        "price": "2500",
        "price_per_unit": "2941",
        "price_unit": "G"
      },
      {
        "state": "WA",
        "price": "2500",
        "price_per_unit": "2941",
        "price_unit": "G"
      },
      {
        "state": "SA",
        "price": "2500",
        "price_per_unit": "2941",
        "price_unit": "G"
      },
      {
        "state": "TAS",
        "price": "2500",
        "price_per_unit": "2941",
        "price_unit": "G"
      },
      {
        "state": "ACT",
        "price": "2500",
        "price_per_unit": "2941",
        "price_unit": "G"
      },
      {
        "state": "NT",
        "price": "2500",
        "price_per_unit": "2941",
        "price_unit": "G"
      }
    ]
  },
  {
    "source_url": "https://www.woolworths.com.au/shop/productdetails/205750/renovatio-bioscience-apskin-ultra-serum-apskin-ultra-serum",
    "name": "Renovatio Bioscience APSKIN Ultra Serum 30ml",
    "image_url": "https://cdn1.woolworths.media/content/wowproductimages/large/205750.jpg",
    "source_id": "Woolworths - 205750",
    "barcode": "769807371675",
    "category_id": "1_894D0A8",
    "shop": "Woolworths",
    "weight": "100ML",
    "prices": [
      {
        "state": "NSW",
        "price": "4000",
        "price_per_unit": "13333",
        "price_unit": "ML"
      },
      {
        "state": "VIC",
        "price": "4000",
        "price_per_unit": "13333",
        "price_unit": "ML"
      },
      {
        "state": "WA",
        "price": "4000",
        "price_per_unit": "13333",
        "price_unit": "ML"
      },
      {
        "state": "SA",
        "price": "4000",
        "price_per_unit": "13333",
        "price_unit": "ML"
      },
      {
        "state": "TAS",
        "price": "4000",
        "price_per_unit": "13333",
        "price_unit": "ML"
      },
      {
        "state": "ACT",
        "price": "4000",
        "price_per_unit": "13333",
        "price_unit": "ML"
      }
    ]
  },
  {
    "source_url": "https://www.woolworths.com.au/shop/productdetails/1073924868/sasy-n-savy-anti-wrinkle-luxury-creme-50ml",
    "name": "Sasy n Savy Anti-Wrinkle Luxury Creme 50mL",
    "image_url": "https://cdn1.woolworths.media/content/wowproductimages/large/1073924868.jpg",
    "source_id": "Woolworths - 1073924868",
    "barcode": null,
    "category_id": "1_894D0A8",
    "shop": "Woolworths",
    "weight": "100ML",
    "prices": [
      {
        "state": "NSW",
        "price": "7000",
        "price_per_unit": "14000",
        "price_unit": "ML"
      },
      {
        "state": "VIC",
        "price": "7000",
        "price_per_unit": "14000",
        "price_unit": "ML"
      },
      {
        "state": "QLD",
        "price": "7000",
        "price_per_unit": "14000",
        "price_unit": "ML"
      },
      {
        "state": "WA",
        "price": "7000",
        "price_per_unit": "14000",
        "price_unit": "ML"
      },
      {
        "state": "SA",
        "price": "7000",
        "price_per_unit": "14000",
        "price_unit": "ML"
      },
      {
        "state": "TAS",
        "price": "7000",
        "price_per_unit": "14000",
        "price_unit": "ML"
      },
      {
        "state": "ACT",
        "price": "7000",
        "price_per_unit": "14000",
        "price_unit": "ML"
      },
      {
        "state": "NT",
        "price": "7000",
        "price_per_unit": "14000",
        "price_unit": "ML"
      }
    ]
  },
  {
    "source_url": "https://www.woolworths.com.au/shop/productdetails/1073924900/sasy-n-savy-special-care-facial-pack",
    "name": "Sasy n Savy Special Care Facial pack",
    "image_url": "https://cdn1.woolworths.media/content/wowproductimages/large/1073924900.jpg",
    "source_id": "Woolworths - 1073924900",
    "barcode": null,
    "category_id": "1_894D0A8",
    "shop": "Woolworths",
    "weight": "1EA",
    "prices": [
      {
        "state": "NSW",
        "price": "12500",
        "price_per_unit": "12500",
        "price_unit": "EA"
      },
      {
        "state": "VIC",
        "price": "12500",
        "price_per_unit": "12500",
        "price_unit": "EA"
      },
      {
        "state": "QLD",
        "price": "12500",
        "price_per_unit": "12500",
        "price_unit": "EA"
      },
      {
        "state": "WA",
        "price": "12500",
        "price_per_unit": "12500",
        "price_unit": "EA"
      },
      {
        "state": "SA",
        "price": "12500",
        "price_per_unit": "12500",
        "price_unit": "EA"
      },
      {
        "state": "TAS",
        "price": "12500",
        "price_per_unit": "12500",
        "price_unit": "EA"
      },
      {
        "state": "ACT",
        "price": "12500",
        "price_per_unit": "12500",
        "price_unit": "EA"
      },
      {
        "state": "NT",
        "price": "12500",
        "price_per_unit": "12500",
        "price_unit": "EA"
      }
    ]
  },
  {
    "source_url": "https://www.woolworths.com.au/shop/productdetails/1073924972/sasy-n-savy-spf-15-skin-firming-creme-50ml",
    "name": "Sasy n Savy SPF 15 Skin Firming Creme 50mL",
    "image_url": "https://cdn1.woolworths.media/content/wowproductimages/large/1073924972.jpg",
    "source_id": "Woolworths - 1073924972",
    "barcode": null,
    "category_id": "1_894D0A8",
    "shop": "Woolworths",
    "weight": "100ML",
    "prices": [
      {
        "state": "NSW",
        "price": "7000",
        "price_per_unit": "14000",
        "price_unit": "ML"
      },
      {
        "state": "VIC",
        "price": "7000",
        "price_per_unit": "14000",
        "price_unit": "ML"
      },
      {
        "state": "QLD",
        "price": "7000",
        "price_per_unit": "14000",
        "price_unit": "ML"
      },
      {
        "state": "WA",
        "price": "7000",
        "price_per_unit": "14000",
        "price_unit": "ML"
      },
      {
        "state": "SA",
        "price": "7000",
        "price_per_unit": "14000",
        "price_unit": "ML"
      },
      {
        "state": "TAS",
        "price": "7000",
        "price_per_unit": "14000",
        "price_unit": "ML"
      },
      {
        "state": "ACT",
        "price": "7000",
        "price_per_unit": "14000",
        "price_unit": "ML"
      },
      {
        "state": "NT",
        "price": "7000",
        "price_per_unit": "14000",
        "price_unit": "ML"
      }
    ]
  },
  {
    "source_url": "https://www.woolworths.com.au/shop/productdetails/196597/simple-10-vitamins-c-e-f-booster-serum",
    "name": "Simple 10% Vitamins c, e & f Booster Serum 30ml",
    "image_url": "https://cdn1.woolworths.media/content/wowproductimages/large/196597.jpg",
    "source_id": "Woolworths - 196597",
    "barcode": "8720181157110",
    "category_id": "1_894D0A8",
    "shop": "Woolworths",
    "weight": "100ML",
    "prices": [
      {
        "state": "NSW",
        "price": "1000",
        "price_per_unit": "3333",
        "price_unit": "ML"
      },
      {
        "state": "WA",
        "price": "1000",
        "price_per_unit": "3333",
        "price_unit": "ML"
      },
      {
        "state": "SA",
        "price": "1000",
        "price_per_unit": "3333",
        "price_unit": "ML"
      },
      {
        "state": "ACT",
        "price": "1000",
        "price_per_unit": "3333",
        "price_unit": "ML"
      }
    ]
  },
  {
    "source_url": "https://www.woolworths.com.au/shop/productdetails/196596/simple-3-hyaluronic-acid-b5-booster-serum",
    "name": "Simple 3% Hyaluronic Acid + b5 Booster Serum 30ml",
    "image_url": "https://cdn1.woolworths.media/content/wowproductimages/large/196596.jpg",
    "source_id": "Woolworths - 196596",
    "barcode": "8720181157127",
    "category_id": "1_894D0A8",
    "shop": "Woolworths",
    "weight": "100ML",
    "prices": [
      {
        "state": "NSW",
        "price": "1000",
        "price_per_unit": "3333",
        "price_unit": "ML"
      },
      {
        "state": "VIC",
        "price": "1000",
        "price_per_unit": "3333",
        "price_unit": "ML"
      },
      {
        "state": "WA",
        "price": "1000",
        "price_per_unit": "3333",
        "price_unit": "ML"
      },
      {
        "state": "SA",
        "price": "1000",
        "price_per_unit": "3333",
        "price_unit": "ML"
      },
      {
        "state": "TAS",
        "price": "1000",
        "price_per_unit": "3333",
        "price_unit": "ML"
      },
      {
        "state": "ACT",
        "price": "1000",
        "price_per_unit": "3333",
        "price_unit": "ML"
      }
    ]
  },
  {
    "source_url": "https://www.woolworths.com.au/shop/productdetails/207489/simple-kind-to-skin-light-moisturiser-hydrating",
    "name": "Simple Kind To Skin Light Moisturiser Hydrating 125ml",
    "image_url": "https://cdn1.woolworths.media/content/wowproductimages/large/207489.jpg",
    "source_id": "Woolworths - 207489",
    "barcode": "5011451103931",
    "category_id": "1_894D0A8",
    "shop": "Woolworths",
    "weight": "100ML",
    "prices": [
      {
        "state": "NSW",
        "price": "575",
        "price_per_unit": "460",
        "price_unit": "ML"
      },
      {
        "state": "VIC",
        "price": "575",
        "price_per_unit": "460",
        "price_unit": "ML"
      },
      {
        "state": "QLD",
        "price": "575",
        "price_per_unit": "460",
        "price_unit": "ML"
      },
      {
        "state": "WA",
        "price": "575",
        "price_per_unit": "460",
        "price_unit": "ML"
      },
      {
        "state": "SA",
        "price": "575",
        "price_per_unit": "460",
        "price_unit": "ML"
      },
      {
        "state": "TAS",
        "price": "575",
        "price_per_unit": "460",
        "price_unit": "ML"
      },
      {
        "state": "NT",
        "price": "600",
        "price_per_unit": "480",
        "price_unit": "ML"
      }
    ]
  },
  {
    "source_url": "https://www.woolworths.com.au/shop/productdetails/944194/sukin-aquaboost-3d-hyaluronic-acid-night-cream",
    "name": "Sukin AquaBoost 3D Hyaluronic Acid Night Cream 50mL",
    "image_url": "https://cdn1.woolworths.media/content/wowproductimages/large/944194.jpg",
    "source_id": "Woolworths - 944194",
    "barcode": "9327693011689",
    "category_id": "1_894D0A8",
    "shop": "Woolworths",
    "weight": "100ML",
    "prices": [
      {
        "state": "NSW",
        "price": "3000",
        "price_per_unit": "6000",
        "price_unit": "ML"
      },
      {
        "state": "WA",
        "price": "3000",
        "price_per_unit": "6000",
        "price_unit": "ML"
      },
      {
        "state": "SA",
        "price": "3000",
        "price_per_unit": "6000",
        "price_unit": "ML"
      },
      {
        "state": "ACT",
        "price": "3000",
        "price_per_unit": "6000",
        "price_unit": "ML"
      }
    ]
  },
  {
    "source_url": "https://www.woolworths.com.au/shop/productdetails/935979/sukin-aquaboost-3d-hyaluronic-acid-water-gel-cream",
    "name": "Sukin AquaBoost 3D Hyaluronic Acid Water Gel Cream 50mL",
    "image_url": "https://cdn1.woolworths.media/content/wowproductimages/large/935979.jpg",
    "source_id": "Woolworths - 935979",
    "barcode": "9327693011665",
    "category_id": "1_894D0A8",
    "shop": "Woolworths",
    "weight": "100ML",
    "prices": [
      {
        "state": "NSW",
        "price": "3000",
        "price_per_unit": "6000",
        "price_unit": "ML"
      },
      {
        "state": "WA",
        "price": "3000",
        "price_per_unit": "6000",
        "price_unit": "ML"
      },
      {
        "state": "SA",
        "price": "3000",
        "price_per_unit": "6000",
        "price_unit": "ML"
      },
      {
        "state": "ACT",
        "price": "3000",
        "price_per_unit": "6000",
        "price_unit": "ML"
      }
    ]
  },
  {
    "source_url": "https://www.woolworths.com.au/shop/productdetails/859255/sukin-certified-organic-rosehip-oil",
    "name": "Sukin Certified Organic Rosehip Oil 25ml",
    "image_url": "https://cdn1.woolworths.media/content/wowproductimages/large/859255.jpg",
    "source_id": "Woolworths - 859255",
    "barcode": "9327693000706",
    "category_id": "1_894D0A8",
    "shop": "Woolworths",
    "weight": "100ML",
    "prices": [
      {
        "state": "NSW",
        "price": "1350",
        "price_per_unit": "5400",
        "price_unit": "ML"
      },
      {
        "state": "VIC",
        "price": "1350",
        "price_per_unit": "5400",
        "price_unit": "ML"
      },
      {
        "state": "QLD",
        "price": "1350",
        "price_per_unit": "5400",
        "price_unit": "ML"
      },
      {
        "state": "WA",
        "price": "1350",
        "price_per_unit": "5400",
        "price_unit": "ML"
      },
      {
        "state": "SA",
        "price": "1350",
        "price_per_unit": "5400",
        "price_unit": "ML"
      },
      {
        "state": "TAS",
        "price": "1350",
        "price_per_unit": "5400",
        "price_unit": "ML"
      },
      {
        "state": "ACT",
        "price": "1350",
        "price_per_unit": "5400",
        "price_unit": "ML"
      },
      {
        "state": "NT",
        "price": "1350",
        "price_per_unit": "5400",
        "price_unit": "ML"
      }
    ]
  },
  {
    "source_url": "https://www.woolworths.com.au/shop/productdetails/104713/sukin-pureley-ageless-rejuvenating-day-cream",
    "name": "Sukin Pureley Ageless Rejuvenating Day Cream 120ml",
    "image_url": "https://cdn1.woolworths.media/content/wowproductimages/large/104713.jpg",
    "source_id": "Woolworths - 104713",
    "barcode": "9327693007118",
    "category_id": "1_894D0A8",
    "shop": "Woolworths",
    "weight": "100ML",
    "prices": [
      {
        "state": "NSW",
        "price": "1500",
        "price_per_unit": "1250",
        "price_unit": "ML"
      },
      {
        "state": "VIC",
        "price": "1500",
        "price_per_unit": "1250",
        "price_unit": "ML"
      },
      {
        "state": "WA",
        "price": "1500",
        "price_per_unit": "1250",
        "price_unit": "ML"
      },
      {
        "state": "SA",
        "price": "1500",
        "price_per_unit": "1250",
        "price_unit": "ML"
      },
      {
        "state": "TAS",
        "price": "1500",
        "price_per_unit": "1250",
        "price_unit": "ML"
      },
      {
        "state": "ACT",
        "price": "1500",
        "price_per_unit": "1250",
        "price_unit": "ML"
      },
      {
        "state": "NT",
        "price": "1500",
        "price_per_unit": "1250",
        "price_unit": "ML"
      }
    ]
  },
  {
    "source_url": "https://www.woolworths.com.au/shop/productdetails/104714/sukin-purely-ageless-restorative-night-cream",
    "name": "Sukin Purely Ageless Restorative Night Cream 120ml",
    "image_url": "https://cdn1.woolworths.media/content/wowproductimages/large/104714.jpg",
    "source_id": "Woolworths - 104714",
    "barcode": "9327693007101",
    "category_id": "1_894D0A8",
    "shop": "Woolworths",
    "weight": "100ML",
    "prices": [
      {
        "state": "NSW",
        "price": "1500",
        "price_per_unit": "1250",
        "price_unit": "ML"
      },
      {
        "state": "VIC",
        "price": "1500",
        "price_per_unit": "1250",
        "price_unit": "ML"
      },
      {
        "state": "WA",
        "price": "1500",
        "price_per_unit": "1250",
        "price_unit": "ML"
      },
      {
        "state": "SA",
        "price": "1500",
        "price_per_unit": "1250",
        "price_unit": "ML"
      },
      {
        "state": "ACT",
        "price": "1500",
        "price_per_unit": "1250",
        "price_unit": "ML"
      },
      {
        "state": "NT",
        "price": "1500",
        "price_per_unit": "1250",
        "price_unit": "ML"
      }
    ]
  },
  {
    "source_url": "https://www.woolworths.com.au/shop/productdetails/859250/sukin-sensitive-facial-moisturiser-pump",
    "name": "Sukin Sensitive Facial Moisturiser Pump 125ml",
    "image_url": "https://cdn1.woolworths.media/content/wowproductimages/large/859250.jpg",
    "source_id": "Woolworths - 859250",
    "barcode": "9327693002175",
    "category_id": "1_894D0A8",
    "shop": "Woolworths",
    "weight": "100ML",
    "prices": [
      {
        "state": "NSW",
        "price": "750",
        "price_per_unit": "600",
        "price_unit": "ML"
      },
      {
        "state": "VIC",
        "price": "750",
        "price_per_unit": "600",
        "price_unit": "ML"
      },
      {
        "state": "QLD",
        "price": "750",
        "price_per_unit": "600",
        "price_unit": "ML"
      },
      {
        "state": "WA",
        "price": "750",
        "price_per_unit": "600",
        "price_unit": "ML"
      },
      {
        "state": "SA",
        "price": "750",
        "price_per_unit": "600",
        "price_unit": "ML"
      },
      {
        "state": "TAS",
        "price": "750",
        "price_per_unit": "600",
        "price_unit": "ML"
      },
      {
        "state": "ACT",
        "price": "750",
        "price_per_unit": "600",
        "price_unit": "ML"
      },
      {
        "state": "NT",
        "price": "750",
        "price_per_unit": "600",
        "price_unit": "ML"
      }
    ]
  },
  {
    "source_url": "https://www.woolworths.com.au/shop/productdetails/859163/sukin-signature-facial-moisturiser-pump",
    "name": "Sukin Signature Facial Moisturiser Pump 125ml",
    "image_url": "https://cdn1.woolworths.media/content/wowproductimages/large/859163.jpg",
    "source_id": "Woolworths - 859163",
    "barcode": "9327693000294",
    "category_id": "1_894D0A8",
    "shop": "Woolworths",
    "weight": "100ML",
    "prices": [
      {
        "state": "NSW",
        "price": "750",
        "price_per_unit": "600",
        "price_unit": "ML"
      },
      {
        "state": "VIC",
        "price": "750",
        "price_per_unit": "600",
        "price_unit": "ML"
      },
      {
        "state": "QLD",
        "price": "750",
        "price_per_unit": "600",
        "price_unit": "ML"
      },
      {
        "state": "WA",
        "price": "750",
        "price_per_unit": "600",
        "price_unit": "ML"
      },
      {
        "state": "SA",
        "price": "750",
        "price_per_unit": "600",
        "price_unit": "ML"
      },
      {
        "state": "TAS",
        "price": "750",
        "price_per_unit": "600",
        "price_unit": "ML"
      },
      {
        "state": "ACT",
        "price": "750",
        "price_per_unit": "600",
        "price_unit": "ML"
      },
      {
        "state": "NT",
        "price": "750",
        "price_per_unit": "600",
        "price_unit": "ML"
      }
    ]
  },
  {
    "source_url": "https://www.woolworths.com.au/shop/productdetails/428534/sukin-signature-mattifying-facial-moisturiser",
    "name": "Sukin Signature Mattifying Facial Moisturiser 125mL",
    "image_url": "https://cdn1.woolworths.media/content/wowproductimages/large/428534.jpg",
    "source_id": "Woolworths - 428534",
    "barcode": "9327693011795",
    "category_id": "1_894D0A8",
    "shop": "Woolworths",
    "weight": "100ML",
    "prices": [
      {
        "state": "NSW",
        "price": "1600",
        "price_per_unit": "1280",
        "price_unit": "ML"
      },
      {
        "state": "VIC",
        "price": "1600",
        "price_per_unit": "1280",
        "price_unit": "ML"
      },
      {
        "state": "WA",
        "price": "1600",
        "price_per_unit": "1280",
        "price_unit": "ML"
      },
      {
        "state": "SA",
        "price": "1600",
        "price_per_unit": "1280",
        "price_unit": "ML"
      },
      {
        "state": "TAS",
        "price": "1600",
        "price_per_unit": "1280",
        "price_unit": "ML"
      },
      {
        "state": "ACT",
        "price": "1600",
        "price_per_unit": "1280",
        "price_unit": "ML"
      },
      {
        "state": "NT",
        "price": "1600",
        "price_per_unit": "1280",
        "price_unit": "ML"
      }
    ]
  },
  {
    "source_url": "https://www.woolworths.com.au/shop/productdetails/859245/sukin-signature-moisture-restoring-night-cream",
    "name": "Sukin Signature Moisture Restoring Night Cream 120ml",
    "image_url": "https://cdn1.woolworths.media/content/wowproductimages/large/859245.jpg",
    "source_id": "Woolworths - 859245",
    "barcode": "9327693000508",
    "category_id": "1_894D0A8",
    "shop": "Woolworths",
    "weight": "100ML",
    "prices": [
      {
        "state": "NSW",
        "price": "2200",
        "price_per_unit": "1833",
        "price_unit": "ML"
      },
      {
        "state": "VIC",
        "price": "2200",
        "price_per_unit": "1833",
        "price_unit": "ML"
      },
      {
        "state": "QLD",
        "price": "2200",
        "price_per_unit": "1833",
        "price_unit": "ML"
      },
      {
        "state": "WA",
        "price": "2200",
        "price_per_unit": "1833",
        "price_unit": "ML"
      },
      {
        "state": "SA",
        "price": "2200",
        "price_per_unit": "1833",
        "price_unit": "ML"
      },
      {
        "state": "TAS",
        "price": "2200",
        "price_per_unit": "1833",
        "price_unit": "ML"
      },
      {
        "state": "ACT",
        "price": "2200",
        "price_per_unit": "1833",
        "price_unit": "ML"
      },
      {
        "state": "NT",
        "price": "2200",
        "price_per_unit": "1833",
        "price_unit": "ML"
      }
    ]
  },
  {
    "source_url": "https://www.woolworths.com.au/shop/productdetails/133491/voeu-age-rejuvenate-day-cream",
    "name": "Voeu Age Rejuvenate Day Cream 50ml",
    "image_url": "https://cdn1.woolworths.media/content/wowproductimages/large/133491.jpg",
    "source_id": "Woolworths - 133491",
    "barcode": "9339687223640",
    "category_id": "1_894D0A8",
    "shop": "Woolworths",
    "weight": "100ML",
    "prices": [
      {
        "state": "NSW",
        "price": "700",
        "price_per_unit": "1400",
        "price_unit": "ML"
      },
      {
        "state": "VIC",
        "price": "700",
        "price_per_unit": "1400",
        "price_unit": "ML"
      },
      {
        "state": "WA",
        "price": "700",
        "price_per_unit": "1400",
        "price_unit": "ML"
      },
      {
        "state": "SA",
        "price": "700",
        "price_per_unit": "1400",
        "price_unit": "ML"
      },
      {
        "state": "TAS",
        "price": "700",
        "price_per_unit": "1400",
        "price_unit": "ML"
      },
      {
        "state": "ACT",
        "price": "700",
        "price_per_unit": "1400",
        "price_unit": "ML"
      }
    ]
  },
  {
    "source_url": "https://www.woolworths.com.au/shop/productdetails/133624/voeu-age-rejuvenate-night-cream",
    "name": "Voeu Age Rejuvenate Night Cream 50ml",
    "image_url": "https://cdn1.woolworths.media/content/wowproductimages/large/133624.jpg",
    "source_id": "Woolworths - 133624",
    "barcode": "9339687223657",
    "category_id": "1_894D0A8",
    "shop": "Woolworths",
    "weight": "100ML",
    "prices": [
      {
        "state": "NSW",
        "price": "700",
        "price_per_unit": "1400",
        "price_unit": "ML"
      },
      {
        "state": "WA",
        "price": "700",
        "price_per_unit": "1400",
        "price_unit": "ML"
      },
      {
        "state": "SA",
        "price": "700",
        "price_per_unit": "1400",
        "price_unit": "ML"
      },
      {
        "state": "ACT",
        "price": "700",
        "price_per_unit": "1400",
        "price_unit": "ML"
      }
    ]
  },
  {
    "source_url": "https://www.woolworths.com.au/shop/productdetails/443269/l-oreal-paris-bright-reveal-dark-spot-uv-cream",
    "name": "L'Oreal Paris Bright Reveal Dark Spot UV Cream 50mL",
    "image_url": "https://cdn1.woolworths.media/content/wowproductimages/large/443269.jpg",
    "source_id": "Woolworths - 443269",
    "barcode": "3600524122867",
    "category_id": "1_894D0A8",
    "shop": "Woolworths",
    "weight": "100ML",
    "prices": [
      {
        "state": "VIC",
        "price": "5500",
        "price_per_unit": "11000",
        "price_unit": "ML"
      },
      {
        "state": "QLD",
        "price": "5500",
        "price_per_unit": "11000",
        "price_unit": "ML"
      },
      {
        "state": "WA",
        "price": "5500",
        "price_per_unit": "11000",
        "price_unit": "ML"
      },
      {
        "state": "SA",
        "price": "5500",
        "price_per_unit": "11000",
        "price_unit": "ML"
      },
      {
        "state": "TAS",
        "price": "5500",
        "price_per_unit": "11000",
        "price_unit": "ML"
      },
      {
        "state": "ACT",
        "price": "5500",
        "price_per_unit": "11000",
        "price_unit": "ML"
      },
      {
        "state": "NT",
        "price": "5500",
        "price_per_unit": "11000",
        "price_unit": "ML"
      }
    ]
  },
  {
    "source_url": "https://www.woolworths.com.au/shop/productdetails/798179/neutrogena-hydro-boost-hyaluronic-acid-water-gel-face-moisturiser",
    "name": "Neutrogena Hydro Boost Hyaluronic Acid Water Gel Face Moisturiser 50g",
    "image_url": "https://cdn1.woolworths.media/content/wowproductimages/large/798179.jpg",
    "source_id": "Woolworths - 798179",
    "barcode": "9300607563238",
    "category_id": "1_894D0A8",
    "shop": "Woolworths",
    "weight": "100G",
    "prices": [
      {
        "state": "VIC",
        "price": "2100",
        "price_per_unit": "4200",
        "price_unit": "G"
      },
      {
        "state": "QLD",
        "price": "2100",
        "price_per_unit": "4200",
        "price_unit": "G"
      },
      {
        "state": "WA",
        "price": "2100",
        "price_per_unit": "4200",
        "price_unit": "G"
      },
      {
        "state": "SA",
        "price": "2100",
        "price_per_unit": "4200",
        "price_unit": "G"
      },
      {
        "state": "TAS",
        "price": "2100",
        "price_per_unit": "4200",
        "price_unit": "G"
      },
      {
        "state": "ACT",
        "price": "2100",
        "price_per_unit": "4200",
        "price_unit": "G"
      },
      {
        "state": "NT",
        "price": "2100",
        "price_per_unit": "4200",
        "price_unit": "G"
      }
    ]
  },
  {
    "source_url": "https://www.woolworths.com.au/shop/productdetails/164925/olay-regenerist-ultrarich-hydrating-moisturiser",
    "name": "Olay Regenerist Ultrarich Hydrating Moisturiser 48g",
    "image_url": "https://cdn1.woolworths.media/content/wowproductimages/large/164925.jpg",
    "source_id": "Woolworths - 164925",
    "barcode": "75609199158",
    "category_id": "1_894D0A8",
    "shop": "Woolworths",
    "weight": "100G",
    "prices": [
      {
        "state": "QLD",
        "price": "6000",
        "price_per_unit": "12500",
        "price_unit": "G"
      }
    ]
  }
]