[
  {
    "source_url": "https://www.woolworths.com.au/shop/productdetails/927489/alpecin-caffeine-shampoo",
    "name": "Alpecin Caffeine Shampoo 250ml",
    "image_url": "https://cdn1.woolworths.media/content/wowproductimages/large/927489.jpg",
    "source_id": "Woolworths - 927489",
    "barcode": "4008666210449",
    "category_id": "1_894D0A8",
    "shop": "Woolworths",
    "weight": "100ML",
    "prices": [
      {
        "state": "NSW",
        "price": "1400",
        "price_per_unit": "560",
        "price_unit": "ML"
      },
      {
        "state": "VIC",
        "price": "1400",
        "price_per_unit": "560",
        "price_unit": "ML"
      },
      {
        "state": "QLD",
        "price": "1400",
        "price_per_unit": "560",
        "price_unit": "ML"
      },
      {
        "state": "WA",
        "price": "1400",
        "price_per_unit": "560",
        "price_unit": "ML"
      },
      {
        "state": "SA",
        "price": "1400",
        "price_per_unit": "560",
        "price_unit": "ML"
      },
      {
        "state": "TAS",
        "price": "1400",
        "price_per_unit": "560",
        "price_unit": "ML"
      },
      {
        "state": "ACT",
        "price": "1400",
        "price_per_unit": "560",
        "price_unit": "ML"
      },
      {
        "state": "NT",
        "price": "1400",
        "price_per_unit": "560",
        "price_unit": "ML"
      }
    ]
  },
  {
    "source_url": "https://www.woolworths.com.au/shop/productdetails/120062/aveeno-apple-cider-vinegar-clarifying-conditioner-for-dull-hair",
    "name": "Aveeno Apple Cider Vinegar Clarifying Conditioner For Dull Hair 354ml",
    "image_url": "https://cdn1.woolworths.media/content/wowproductimages/large/120062.jpg",
    "source_id": "Woolworths - 120062",
    "barcode": "52800673052",
    "category_id": "1_894D0A8",
    "shop": "Woolworths",
    "weight": "100ML",
    "prices": [
      {
        "state": "NSW",
        "price": "1950",
        "price_per_unit": "551",
        "price_unit": "ML"
      },
      {
        "state": "VIC",
        "price": "1950",
        "price_per_unit": "551",
        "price_unit": "ML"
      },
      {
        "state": "WA",
        "price": "1950",
        "price_per_unit": "551",
        "price_unit": "ML"
      },
      {
        "state": "SA",
        "price": "1950",
        "price_per_unit": "551",
        "price_unit": "ML"
      },
      {
        "state": "TAS",
        "price": "1950",
        "price_per_unit": "551",
        "price_unit": "ML"
      },
      {
        "state": "ACT",
        "price": "1950",
        "price_per_unit": "551",
        "price_unit": "ML"
      },
      {
        "state": "NT",
        "price": "2145",
        "price_per_unit": "606",
        "price_unit": "ML"
      }
    ]
  },
  {
    "source_url": "https://www.woolworths.com.au/shop/productdetails/120032/aveeno-apple-cider-vinegar-clarifying-shampoo-for-dull-hair",
    "name": "Aveeno Apple Cider Vinegar Clarifying Shampoo For Dull Hair 354ml",
    "image_url": "https://cdn1.woolworths.media/content/wowproductimages/large/120032.jpg",
    "source_id": "Woolworths - 120032",
    "barcode": "52800673045",
    "category_id": "1_894D0A8",
    "shop": "Woolworths",
    "weight": "100ML",
    "prices": [
      {
        "state": "NSW",
        "price": "1950",
        "price_per_unit": "551",
        "price_unit": "ML"
      },
      {
        "state": "VIC",
        "price": "1950",
        "price_per_unit": "551",
        "price_unit": "ML"
      },
      {
        "state": "WA",
        "price": "1950",
        "price_per_unit": "551",
        "price_unit": "ML"
      },
      {
        "state": "SA",
        "price": "1950",
        "price_per_unit": "551",
        "price_unit": "ML"
      },
      {
        "state": "TAS",
        "price": "1950",
        "price_per_unit": "551",
        "price_unit": "ML"
      },
      {
        "state": "ACT",
        "price": "1950",
        "price_per_unit": "551",
        "price_unit": "ML"
      },
      {
        "state": "NT",
        "price": "2145",
        "price_per_unit": "606",
        "price_unit": "ML"
      }
    ]
  },
  {
    "source_url": "https://www.woolworths.com.au/shop/productdetails/119833/aveeno-fresh-greens-blend-volumising-conditioner-for-fine-hair",
    "name": "Aveeno Fresh Greens Blend Volumising Conditioner For Fine Hair 354ml",
    "image_url": "https://cdn1.woolworths.media/content/wowproductimages/large/119833.jpg",
    "source_id": "Woolworths - 119833",
    "barcode": "52800673113",
    "category_id": "1_894D0A8",
    "shop": "Woolworths",
    "weight": "100ML",
    "prices": [
      {
        "state": "NSW",
        "price": "1950",
        "price_per_unit": "551",
        "price_unit": "ML"
      },
      {
        "state": "VIC",
        "price": "1950",
        "price_per_unit": "551",
        "price_unit": "ML"
      },
      {
        "state": "WA",
        "price": "1950",
        "price_per_unit": "551",
        "price_unit": "ML"
      },
      {
        "state": "SA",
        "price": "1950",
        "price_per_unit": "551",
        "price_unit": "ML"
      },
      {
        "state": "TAS",
        "price": "1950",
        "price_per_unit": "551",
        "price_unit": "ML"
      },
      {
        "state": "ACT",
        "price": "1950",
        "price_per_unit": "551",
        "price_unit": "ML"
      },
      {
        "state": "NT",
        "price": "2145",
        "price_per_unit": "606",
        "price_unit": "ML"
      }
    ]
  },
  {
    "source_url": "https://www.woolworths.com.au/shop/productdetails/119985/aveeno-fresh-greens-blend-volumising-shampoo-for-fine-hair",
    "name": "Aveeno Fresh Greens Blend Volumising Shampoo For Fine Hair 354ml",
    "image_url": "https://cdn1.woolworths.media/content/wowproductimages/large/119985.jpg",
    "source_id": "Woolworths - 119985",
    "barcode": "52800673106",
    "category_id": "1_894D0A8",
    "shop": "Woolworths",
    "weight": "100ML",
    "prices": [
      {
        "state": "NSW",
        "price": "1950",
        "price_per_unit": "551",
        "price_unit": "ML"
      },
      {
        "state": "VIC",
        "price": "1950",
        "price_per_unit": "551",
        "price_unit": "ML"
      },
      {
        "state": "WA",
        "price": "1950",
        "price_per_unit": "551",
        "price_unit": "ML"
      },
      {
        "state": "SA",
        "price": "1950",
        "price_per_unit": "551",
        "price_unit": "ML"
      },
      {
        "state": "TAS",
        "price": "1950",
        "price_per_unit": "551",
        "price_unit": "ML"
      },
      {
        "state": "ACT",
        "price": "1950",
        "price_per_unit": "551",
        "price_unit": "ML"
      },
      {
        "state": "NT",
        "price": "2145",
        "price_per_unit": "606",
        "price_unit": "ML"
      }
    ]
  },
  {
    "source_url": "https://www.woolworths.com.au/shop/productdetails/119793/aveeno-oat-milk-blend-moisturising-conditioner-for-damaged-hair",
    "name": "Aveeno Oat Milk Blend Moisturising Conditioner For Damaged Hair 354ml",
    "image_url": "https://cdn1.woolworths.media/content/wowproductimages/large/119793.jpg",
    "source_id": "Woolworths - 119793",
    "barcode": "52800673014",
    "category_id": "1_894D0A8",
    "shop": "Woolworths",
    "weight": "100ML",
    "prices": [
      {
        "state": "NSW",
        "price": "1950",
        "price_per_unit": "551",
        "price_unit": "ML"
      },
      {
        "state": "VIC",
        "price": "1950",
        "price_per_unit": "551",
        "price_unit": "ML"
      },
      {
        "state": "QLD",
        "price": "1950",
        "price_per_unit": "551",
        "price_unit": "ML"
      },
      {
        "state": "WA",
        "price": "1950",
        "price_per_unit": "551",
        "price_unit": "ML"
      },
      {
        "state": "SA",
        "price": "1950",
        "price_per_unit": "551",
        "price_unit": "ML"
      },
      {
        "state": "TAS",
        "price": "1950",
        "price_per_unit": "551",
        "price_unit": "ML"
      },
      {
        "state": "ACT",
        "price": "1950",
        "price_per_unit": "551",
        "price_unit": "ML"
      },
      {
        "state": "NT",
        "price": "2145",
        "price_per_unit": "606",
        "price_unit": "ML"
      }
    ]
  },
  {
    "source_url": "https://www.woolworths.com.au/shop/productdetails/120022/aveeno-oat-milk-blend-moisturising-shampoo-for-damaged-hair",
    "name": "Aveeno Oat Milk Blend Moisturising Shampoo For Damaged Hair 354ml",
    "image_url": "https://cdn1.woolworths.media/content/wowproductimages/large/120022.jpg",
    "source_id": "Woolworths - 120022",
    "barcode": "52800673007",
    "category_id": "1_894D0A8",
    "shop": "Woolworths",
    "weight": "100ML",
    "prices": [
      {
        "state": "NSW",
        "price": "1950",
        "price_per_unit": "551",
        "price_unit": "ML"
      },
      {
        "state": "VIC",
        "price": "1950",
        "price_per_unit": "551",
        "price_unit": "ML"
      },
      {
        "state": "QLD",
        "price": "1950",
        "price_per_unit": "551",
        "price_unit": "ML"
      },
      {
        "state": "WA",
        "price": "1950",
        "price_per_unit": "551",
        "price_unit": "ML"
      },
      {
        "state": "SA",
        "price": "1950",
        "price_per_unit": "551",
        "price_unit": "ML"
      },
      {
        "state": "TAS",
        "price": "1950",
        "price_per_unit": "551",
        "price_unit": "ML"
      },
      {
        "state": "ACT",
        "price": "1950",
        "price_per_unit": "551",
        "price_unit": "ML"
      },
      {
        "state": "NT",
        "price": "2145",
        "price_per_unit": "606",
        "price_unit": "ML"
      }
    ]
  },
  {
    "source_url": "https://www.woolworths.com.au/shop/productdetails/211554/aveeno-rose-water-chamomile-conditioner-for-dry-hair",
    "name": "Aveeno Rose Water & Chamomile Conditioner For Dry Hair 354ml",
    "image_url": "https://cdn1.woolworths.media/content/wowproductimages/large/211554.jpg",
    "source_id": "Woolworths - 211554",
    "barcode": "52800673137",
    "category_id": "1_894D0A8",
    "shop": "Woolworths",
    "weight": "100ML",
    "prices": [
      {
        "state": "NSW",
        "price": "1950",
        "price_per_unit": "551",
        "price_unit": "ML"
      },
      {
        "state": "VIC",
        "price": "1950",
        "price_per_unit": "551",
        "price_unit": "ML"
      },
      {
        "state": "QLD",
        "price": "1950",
        "price_per_unit": "551",
        "price_unit": "ML"
      },
      {
        "state": "WA",
        "price": "1950",
        "price_per_unit": "551",
        "price_unit": "ML"
      },
      {
        "state": "SA",
        "price": "1950",
        "price_per_unit": "551",
        "price_unit": "ML"
      },
      {
        "state": "TAS",
        "price": "1950",
        "price_per_unit": "551",
        "price_unit": "ML"
      },
      {
        "state": "ACT",
        "price": "1950",
        "price_per_unit": "551",
        "price_unit": "ML"
      },
      {
        "state": "NT",
        "price": "2145",
        "price_per_unit": "606",
        "price_unit": "ML"
      }
    ]
  },
  {
    "source_url": "https://www.woolworths.com.au/shop/productdetails/210746/aveeno-rose-water-chamomile-shampoo-for-dry-hair",
    "name": "Aveeno Rose Water & Chamomile Shampoo For Dry Hair 354ml",
    "image_url": "https://cdn1.woolworths.media/content/wowproductimages/large/210746.jpg",
    "source_id": "Woolworths - 210746",
    "barcode": "52800673120",
    "category_id": "1_894D0A8",
    "shop": "Woolworths",
    "weight": "100ML",
    "prices": [
      {
        "state": "NSW",
        "price": "1950",
        "price_per_unit": "551",
        "price_unit": "ML"
      },
      {
        "state": "VIC",
        "price": "1950",
        "price_per_unit": "551",
        "price_unit": "ML"
      },
      {
        "state": "QLD",
        "price": "1950",
        "price_per_unit": "551",
        "price_unit": "ML"
      },
      {
        "state": "WA",
        "price": "1950",
        "price_per_unit": "551",
        "price_unit": "ML"
      },
      {
        "state": "SA",
        "price": "1950",
        "price_per_unit": "551",
        "price_unit": "ML"
      },
      {
        "state": "TAS",
        "price": "1950",
        "price_per_unit": "551",
        "price_unit": "ML"
      },
      {
        "state": "ACT",
        "price": "1950",
        "price_per_unit": "551",
        "price_unit": "ML"
      },
      {
        "state": "NT",
        "price": "2145",
        "price_per_unit": "606",
        "price_unit": "ML"
      }
    ]
  },
  {
    "source_url": "https://www.woolworths.com.au/shop/productdetails/61678/barbie-kids-detangling-spray",
    "name": "Barbie Kids Detangling Spray 200mL",
    "image_url": "https://cdn1.woolworths.media/content/wowproductimages/large/061678.jpg",
    "source_id": "Woolworths - 61678",
    "barcode": "9346720001578",
    "category_id": "1_894D0A8",
    "shop": "Woolworths",
    "weight": "100ML",
    "prices": [
      {
        "state": "NSW",
        "price": "600",
        "price_per_unit": "300",
        "price_unit": "ML"
      },
      {
        "state": "VIC",
        "price": "600",
        "price_per_unit": "300",
        "price_unit": "ML"
      },
      {
        "state": "QLD",
        "price": "600",
        "price_per_unit": "300",
        "price_unit": "ML"
      },
      {
        "state": "WA",
        "price": "600",
        "price_per_unit": "300",
        "price_unit": "ML"
      },
      {
        "state": "SA",
        "price": "600",
        "price_per_unit": "300",
        "price_unit": "ML"
      },
      {
        "state": "TAS",
        "price": "600",
        "price_per_unit": "300",
        "price_unit": "ML"
      },
      {
        "state": "ACT",
        "price": "600",
        "price_per_unit": "300",
        "price_unit": "ML"
      },
      {
        "state": "NT",
        "price": "600",
        "price_per_unit": "300",
        "price_unit": "ML"
      }
    ]
  },
  {
    "source_url": "https://www.woolworths.com.au/shop/productdetails/745783/batiste-blush-dry-shampoo",
    "name": "Batiste Blush Dry Shampoo 200ml",
    "image_url": "https://cdn1.woolworths.media/content/wowproductimages/large/745783.jpg",
    "source_id": "Woolworths - 745783",
    "barcode": "5010724527375",
    "category_id": "1_894D0A8",
    "shop": "Woolworths",
    "weight": "100ML",
    "prices": [
      {
        "state": "NSW",
        "price": "940",
        "price_per_unit": "470",
        "price_unit": "ML"
      },
      {
        "state": "VIC",
        "price": "940",
        "price_per_unit": "470",
        "price_unit": "ML"
      },
      {
        "state": "QLD",
        "price": "940",
        "price_per_unit": "470",
        "price_unit": "ML"
      },
      {
        "state": "WA",
        "price": "940",
        "price_per_unit": "470",
        "price_unit": "ML"
      },
      {
        "state": "SA",
        "price": "940",
        "price_per_unit": "470",
        "price_unit": "ML"
      },
      {
        "state": "TAS",
        "price": "940",
        "price_per_unit": "470",
        "price_unit": "ML"
      },
      {
        "state": "ACT",
        "price": "940",
        "price_per_unit": "470",
        "price_unit": "ML"
      },
      {
        "state": "NT",
        "price": "940",
        "price_per_unit": "470",
        "price_unit": "ML"
      }
    ]
  },
  {
    "source_url": "https://www.woolworths.com.au/shop/productdetails/140903/batiste-blush-dry-shampoo",
    "name": "Batiste Blush Dry Shampoo 350ml",
    "image_url": "https://cdn1.woolworths.media/content/wowproductimages/large/140903.jpg",
    "source_id": "Woolworths - 140903",
    "barcode": "5010724535936",
    "category_id": "1_894D0A8",
    "shop": "Woolworths",
    "weight": "100ML",
    "prices": [
      {
        "state": "NSW",
        "price": "950",
        "price_per_unit": "271",
        "price_unit": "ML"
      },
      {
        "state": "VIC",
        "price": "950",
        "price_per_unit": "271",
        "price_unit": "ML"
      },
      {
        "state": "QLD",
        "price": "950",
        "price_per_unit": "271",
        "price_unit": "ML"
      },
      {
        "state": "WA",
        "price": "950",
        "price_per_unit": "271",
        "price_unit": "ML"
      },
      {
        "state": "SA",
        "price": "950",
        "price_per_unit": "271",
        "price_unit": "ML"
      },
      {
        "state": "TAS",
        "price": "950",
        "price_per_unit": "271",
        "price_unit": "ML"
      },
      {
        "state": "ACT",
        "price": "950",
        "price_per_unit": "271",
        "price_unit": "ML"
      },
      {
        "state": "NT",
        "price": "950",
        "price_per_unit": "271",
        "price_unit": "ML"
      }
    ]
  },
  {
    "source_url": "https://www.woolworths.com.au/shop/productdetails/571025/batiste-dry-shampoo-original",
    "name": "Batiste Dry Shampoo Original 200ml",
    "image_url": "https://cdn1.woolworths.media/content/wowproductimages/large/571025.jpg",
    "source_id": "Woolworths - 571025",
    "barcode": "5010724527481",
    "category_id": "1_894D0A8",
    "shop": "Woolworths",
    "weight": "100ML",
    "prices": [
      {
        "state": "NSW",
        "price": "940",
        "price_per_unit": "470",
        "price_unit": "ML"
      },
      {
        "state": "VIC",
        "price": "940",
        "price_per_unit": "470",
        "price_unit": "ML"
      },
      {
        "state": "QLD",
        "price": "940",
        "price_per_unit": "470",
        "price_unit": "ML"
      },
      {
        "state": "WA",
        "price": "940",
        "price_per_unit": "470",
        "price_unit": "ML"
      },
      {
        "state": "SA",
        "price": "940",
        "price_per_unit": "470",
        "price_unit": "ML"
      },
      {
        "state": "TAS",
        "price": "940",
        "price_per_unit": "470",
        "price_unit": "ML"
      },
      {
        "state": "ACT",
        "price": "940",
        "price_per_unit": "470",
        "price_unit": "ML"
      },
      {
        "state": "NT",
        "price": "940",
        "price_per_unit": "470",
        "price_unit": "ML"
      }
    ]
  },
  {
    "source_url": "https://www.woolworths.com.au/shop/productdetails/842060/batiste-limited-edition-eden-dry-shampoo",
    "name": "Batiste Limited Edition Eden Dry Shampoo 200ml",
    "image_url": "https://cdn1.woolworths.media/content/wowproductimages/large/842060.jpg",
    "source_id": "Woolworths - 842060",
    "barcode": "5010724528945",
    "category_id": "1_894D0A8",
    "shop": "Woolworths",
    "weight": "100ML",
    "prices": [
      {
        "state": "NSW",
        "price": "940",
        "price_per_unit": "470",
        "price_unit": "ML"
      },
      {
        "state": "VIC",
        "price": "940",
        "price_per_unit": "470",
        "price_unit": "ML"
      },
      {
        "state": "QLD",
        "price": "940",
        "price_per_unit": "470",
        "price_unit": "ML"
      },
      {
        "state": "WA",
        "price": "940",
        "price_per_unit": "470",
        "price_unit": "ML"
      },
      {
        "state": "SA",
        "price": "940",
        "price_per_unit": "470",
        "price_unit": "ML"
      },
      {
        "state": "TAS",
        "price": "940",
        "price_per_unit": "470",
        "price_unit": "ML"
      },
      {
        "state": "ACT",
        "price": "940",
        "price_per_unit": "470",
        "price_unit": "ML"
      },
      {
        "state": "NT",
        "price": "940",
        "price_per_unit": "470",
        "price_unit": "ML"
      }
    ]
  },
  {
    "source_url": "https://www.woolworths.com.au/shop/productdetails/745781/batiste-tropical-dry-shampoo",
    "name": "Batiste Tropical Dry Shampoo 200ml",
    "image_url": "https://cdn1.woolworths.media/content/wowproductimages/large/745781.jpg",
    "source_id": "Woolworths - 745781",
    "barcode": "5010724527511",
    "category_id": "1_894D0A8",
    "shop": "Woolworths",
    "weight": "100ML",
    "prices": [
      {
        "state": "NSW",
        "price": "940",
        "price_per_unit": "470",
        "price_unit": "ML"
      },
      {
        "state": "VIC",
        "price": "940",
        "price_per_unit": "470",
        "price_unit": "ML"
      },
      {
        "state": "QLD",
        "price": "940",
        "price_per_unit": "470",
        "price_unit": "ML"
      },
      {
        "state": "WA",
        "price": "940",
        "price_per_unit": "470",
        "price_unit": "ML"
      },
      {
        "state": "SA",
        "price": "940",
        "price_per_unit": "470",
        "price_unit": "ML"
      },
      {
        "state": "TAS",
        "price": "940",
        "price_per_unit": "470",
        "price_unit": "ML"
      },
      {
        "state": "ACT",
        "price": "940",
        "price_per_unit": "470",
        "price_unit": "ML"
      }
    ]
  },
  {
    "source_url": "https://www.woolworths.com.au/shop/productdetails/136325/dermal-therapy-scalp-relief-serum",
    "name": "Dermal Therapy Scalp Relief Serum 60ml",
    "image_url": "https://cdn1.woolworths.media/content/wowproductimages/large/136325.jpg",
    "source_id": "Woolworths - 136325",
    "barcode": "9329224002340",
    "category_id": "1_894D0A8",
    "shop": "Woolworths",
    "weight": "100ML",
    "prices": [
      {
        "state": "NSW",
        "price": "1700",
        "price_per_unit": "2833",
        "price_unit": "ML"
      },
      {
        "state": "VIC",
        "price": "1700",
        "price_per_unit": "2833",
        "price_unit": "ML"
      },
      {
        "state": "WA",
        "price": "1700",
        "price_per_unit": "2833",
        "price_unit": "ML"
      },
      {
        "state": "SA",
        "price": "1700",
        "price_per_unit": "2833",
        "price_unit": "ML"
      },
      {
        "state": "TAS",
        "price": "1700",
        "price_per_unit": "2833",
        "price_unit": "ML"
      },
      {
        "state": "ACT",
        "price": "1700",
        "price_per_unit": "2833",
        "price_unit": "ML"
      },
      {
        "state": "NT",
        "price": "1700",
        "price_per_unit": "2833",
        "price_unit": "ML"
      }
    ]
  },
  {
    "source_url": "https://www.woolworths.com.au/shop/productdetails/134720/dermal-therapy-scalp-relief-shampoo-conditioner",
    "name": "Dermal Therapy Scalp Relief Shampoo & Conditioner 210ml",
    "image_url": "https://cdn1.woolworths.media/content/wowproductimages/large/134720.jpg",
    "source_id": "Woolworths - 134720",
    "barcode": "9329224002357",
    "category_id": "1_894D0A8",
    "shop": "Woolworths",
    "weight": "100ML",
    "prices": [
      {
        "state": "NSW",
        "price": "1700",
        "price_per_unit": "810",
        "price_unit": "ML"
      },
      {
        "state": "VIC",
        "price": "1700",
        "price_per_unit": "810",
        "price_unit": "ML"
      },
      {
        "state": "WA",
        "price": "1700",
        "price_per_unit": "810",
        "price_unit": "ML"
      },
      {
        "state": "SA",
        "price": "1700",
        "price_per_unit": "810",
        "price_unit": "ML"
      },
      {
        "state": "TAS",
        "price": "1700",
        "price_per_unit": "810",
        "price_unit": "ML"
      },
      {
        "state": "ACT",
        "price": "1700",
        "price_per_unit": "810",
        "price_unit": "ML"
      },
      {
        "state": "NT",
        "price": "1700",
        "price_per_unit": "810",
        "price_unit": "ML"
      }
    ]
  },
  {
    "source_url": "https://www.woolworths.com.au/shop/productdetails/601558/dermaveen-hair-scalp-soothing-oatmeal-conditioner",
    "name": "Dermaveen Hair + Scalp Soothing Oatmeal Conditioner 1L",
    "image_url": "https://cdn1.woolworths.media/content/wowproductimages/large/601558.jpg",
    "source_id": "Woolworths - 601558",
    "barcode": "9314057012239",
    "category_id": "1_894D0A8",
    "shop": "Woolworths",
    "weight": "100ML",
    "prices": [
      {
        "state": "NSW",
        "price": "3200",
        "price_per_unit": "320",
        "price_unit": "ML"
      },
      {
        "state": "VIC",
        "price": "3200",
        "price_per_unit": "320",
        "price_unit": "ML"
      },
      {
        "state": "WA",
        "price": "3200",
        "price_per_unit": "320",
        "price_unit": "ML"
      },
      {
        "state": "SA",
        "price": "3200",
        "price_per_unit": "320",
        "price_unit": "ML"
      },
      {
        "state": "TAS",
        "price": "3200",
        "price_per_unit": "320",
        "price_unit": "ML"
      },
      {
        "state": "ACT",
        "price": "3200",
        "price_per_unit": "320",
        "price_unit": "ML"
      },
      {
        "state": "NT",
        "price": "3360",
        "price_per_unit": "336",
        "price_unit": "ML"
      }
    ]
  },
  {
    "source_url": "https://www.woolworths.com.au/shop/productdetails/573701/dermaveen-hair-scalp-extra-hydration-conditioner",
    "name": "Dermaveen Hair Scalp + Extra Hydration Conditioner 500mL",
    "image_url": "https://cdn1.woolworths.media/content/wowproductimages/large/573701.jpg",
    "source_id": "Woolworths - 573701",
    "barcode": "9314057018767",
    "category_id": "1_894D0A8",
    "shop": "Woolworths",
    "weight": "100ML",
    "prices": [
      {
        "state": "NSW",
        "price": "2300",
        "price_per_unit": "460",
        "price_unit": "ML"
      },
      {
        "state": "VIC",
        "price": "2300",
        "price_per_unit": "460",
        "price_unit": "ML"
      },
      {
        "state": "WA",
        "price": "2300",
        "price_per_unit": "460",
        "price_unit": "ML"
      },
      {
        "state": "SA",
        "price": "2300",
        "price_per_unit": "460",
        "price_unit": "ML"
      },
      {
        "state": "TAS",
        "price": "2300",
        "price_per_unit": "460",
        "price_unit": "ML"
      },
      {
        "state": "ACT",
        "price": "2300",
        "price_per_unit": "460",
        "price_unit": "ML"
      },
      {
        "state": "NT",
        "price": "2310",
        "price_per_unit": "462",
        "price_unit": "ML"
      }
    ]
  },
  {
    "source_url": "https://www.woolworths.com.au/shop/productdetails/566734/dermaveen-hair-scalp-extra-hydration-shampoo",
    "name": "Dermaveen Hair Scalp + Extra Hydration Shampoo 500mL",
    "image_url": "https://cdn1.woolworths.media/content/wowproductimages/large/566734.jpg",
    "source_id": "Woolworths - 566734",
    "barcode": "9314057018750",
    "category_id": "1_894D0A8",
    "shop": "Woolworths",
    "weight": "100ML",
    "prices": [
      {
        "state": "NSW",
        "price": "2300",
        "price_per_unit": "460",
        "price_unit": "ML"
      },
      {
        "state": "VIC",
        "price": "2300",
        "price_per_unit": "460",
        "price_unit": "ML"
      },
      {
        "state": "WA",
        "price": "2300",
        "price_per_unit": "460",
        "price_unit": "ML"
      },
      {
        "state": "SA",
        "price": "2300",
        "price_per_unit": "460",
        "price_unit": "ML"
      },
      {
        "state": "TAS",
        "price": "2300",
        "price_per_unit": "460",
        "price_unit": "ML"
      },
      {
        "state": "ACT",
        "price": "2300",
        "price_per_unit": "460",
        "price_unit": "ML"
      },
      {
        "state": "NT",
        "price": "2310",
        "price_per_unit": "462",
        "price_unit": "ML"
      }
    ]
  },
  {
    "source_url": "https://www.woolworths.com.au/shop/productdetails/596155/dermaveen-soothing-oatmeal-shampoo",
    "name": "Dermaveen Soothing Oatmeal Shampoo 1L",
    "image_url": "https://cdn1.woolworths.media/content/wowproductimages/large/596155.jpg",
    "source_id": "Woolworths - 596155",
    "barcode": "9314057012208",
    "category_id": "1_894D0A8",
    "shop": "Woolworths",
    "weight": "100ML",
    "prices": [
      {
        "state": "NSW",
        "price": "3200",
        "price_per_unit": "320",
        "price_unit": "ML"
      },
      {
        "state": "VIC",
        "price": "3200",
        "price_per_unit": "320",
        "price_unit": "ML"
      },
      {
        "state": "WA",
        "price": "3200",
        "price_per_unit": "320",
        "price_unit": "ML"
      },
      {
        "state": "SA",
        "price": "3200",
        "price_per_unit": "320",
        "price_unit": "ML"
      },
      {
        "state": "TAS",
        "price": "3200",
        "price_per_unit": "320",
        "price_unit": "ML"
      },
      {
        "state": "ACT",
        "price": "3200",
        "price_per_unit": "320",
        "price_unit": "ML"
      },
      {
        "state": "NT",
        "price": "3360",
        "price_per_unit": "336",
        "price_unit": "ML"
      }
    ]
  },
  {
    "source_url": "https://www.woolworths.com.au/shop/productdetails/608986/dove-conditioner-daily-care-with-lightweight-technology",
    "name": "Dove Conditioner Daily Care With Lightweight Technology 320ml",
    "image_url": "https://cdn1.woolworths.media/content/wowproductimages/large/608986.jpg",
    "source_id": "Woolworths - 608986",
    "barcode": "8851932374996",
    "category_id": "1_894D0A8",
    "shop": "Woolworths",
    "weight": "100ML",
    "prices": [
      {
        "state": "NSW",
        "price": "535",
        "price_per_unit": "167",
        "price_unit": "ML"
      },
      {
        "state": "VIC",
        "price": "535",
        "price_per_unit": "167",
        "price_unit": "ML"
      },
      {
        "state": "QLD",
        "price": "535",
        "price_per_unit": "167",
        "price_unit": "ML"
      },
      {
        "state": "WA",
        "price": "535",
        "price_per_unit": "167",
        "price_unit": "ML"
      },
      {
        "state": "SA",
        "price": "535",
        "price_per_unit": "167",
        "price_unit": "ML"
      },
      {
        "state": "TAS",
        "price": "535",
        "price_per_unit": "167",
        "price_unit": "ML"
      },
      {
        "state": "ACT",
        "price": "535",
        "price_per_unit": "167",
        "price_unit": "ML"
      },
      {
        "state": "NT",
        "price": "560",
        "price_per_unit": "175",
        "price_unit": "ML"
      }
    ]
  },
  {
    "source_url": "https://www.woolworths.com.au/shop/productdetails/661636/dove-conditioner-nourishing-secrets-strengthening-ritual",
    "name": "Dove Conditioner Nourishing Secrets Strengthening Ritual 320ml",
    "image_url": "https://cdn1.woolworths.media/content/wowproductimages/large/661636.jpg",
    "source_id": "Woolworths - 661636",
    "barcode": "9300830043200",
    "category_id": "1_894D0A8",
    "shop": "Woolworths",
    "weight": "100ML",
    "prices": [
      {
        "state": "NSW",
        "price": "535",
        "price_per_unit": "167",
        "price_unit": "ML"
      },
      {
        "state": "VIC",
        "price": "535",
        "price_per_unit": "167",
        "price_unit": "ML"
      },
      {
        "state": "QLD",
        "price": "535",
        "price_per_unit": "167",
        "price_unit": "ML"
      },
      {
        "state": "WA",
        "price": "535",
        "price_per_unit": "167",
        "price_unit": "ML"
      },
      {
        "state": "SA",
        "price": "535",
        "price_per_unit": "167",
        "price_unit": "ML"
      },
      {
        "state": "TAS",
        "price": "535",
        "price_per_unit": "167",
        "price_unit": "ML"
      },
      {
        "state": "ACT",
        "price": "535",
        "price_per_unit": "167",
        "price_unit": "ML"
      },
      {
        "state": "NT",
        "price": "560",
        "price_per_unit": "175",
        "price_unit": "ML"
      }
    ]
  },
  {
    "source_url": "https://www.woolworths.com.au/shop/productdetails/198258/dove-daily-care-conditioner-with-lightweight-technology",
    "name": "Dove Daily Care Conditioner With Lightweight Technology 820ml",
    "image_url": "https://cdn1.woolworths.media/content/wowproductimages/large/198258.jpg",
    "source_id": "Woolworths - 198258",
    "barcode": "8851932438971",
    "category_id": "1_894D0A8",
    "shop": "Woolworths",
    "weight": "100ML",
    "prices": [
      {
        "state": "NSW",
        "price": "1190",
        "price_per_unit": "145",
        "price_unit": "ML"
      },
      {
        "state": "VIC",
        "price": "1190",
        "price_per_unit": "145",
        "price_unit": "ML"
      },
      {
        "state": "QLD",
        "price": "1190",
        "price_per_unit": "145",
        "price_unit": "ML"
      },
      {
        "state": "WA",
        "price": "1190",
        "price_per_unit": "145",
        "price_unit": "ML"
      },
      {
        "state": "SA",
        "price": "1190",
        "price_per_unit": "145",
        "price_unit": "ML"
      },
      {
        "state": "TAS",
        "price": "1190",
        "price_per_unit": "145",
        "price_unit": "ML"
      },
      {
        "state": "ACT",
        "price": "1190",
        "price_per_unit": "145",
        "price_unit": "ML"
      },
      {
        "state": "NT",
        "price": "1245",
        "price_per_unit": "152",
        "price_unit": "ML"
      }
    ]
  },
  {
    "source_url": "https://www.woolworths.com.au/shop/productdetails/198257/dove-daily-care-shampoo-with-lightweight-technology",
    "name": "Dove Daily Care Shampoo With Lightweight Technology 820ml",
    "image_url": "https://cdn1.woolworths.media/content/wowproductimages/large/198257.jpg",
    "source_id": "Woolworths - 198257",
    "barcode": "8851932438964",
    "category_id": "1_894D0A8",
    "shop": "Woolworths",
    "weight": "100ML",
    "prices": [
      {
        "state": "NSW",
        "price": "1190",
        "price_per_unit": "145",
        "price_unit": "ML"
      },
      {
        "state": "VIC",
        "price": "1190",
        "price_per_unit": "145",
        "price_unit": "ML"
      },
      {
        "state": "QLD",
        "price": "1190",
        "price_per_unit": "145",
        "price_unit": "ML"
      },
      {
        "state": "WA",
        "price": "1190",
        "price_per_unit": "145",
        "price_unit": "ML"
      },
      {
        "state": "SA",
        "price": "1190",
        "price_per_unit": "145",
        "price_unit": "ML"
      },
      {
        "state": "TAS",
        "price": "1190",
        "price_per_unit": "145",
        "price_unit": "ML"
      },
      {
        "state": "ACT",
        "price": "1190",
        "price_per_unit": "145",
        "price_unit": "ML"
      },
      {
        "state": "NT",
        "price": "1245",
        "price_per_unit": "152",
        "price_unit": "ML"
      }
    ]
  },
  {
    "source_url": "https://www.woolworths.com.au/shop/productdetails/799320/dove-intensive-repair-conditioner-with-smart-target-technology",
    "name": "Dove Intensive Repair Conditioner With Smart Target Technology 320ml",
    "image_url": "https://cdn1.woolworths.media/content/wowproductimages/large/799320.jpg",
    "source_id": "Woolworths - 799320",
    "barcode": "8851932348393",
    "category_id": "1_894D0A8",
    "shop": "Woolworths",
    "weight": "100ML",
    "prices": [
      {
        "state": "NSW",
        "price": "535",
        "price_per_unit": "167",
        "price_unit": "ML"
      },
      {
        "state": "VIC",
        "price": "535",
        "price_per_unit": "167",
        "price_unit": "ML"
      },
      {
        "state": "QLD",
        "price": "535",
        "price_per_unit": "167",
        "price_unit": "ML"
      },
      {
        "state": "WA",
        "price": "535",
        "price_per_unit": "167",
        "price_unit": "ML"
      },
      {
        "state": "SA",
        "price": "535",
        "price_per_unit": "167",
        "price_unit": "ML"
      },
      {
        "state": "TAS",
        "price": "535",
        "price_per_unit": "167",
        "price_unit": "ML"
      },
      {
        "state": "ACT",
        "price": "535",
        "price_per_unit": "167",
        "price_unit": "ML"
      },
      {
        "state": "NT",
        "price": "560",
        "price_per_unit": "175",
        "price_unit": "ML"
      }
    ]
  },
  {
    "source_url": "https://www.woolworths.com.au/shop/productdetails/198256/dove-intensive-repair-conditioner-with-smart-target-technology",
    "name": "Dove Intensive Repair Conditioner With Smart Target Technology 820mL",
    "image_url": "https://cdn1.woolworths.media/content/wowproductimages/large/198256.jpg",
    "source_id": "Woolworths - 198256",
    "barcode": "8851932438995",
    "category_id": "1_894D0A8",
    "shop": "Woolworths",
    "weight": "100ML",
    "prices": [
      {
        "state": "NSW",
        "price": "1190",
        "price_per_unit": "145",
        "price_unit": "ML"
      },
      {
        "state": "VIC",
        "price": "1190",
        "price_per_unit": "145",
        "price_unit": "ML"
      },
      {
        "state": "QLD",
        "price": "1190",
        "price_per_unit": "145",
        "price_unit": "ML"
      },
      {
        "state": "WA",
        "price": "1190",
        "price_per_unit": "145",
        "price_unit": "ML"
      },
      {
        "state": "SA",
        "price": "1190",
        "price_per_unit": "145",
        "price_unit": "ML"
      },
      {
        "state": "TAS",
        "price": "1190",
        "price_per_unit": "145",
        "price_unit": "ML"
      },
      {
        "state": "ACT",
        "price": "1190",
        "price_per_unit": "145",
        "price_unit": "ML"
      },
      {
        "state": "NT",
        "price": "1245",
        "price_per_unit": "152",
        "price_unit": "ML"
      }
    ]
  },
  {
    "source_url": "https://www.woolworths.com.au/shop/productdetails/799295/dove-intensive-repair-shampoo-with-smart-target-technology",
    "name": "Dove Intensive Repair Shampoo With Smart Target Technology 320ml",
    "image_url": "https://cdn1.woolworths.media/content/wowproductimages/large/799295.jpg",
    "source_id": "Woolworths - 799295",
    "barcode": "8851932348317",
    "category_id": "1_894D0A8",
    "shop": "Woolworths",
    "weight": "100ML",
    "prices": [
      {
        "state": "NSW",
        "price": "535",
        "price_per_unit": "167",
        "price_unit": "ML"
      },
      {
        "state": "VIC",
        "price": "535",
        "price_per_unit": "167",
        "price_unit": "ML"
      },
      {
        "state": "QLD",
        "price": "535",
        "price_per_unit": "167",
        "price_unit": "ML"
      },
      {
        "state": "WA",
        "price": "535",
        "price_per_unit": "167",
        "price_unit": "ML"
      },
      {
        "state": "SA",
        "price": "535",
        "price_per_unit": "167",
        "price_unit": "ML"
      },
      {
        "state": "TAS",
        "price": "535",
        "price_per_unit": "167",
        "price_unit": "ML"
      },
      {
        "state": "ACT",
        "price": "535",
        "price_per_unit": "167",
        "price_unit": "ML"
      },
      {
        "state": "NT",
        "price": "560",
        "price_per_unit": "175",
        "price_unit": "ML"
      }
    ]
  },
  {
    "source_url": "https://www.woolworths.com.au/shop/productdetails/198255/dove-intensive-repair-shampoo-with-smart-target-technology",
    "name": "Dove Intensive Repair Shampoo With Smart Target Technology 820ml",
    "image_url": "https://cdn1.woolworths.media/content/wowproductimages/large/198255.jpg",
    "source_id": "Woolworths - 198255",
    "barcode": "8851932438988",
    "category_id": "1_894D0A8",
    "shop": "Woolworths",
    "weight": "100ML",
    "prices": [
      {
        "state": "NSW",
        "price": "1190",
        "price_per_unit": "145",
        "price_unit": "ML"
      },
      {
        "state": "VIC",
        "price": "1190",
        "price_per_unit": "145",
        "price_unit": "ML"
      },
      {
        "state": "QLD",
        "price": "1190",
        "price_per_unit": "145",
        "price_unit": "ML"
      },
      {
        "state": "WA",
        "price": "1190",
        "price_per_unit": "145",
        "price_unit": "ML"
      },
      {
        "state": "SA",
        "price": "1190",
        "price_per_unit": "145",
        "price_unit": "ML"
      },
      {
        "state": "TAS",
        "price": "1190",
        "price_per_unit": "145",
        "price_unit": "ML"
      },
      {
        "state": "ACT",
        "price": "1190",
        "price_per_unit": "145",
        "price_unit": "ML"
      },
      {
        "state": "NT",
        "price": "1245",
        "price_per_unit": "152",
        "price_unit": "ML"
      }
    ]
  },
  {
    "source_url": "https://www.woolworths.com.au/shop/productdetails/143446/dove-men-care-anti-dandruff-shampoo-dermacare-scalp-2-in-1",
    "name": "Dove Men+Care Anti-Dandruff Shampoo Dermacare Scalp 2 In 1 300ml",
    "image_url": "https://cdn1.woolworths.media/content/wowproductimages/large/143446.jpg",
    "source_id": "Woolworths - 143446",
    "barcode": "9300830053551",
    "category_id": "1_894D0A8",
    "shop": "Woolworths",
    "weight": "100ML",
    "prices": [
      {
        "state": "NSW",
        "price": "840",
        "price_per_unit": "280",
        "price_unit": "ML"
      },
      {
        "state": "VIC",
        "price": "840",
        "price_per_unit": "280",
        "price_unit": "ML"
      },
      {
        "state": "WA",
        "price": "840",
        "price_per_unit": "280",
        "price_unit": "ML"
      },
      {
        "state": "SA",
        "price": "840",
        "price_per_unit": "280",
        "price_unit": "ML"
      },
      {
        "state": "TAS",
        "price": "840",
        "price_per_unit": "280",
        "price_unit": "ML"
      },
      {
        "state": "ACT",
        "price": "840",
        "price_per_unit": "280",
        "price_unit": "ML"
      },
      {
        "state": "NT",
        "price": "920",
        "price_per_unit": "307",
        "price_unit": "ML"
      }
    ]
  },
  {
    "source_url": "https://www.woolworths.com.au/shop/productdetails/758226/dove-men-care-shampoo-conditioner-fresh-clean-2-in-1",
    "name": "Dove Men+Care Shampoo & Conditioner Fresh Clean 2 in 1 300mL",
    "image_url": "https://cdn1.woolworths.media/content/wowproductimages/large/758226.jpg",
    "source_id": "Woolworths - 758226",
    "barcode": "9300830018314",
    "category_id": "1_894D0A8",
    "shop": "Woolworths",
    "weight": "100ML",
    "prices": [
      {
        "state": "NSW",
        "price": "500",
        "price_per_unit": "167",
        "price_unit": "ML"
      },
      {
        "state": "VIC",
        "price": "500",
        "price_per_unit": "167",
        "price_unit": "ML"
      },
      {
        "state": "QLD",
        "price": "500",
        "price_per_unit": "167",
        "price_unit": "ML"
      },
      {
        "state": "WA",
        "price": "500",
        "price_per_unit": "167",
        "price_unit": "ML"
      },
      {
        "state": "SA",
        "price": "500",
        "price_per_unit": "167",
        "price_unit": "ML"
      },
      {
        "state": "TAS",
        "price": "500",
        "price_per_unit": "167",
        "price_unit": "ML"
      },
      {
        "state": "ACT",
        "price": "500",
        "price_per_unit": "167",
        "price_unit": "ML"
      },
      {
        "state": "NT",
        "price": "500",
        "price_per_unit": "167",
        "price_unit": "ML"
      }
    ]
  },
  {
    "source_url": "https://www.woolworths.com.au/shop/productdetails/799297/dove-nourishing-moisture-conditioner-for-dry-hair",
    "name": "Dove Nourishing Moisture Conditioner For Dry Hair 320ml",
    "image_url": "https://cdn1.woolworths.media/content/wowproductimages/large/799297.jpg",
    "source_id": "Woolworths - 799297",
    "barcode": "8851932348386",
    "category_id": "1_894D0A8",
    "shop": "Woolworths",
    "weight": "100ML",
    "prices": [
      {
        "state": "NSW",
        "price": "535",
        "price_per_unit": "167",
        "price_unit": "ML"
      },
      {
        "state": "VIC",
        "price": "535",
        "price_per_unit": "167",
        "price_unit": "ML"
      },
      {
        "state": "QLD",
        "price": "535",
        "price_per_unit": "167",
        "price_unit": "ML"
      },
      {
        "state": "WA",
        "price": "535",
        "price_per_unit": "167",
        "price_unit": "ML"
      },
      {
        "state": "SA",
        "price": "535",
        "price_per_unit": "167",
        "price_unit": "ML"
      },
      {
        "state": "TAS",
        "price": "535",
        "price_per_unit": "167",
        "price_unit": "ML"
      },
      {
        "state": "ACT",
        "price": "535",
        "price_per_unit": "167",
        "price_unit": "ML"
      },
      {
        "state": "NT",
        "price": "560",
        "price_per_unit": "175",
        "price_unit": "ML"
      }
    ]
  },
  {
    "source_url": "https://www.woolworths.com.au/shop/productdetails/200231/dove-nourishing-moisture-conditioner-for-dry-hair",
    "name": "Dove Nourishing Moisture Conditioner For Dry Hair 820 ml",
    "image_url": "https://cdn1.woolworths.media/content/wowproductimages/large/200231.jpg",
    "source_id": "Woolworths - 200231",
    "barcode": "8851932438957",
    "category_id": "1_894D0A8",
    "shop": "Woolworths",
    "weight": "100ML",
    "prices": [
      {
        "state": "NSW",
        "price": "1190",
        "price_per_unit": "145",
        "price_unit": "ML"
      },
      {
        "state": "VIC",
        "price": "1190",
        "price_per_unit": "145",
        "price_unit": "ML"
      },
      {
        "state": "QLD",
        "price": "1190",
        "price_per_unit": "145",
        "price_unit": "ML"
      },
      {
        "state": "WA",
        "price": "1190",
        "price_per_unit": "145",
        "price_unit": "ML"
      },
      {
        "state": "SA",
        "price": "1190",
        "price_per_unit": "145",
        "price_unit": "ML"
      },
      {
        "state": "TAS",
        "price": "1190",
        "price_per_unit": "145",
        "price_unit": "ML"
      },
      {
        "state": "ACT",
        "price": "1190",
        "price_per_unit": "145",
        "price_unit": "ML"
      },
      {
        "state": "NT",
        "price": "1245",
        "price_per_unit": "152",
        "price_unit": "ML"
      }
    ]
  },
  {
    "source_url": "https://www.woolworths.com.au/shop/productdetails/799239/dove-nourishing-moisture-shampoo-with-pro-moisture-complex",
    "name": "Dove Nourishing Moisture Shampoo With Pro Moisture Complex 320ml",
    "image_url": "https://cdn1.woolworths.media/content/wowproductimages/large/799239.jpg",
    "source_id": "Woolworths - 799239",
    "barcode": "8851932348300",
    "category_id": "1_894D0A8",
    "shop": "Woolworths",
    "weight": "100ML",
    "prices": [
      {
        "state": "NSW",
        "price": "535",
        "price_per_unit": "167",
        "price_unit": "ML"
      },
      {
        "state": "VIC",
        "price": "535",
        "price_per_unit": "167",
        "price_unit": "ML"
      },
      {
        "state": "QLD",
        "price": "535",
        "price_per_unit": "167",
        "price_unit": "ML"
      },
      {
        "state": "WA",
        "price": "535",
        "price_per_unit": "167",
        "price_unit": "ML"
      },
      {
        "state": "SA",
        "price": "535",
        "price_per_unit": "167",
        "price_unit": "ML"
      },
      {
        "state": "TAS",
        "price": "535",
        "price_per_unit": "167",
        "price_unit": "ML"
      },
      {
        "state": "ACT",
        "price": "535",
        "price_per_unit": "167",
        "price_unit": "ML"
      },
      {
        "state": "NT",
        "price": "560",
        "price_per_unit": "175",
        "price_unit": "ML"
      }
    ]
  },
  {
    "source_url": "https://www.woolworths.com.au/shop/productdetails/201098/dove-nourishing-moisture-shampoo-with-pro-moisture-complex",
    "name": "Dove Nourishing Moisture Shampoo With Pro Moisture Complex 820ml",
    "image_url": "https://cdn1.woolworths.media/content/wowproductimages/large/201098.jpg",
    "source_id": "Woolworths - 201098",
    "barcode": "8851932438940",
    "category_id": "1_894D0A8",
    "shop": "Woolworths",
    "weight": "100ML",
    "prices": [
      {
        "state": "NSW",
        "price": "1190",
        "price_per_unit": "145",
        "price_unit": "ML"
      },
      {
        "state": "QLD",
        "price": "1190",
        "price_per_unit": "145",
        "price_unit": "ML"
      },
      {
        "state": "SA",
        "price": "1190",
        "price_per_unit": "145",
        "price_unit": "ML"
      },
      {
        "state": "TAS",
        "price": "1190",
        "price_per_unit": "145",
        "price_unit": "ML"
      },
      {
        "state": "ACT",
        "price": "1190",
        "price_per_unit": "145",
        "price_unit": "ML"
      },
      {
        "state": "NT",
        "price": "1245",
        "price_per_unit": "152",
        "price_unit": "ML"
      }
    ]
  },
  {
    "source_url": "https://www.woolworths.com.au/shop/productdetails/198253/dove-nourishing-secrets-shampoo-restoring-ritual",
    "name": "Dove Nourishing Secrets Shampoo Restoring Ritual 820 Ml",
    "image_url": "https://cdn1.woolworths.media/content/wowproductimages/large/198253.jpg",
    "source_id": "Woolworths - 198253",
    "barcode": "8851932439008",
    "category_id": "1_894D0A8",
    "shop": "Woolworths",
    "weight": "100ML",
    "prices": [
      {
        "state": "NSW",
        "price": "1190",
        "price_per_unit": "145",
        "price_unit": "ML"
      },
      {
        "state": "VIC",
        "price": "1190",
        "price_per_unit": "145",
        "price_unit": "ML"
      },
      {
        "state": "QLD",
        "price": "1190",
        "price_per_unit": "145",
        "price_unit": "ML"
      },
      {
        "state": "WA",
        "price": "1190",
        "price_per_unit": "145",
        "price_unit": "ML"
      },
      {
        "state": "SA",
        "price": "1190",
        "price_per_unit": "145",
        "price_unit": "ML"
      },
      {
        "state": "TAS",
        "price": "1190",
        "price_per_unit": "145",
        "price_unit": "ML"
      },
      {
        "state": "ACT",
        "price": "1190",
        "price_per_unit": "145",
        "price_unit": "ML"
      },
      {
        "state": "NT",
        "price": "1245",
        "price_per_unit": "152",
        "price_unit": "ML"
      }
    ]
  },
  {
    "source_url": "https://www.woolworths.com.au/shop/productdetails/661507/dove-nourishing-secrets-strengthening-ritual-shampoo",
    "name": "Dove Nourishing Secrets Strengthening Ritual Shampoo 320ml",
    "image_url": "https://cdn1.woolworths.media/content/wowproductimages/large/661507.jpg",
    "source_id": "Woolworths - 661507",
    "barcode": "9300830043095",
    "category_id": "1_894D0A8",
    "shop": "Woolworths",
    "weight": "100ML",
    "prices": [
      {
        "state": "NSW",
        "price": "535",
        "price_per_unit": "167",
        "price_unit": "ML"
      },
      {
        "state": "VIC",
        "price": "535",
        "price_per_unit": "167",
        "price_unit": "ML"
      },
      {
        "state": "QLD",
        "price": "535",
        "price_per_unit": "167",
        "price_unit": "ML"
      },
      {
        "state": "WA",
        "price": "535",
        "price_per_unit": "167",
        "price_unit": "ML"
      },
      {
        "state": "SA",
        "price": "535",
        "price_per_unit": "167",
        "price_unit": "ML"
      },
      {
        "state": "TAS",
        "price": "535",
        "price_per_unit": "167",
        "price_unit": "ML"
      },
      {
        "state": "ACT",
        "price": "535",
        "price_per_unit": "167",
        "price_unit": "ML"
      },
      {
        "state": "NT",
        "price": "560",
        "price_per_unit": "175",
        "price_unit": "ML"
      }
    ]
  },
  {
    "source_url": "https://www.woolworths.com.au/shop/productdetails/661640/dove-restoring-ritual-conditioner-with-coconut-oil",
    "name": "Dove Restoring Ritual Conditioner With Coconut Oil 320ml",
    "image_url": "https://cdn1.woolworths.media/content/wowproductimages/large/661640.jpg",
    "source_id": "Woolworths - 661640",
    "barcode": "9300830043057",
    "category_id": "1_894D0A8",
    "shop": "Woolworths",
    "weight": "100ML",
    "prices": [
      {
        "state": "NSW",
        "price": "535",
        "price_per_unit": "167",
        "price_unit": "ML"
      },
      {
        "state": "VIC",
        "price": "535",
        "price_per_unit": "167",
        "price_unit": "ML"
      },
      {
        "state": "QLD",
        "price": "535",
        "price_per_unit": "167",
        "price_unit": "ML"
      },
      {
        "state": "WA",
        "price": "535",
        "price_per_unit": "167",
        "price_unit": "ML"
      },
      {
        "state": "SA",
        "price": "535",
        "price_per_unit": "167",
        "price_unit": "ML"
      },
      {
        "state": "TAS",
        "price": "535",
        "price_per_unit": "167",
        "price_unit": "ML"
      },
      {
        "state": "ACT",
        "price": "535",
        "price_per_unit": "167",
        "price_unit": "ML"
      },
      {
        "state": "NT",
        "price": "560",
        "price_per_unit": "175",
        "price_unit": "ML"
      }
    ]
  },
  {
    "source_url": "https://www.woolworths.com.au/shop/productdetails/198254/dove-restoring-ritual-conditioner-with-coconut-oil",
    "name": "Dove Restoring Ritual Conditioner With Coconut Oil 820ml",
    "image_url": "https://cdn1.woolworths.media/content/wowproductimages/large/198254.jpg",
    "source_id": "Woolworths - 198254",
    "barcode": "8851932439015",
    "category_id": "1_894D0A8",
    "shop": "Woolworths",
    "weight": "100ML",
    "prices": [
      {
        "state": "NSW",
        "price": "1190",
        "price_per_unit": "145",
        "price_unit": "ML"
      },
      {
        "state": "VIC",
        "price": "1190",
        "price_per_unit": "145",
        "price_unit": "ML"
      },
      {
        "state": "QLD",
        "price": "1190",
        "price_per_unit": "145",
        "price_unit": "ML"
      },
      {
        "state": "WA",
        "price": "1190",
        "price_per_unit": "145",
        "price_unit": "ML"
      },
      {
        "state": "SA",
        "price": "1190",
        "price_per_unit": "145",
        "price_unit": "ML"
      },
      {
        "state": "TAS",
        "price": "1190",
        "price_per_unit": "145",
        "price_unit": "ML"
      },
      {
        "state": "ACT",
        "price": "1190",
        "price_per_unit": "145",
        "price_unit": "ML"
      },
      {
        "state": "NT",
        "price": "1245",
        "price_per_unit": "152",
        "price_unit": "ML"
      }
    ]
  },
  {
    "source_url": "https://www.woolworths.com.au/shop/productdetails/661634/dove-restoring-ritual-shampoo-with-coconut-oil",
    "name": "Dove Restoring Ritual Shampoo With Coconut Oil 320ml",
    "image_url": "https://cdn1.woolworths.media/content/wowproductimages/large/661634.jpg",
    "source_id": "Woolworths - 661634",
    "barcode": "9300830043064",
    "category_id": "1_894D0A8",
    "shop": "Woolworths",
    "weight": "100ML",
    "prices": [
      {
        "state": "NSW",
        "price": "535",
        "price_per_unit": "167",
        "price_unit": "ML"
      },
      {
        "state": "VIC",
        "price": "535",
        "price_per_unit": "167",
        "price_unit": "ML"
      },
      {
        "state": "QLD",
        "price": "535",
        "price_per_unit": "167",
        "price_unit": "ML"
      },
      {
        "state": "WA",
        "price": "535",
        "price_per_unit": "167",
        "price_unit": "ML"
      },
      {
        "state": "SA",
        "price": "535",
        "price_per_unit": "167",
        "price_unit": "ML"
      },
      {
        "state": "TAS",
        "price": "535",
        "price_per_unit": "167",
        "price_unit": "ML"
      },
      {
        "state": "ACT",
        "price": "535",
        "price_per_unit": "167",
        "price_unit": "ML"
      },
      {
        "state": "NT",
        "price": "560",
        "price_per_unit": "175",
        "price_unit": "ML"
      }
    ]
  },
  {
    "source_url": "https://www.woolworths.com.au/shop/productdetails/609020/dove-shampoo-daily-care-with-lightweight-technology",
    "name": "Dove Shampoo Daily Care With Lightweight Technology 320ml",
    "image_url": "https://cdn1.woolworths.media/content/wowproductimages/large/609020.jpg",
    "source_id": "Woolworths - 609020",
    "barcode": "8851932374989",
    "category_id": "1_894D0A8",
    "shop": "Woolworths",
    "weight": "100ML",
    "prices": [
      {
        "state": "NSW",
        "price": "535",
        "price_per_unit": "167",
        "price_unit": "ML"
      },
      {
        "state": "VIC",
        "price": "535",
        "price_per_unit": "167",
        "price_unit": "ML"
      },
      {
        "state": "QLD",
        "price": "535",
        "price_per_unit": "167",
        "price_unit": "ML"
      },
      {
        "state": "WA",
        "price": "535",
        "price_per_unit": "167",
        "price_unit": "ML"
      },
      {
        "state": "SA",
        "price": "535",
        "price_per_unit": "167",
        "price_unit": "ML"
      },
      {
        "state": "TAS",
        "price": "535",
        "price_per_unit": "167",
        "price_unit": "ML"
      },
      {
        "state": "ACT",
        "price": "535",
        "price_per_unit": "167",
        "price_unit": "ML"
      },
      {
        "state": "NT",
        "price": "560",
        "price_per_unit": "175",
        "price_unit": "ML"
      }
    ]
  },
  {
    "source_url": "https://www.woolworths.com.au/shop/productdetails/265754/elvive-hyaluron-plump-conditioner",
    "name": "Elvive Hyaluron Plump Conditioner 700ml",
    "image_url": "https://cdn1.woolworths.media/content/wowproductimages/large/265754.jpg",
    "source_id": "Woolworths - 265754",
    "barcode": "8901526600892",
    "category_id": "1_894D0A8",
    "shop": "Woolworths",
    "weight": "100ML",
    "prices": [
      {
        "state": "NSW",
        "price": "1200",
        "price_per_unit": "171",
        "price_unit": "ML"
      },
      {
        "state": "VIC",
        "price": "1200",
        "price_per_unit": "171",
        "price_unit": "ML"
      },
      {
        "state": "QLD",
        "price": "1200",
        "price_per_unit": "171",
        "price_unit": "ML"
      },
      {
        "state": "WA",
        "price": "1200",
        "price_per_unit": "171",
        "price_unit": "ML"
      },
      {
        "state": "SA",
        "price": "1200",
        "price_per_unit": "171",
        "price_unit": "ML"
      },
      {
        "state": "TAS",
        "price": "1200",
        "price_per_unit": "171",
        "price_unit": "ML"
      },
      {
        "state": "ACT",
        "price": "1200",
        "price_per_unit": "171",
        "price_unit": "ML"
      },
      {
        "state": "NT",
        "price": "1200",
        "price_per_unit": "171",
        "price_unit": "ML"
      }
    ]
  },
  {
    "source_url": "https://www.woolworths.com.au/shop/productdetails/265755/elvive-hyaluron-plump-shampoo",
    "name": "Elvive Hyaluron Plump Shampoo 700ml",
    "image_url": "https://cdn1.woolworths.media/content/wowproductimages/large/265755.jpg",
    "source_id": "Woolworths - 265755",
    "barcode": "8901526600908",
    "category_id": "1_894D0A8",
    "shop": "Woolworths",
    "weight": "100ML",
    "prices": [
      {
        "state": "NSW",
        "price": "1200",
        "price_per_unit": "171",
        "price_unit": "ML"
      },
      {
        "state": "VIC",
        "price": "1200",
        "price_per_unit": "171",
        "price_unit": "ML"
      },
      {
        "state": "QLD",
        "price": "1200",
        "price_per_unit": "171",
        "price_unit": "ML"
      },
      {
        "state": "WA",
        "price": "1200",
        "price_per_unit": "171",
        "price_unit": "ML"
      },
      {
        "state": "SA",
        "price": "1200",
        "price_per_unit": "171",
        "price_unit": "ML"
      },
      {
        "state": "TAS",
        "price": "1200",
        "price_per_unit": "171",
        "price_unit": "ML"
      },
      {
        "state": "ACT",
        "price": "1200",
        "price_per_unit": "171",
        "price_unit": "ML"
      },
      {
        "state": "NT",
        "price": "1200",
        "price_per_unit": "171",
        "price_unit": "ML"
      }
    ]
  },
  {
    "source_url": "https://www.woolworths.com.au/shop/productdetails/151924/essano-scalp-refresh-balancing-conditioner",
    "name": "Essano Scalp Refresh Balancing Conditioner 300ml",
    "image_url": "https://cdn1.woolworths.media/content/wowproductimages/large/151924.jpg",
    "source_id": "Woolworths - 151924",
    "barcode": "9421008706373",
    "category_id": "1_894D0A8",
    "shop": "Woolworths",
    "weight": "100ML",
    "prices": [
      {
        "state": "NSW",
        "price": "1600",
        "price_per_unit": "533",
        "price_unit": "ML"
      },
      {
        "state": "VIC",
        "price": "1600",
        "price_per_unit": "533",
        "price_unit": "ML"
      },
      {
        "state": "QLD",
        "price": "1600",
        "price_per_unit": "533",
        "price_unit": "ML"
      },
      {
        "state": "WA",
        "price": "1600",
        "price_per_unit": "533",
        "price_unit": "ML"
      },
      {
        "state": "SA",
        "price": "1600",
        "price_per_unit": "533",
        "price_unit": "ML"
      },
      {
        "state": "TAS",
        "price": "1600",
        "price_per_unit": "533",
        "price_unit": "ML"
      },
      {
        "state": "ACT",
        "price": "1600",
        "price_per_unit": "533",
        "price_unit": "ML"
      },
      {
        "state": "NT",
        "price": "1680",
        "price_per_unit": "560",
        "price_unit": "ML"
      }
    ]
  },
  {
    "source_url": "https://www.woolworths.com.au/shop/productdetails/152233/essano-scalp-refresh-balancing-shampoo",
    "name": "Essano Scalp Refresh Balancing Shampoo 300ml",
    "image_url": "https://cdn1.woolworths.media/content/wowproductimages/large/152233.jpg",
    "source_id": "Woolworths - 152233",
    "barcode": "9421008706366",
    "category_id": "1_894D0A8",
    "shop": "Woolworths",
    "weight": "100ML",
    "prices": [
      {
        "state": "NSW",
        "price": "1600",
        "price_per_unit": "533",
        "price_unit": "ML"
      },
      {
        "state": "VIC",
        "price": "1600",
        "price_per_unit": "533",
        "price_unit": "ML"
      },
      {
        "state": "QLD",
        "price": "1600",
        "price_per_unit": "533",
        "price_unit": "ML"
      },
      {
        "state": "WA",
        "price": "1600",
        "price_per_unit": "533",
        "price_unit": "ML"
      },
      {
        "state": "SA",
        "price": "1600",
        "price_per_unit": "533",
        "price_unit": "ML"
      },
      {
        "state": "TAS",
        "price": "1600",
        "price_per_unit": "533",
        "price_unit": "ML"
      },
      {
        "state": "ACT",
        "price": "1600",
        "price_per_unit": "533",
        "price_unit": "ML"
      },
      {
        "state": "NT",
        "price": "1680",
        "price_per_unit": "560",
        "price_unit": "ML"
      }
    ]
  },
  {
    "source_url": "https://www.woolworths.com.au/shop/productdetails/141050/fudge-professional-clean-blonde-damage-rewind-toning-purple-conditioner",
    "name": "Fudge Professional Clean Blonde Damage Rewind Toning Purple Conditioner 250ml",
    "image_url": "https://cdn1.woolworths.media/content/wowproductimages/large/141050.jpg",
    "source_id": "Woolworths - 141050",
    "barcode": "5060420335552",
    "category_id": "1_894D0A8",
    "shop": "Woolworths",
    "weight": "100ML",
    "prices": [
      {
        "state": "NSW",
        "price": "2700",
        "price_per_unit": "1080",
        "price_unit": "ML"
      },
      {
        "state": "VIC",
        "price": "2700",
        "price_per_unit": "1080",
        "price_unit": "ML"
      },
      {
        "state": "QLD",
        "price": "2700",
        "price_per_unit": "1080",
        "price_unit": "ML"
      },
      {
        "state": "WA",
        "price": "2700",
        "price_per_unit": "1080",
        "price_unit": "ML"
      },
      {
        "state": "SA",
        "price": "2700",
        "price_per_unit": "1080",
        "price_unit": "ML"
      },
      {
        "state": "TAS",
        "price": "2700",
        "price_per_unit": "1080",
        "price_unit": "ML"
      },
      {
        "state": "ACT",
        "price": "2700",
        "price_per_unit": "1080",
        "price_unit": "ML"
      },
      {
        "state": "NT",
        "price": "2700",
        "price_per_unit": "1080",
        "price_unit": "ML"
      }
    ]
  },
  {
    "source_url": "https://www.woolworths.com.au/shop/productdetails/141270/fudge-professional-clean-blonde-damage-rewind-toning-purple-shampoo",
    "name": "Fudge Professional Clean Blonde Damage Rewind Toning Purple Shampoo 250ml",
    "image_url": "https://cdn1.woolworths.media/content/wowproductimages/large/141270.jpg",
    "source_id": "Woolworths - 141270",
    "barcode": "5060420335545",
    "category_id": "1_894D0A8",
    "shop": "Woolworths",
    "weight": "100ML",
    "prices": [
      {
        "state": "NSW",
        "price": "2700",
        "price_per_unit": "1080",
        "price_unit": "ML"
      },
      {
        "state": "VIC",
        "price": "2700",
        "price_per_unit": "1080",
        "price_unit": "ML"
      },
      {
        "state": "QLD",
        "price": "2700",
        "price_per_unit": "1080",
        "price_unit": "ML"
      },
      {
        "state": "WA",
        "price": "2700",
        "price_per_unit": "1080",
        "price_unit": "ML"
      },
      {
        "state": "SA",
        "price": "2700",
        "price_per_unit": "1080",
        "price_unit": "ML"
      },
      {
        "state": "TAS",
        "price": "2700",
        "price_per_unit": "1080",
        "price_unit": "ML"
      },
      {
        "state": "ACT",
        "price": "2700",
        "price_per_unit": "1080",
        "price_unit": "ML"
      },
      {
        "state": "NT",
        "price": "2700",
        "price_per_unit": "1080",
        "price_unit": "ML"
      }
    ]
  },
  {
    "source_url": "https://www.woolworths.com.au/shop/productdetails/141101/fudge-professional-clean-blonde-everyday-damage-rewind-purple-conditioner",
    "name": "Fudge Professional Clean Blonde Everyday Damage Rewind Purple Conditioner 250ml",
    "image_url": "https://cdn1.woolworths.media/content/wowproductimages/large/141101.jpg",
    "source_id": "Woolworths - 141101",
    "barcode": "5060420339376",
    "category_id": "1_894D0A8",
    "shop": "Woolworths",
    "weight": "100ML",
    "prices": [
      {
        "state": "NSW",
        "price": "2400",
        "price_per_unit": "960",
        "price_unit": "ML"
      },
      {
        "state": "VIC",
        "price": "2400",
        "price_per_unit": "960",
        "price_unit": "ML"
      },
      {
        "state": "QLD",
        "price": "2400",
        "price_per_unit": "960",
        "price_unit": "ML"
      },
      {
        "state": "WA",
        "price": "2400",
        "price_per_unit": "960",
        "price_unit": "ML"
      },
      {
        "state": "SA",
        "price": "2400",
        "price_per_unit": "960",
        "price_unit": "ML"
      },
      {
        "state": "TAS",
        "price": "2400",
        "price_per_unit": "960",
        "price_unit": "ML"
      },
      {
        "state": "ACT",
        "price": "2400",
        "price_per_unit": "960",
        "price_unit": "ML"
      },
      {
        "state": "NT",
        "price": "2400",
        "price_per_unit": "960",
        "price_unit": "ML"
      }
    ]
  },
  {
    "source_url": "https://www.woolworths.com.au/shop/productdetails/141329/fudge-professional-clean-blonde-everyday-damage-rewind-purple-shampoo",
    "name": "Fudge Professional Clean Blonde Everyday Damage Rewind Purple Shampoo 250ml",
    "image_url": "https://cdn1.woolworths.media/content/wowproductimages/large/141329.jpg",
    "source_id": "Woolworths - 141329",
    "barcode": "5060420339345",
    "category_id": "1_894D0A8",
    "shop": "Woolworths",
    "weight": "100ML",
    "prices": [
      {
        "state": "NSW",
        "price": "2400",
        "price_per_unit": "960",
        "price_unit": "ML"
      },
      {
        "state": "VIC",
        "price": "2400",
        "price_per_unit": "960",
        "price_unit": "ML"
      },
      {
        "state": "WA",
        "price": "2400",
        "price_per_unit": "960",
        "price_unit": "ML"
      },
      {
        "state": "SA",
        "price": "2400",
        "price_per_unit": "960",
        "price_unit": "ML"
      },
      {
        "state": "TAS",
        "price": "2400",
        "price_per_unit": "960",
        "price_unit": "ML"
      },
      {
        "state": "ACT",
        "price": "2400",
        "price_per_unit": "960",
        "price_unit": "ML"
      },
      {
        "state": "NT",
        "price": "2400",
        "price_per_unit": "960",
        "price_unit": "ML"
      }
    ]
  },
  {
    "source_url": "https://www.woolworths.com.au/shop/productdetails/141373/fudge-professional-clean-blonde-toning-purple-conditioner",
    "name": "Fudge Professional Clean Blonde Toning Purple Conditioner 250ml",
    "image_url": "https://cdn1.woolworths.media/content/wowproductimages/large/141373.jpg",
    "source_id": "Woolworths - 141373",
    "barcode": "5060420335804",
    "category_id": "1_894D0A8",
    "shop": "Woolworths",
    "weight": "100ML",
    "prices": [
      {
        "state": "NSW",
        "price": "2400",
        "price_per_unit": "960",
        "price_unit": "ML"
      },
      {
        "state": "VIC",
        "price": "2400",
        "price_per_unit": "960",
        "price_unit": "ML"
      },
      {
        "state": "QLD",
        "price": "2400",
        "price_per_unit": "960",
        "price_unit": "ML"
      },
      {
        "state": "WA",
        "price": "2400",
        "price_per_unit": "960",
        "price_unit": "ML"
      },
      {
        "state": "SA",
        "price": "2400",
        "price_per_unit": "960",
        "price_unit": "ML"
      },
      {
        "state": "TAS",
        "price": "2400",
        "price_per_unit": "960",
        "price_unit": "ML"
      },
      {
        "state": "ACT",
        "price": "2400",
        "price_per_unit": "960",
        "price_unit": "ML"
      },
      {
        "state": "NT",
        "price": "2400",
        "price_per_unit": "960",
        "price_unit": "ML"
      }
    ]
  },
  {
    "source_url": "https://www.woolworths.com.au/shop/productdetails/141383/fudge-professional-clean-blonde-toning-purple-shampoo",
    "name": "Fudge Professional Clean Blonde Toning Purple Shampoo 250ml",
    "image_url": "https://cdn1.woolworths.media/content/wowproductimages/large/141383.jpg",
    "source_id": "Woolworths - 141383",
    "barcode": "5060420335538",
    "category_id": "1_894D0A8",
    "shop": "Woolworths",
    "weight": "100ML",
    "prices": [
      {
        "state": "NSW",
        "price": "2400",
        "price_per_unit": "960",
        "price_unit": "ML"
      },
      {
        "state": "VIC",
        "price": "2400",
        "price_per_unit": "960",
        "price_unit": "ML"
      },
      {
        "state": "QLD",
        "price": "2400",
        "price_per_unit": "960",
        "price_unit": "ML"
      },
      {
        "state": "WA",
        "price": "2400",
        "price_per_unit": "960",
        "price_unit": "ML"
      },
      {
        "state": "SA",
        "price": "2400",
        "price_per_unit": "960",
        "price_unit": "ML"
      },
      {
        "state": "TAS",
        "price": "2400",
        "price_per_unit": "960",
        "price_unit": "ML"
      },
      {
        "state": "ACT",
        "price": "2400",
        "price_per_unit": "960",
        "price_unit": "ML"
      },
      {
        "state": "NT",
        "price": "2400",
        "price_per_unit": "960",
        "price_unit": "ML"
      }
    ]
  },
  {
    "source_url": "https://www.woolworths.com.au/shop/productdetails/802575/garnier-fructis-coconut-water-conditioner",
    "name": "Garnier Fructis Coconut Water Conditioner 850ml",
    "image_url": "https://cdn1.woolworths.media/content/wowproductimages/large/802575.jpg",
    "source_id": "Woolworths - 802575",
    "barcode": "8901526538768",
    "category_id": "1_894D0A8",
    "shop": "Woolworths",
    "weight": "100ML",
    "prices": [
      {
        "state": "NSW",
        "price": "1700",
        "price_per_unit": "200",
        "price_unit": "ML"
      },
      {
        "state": "VIC",
        "price": "1700",
        "price_per_unit": "200",
        "price_unit": "ML"
      },
      {
        "state": "QLD",
        "price": "1700",
        "price_per_unit": "200",
        "price_unit": "ML"
      },
      {
        "state": "WA",
        "price": "1700",
        "price_per_unit": "200",
        "price_unit": "ML"
      },
      {
        "state": "SA",
        "price": "1700",
        "price_per_unit": "200",
        "price_unit": "ML"
      },
      {
        "state": "TAS",
        "price": "1700",
        "price_per_unit": "200",
        "price_unit": "ML"
      },
      {
        "state": "ACT",
        "price": "1700",
        "price_per_unit": "200",
        "price_unit": "ML"
      },
      {
        "state": "NT",
        "price": "1870",
        "price_per_unit": "220",
        "price_unit": "ML"
      }
    ]
  },
  {
    "source_url": "https://www.woolworths.com.au/shop/productdetails/802539/garnier-fructis-coconut-water-shampoo-shampoo",
    "name": "Garnier Fructis Coconut Water Shampoo Shampoo 315ml",
    "image_url": "https://cdn1.woolworths.media/content/wowproductimages/large/802539.jpg",
    "source_id": "Woolworths - 802539",
    "barcode": "8901526536764",
    "category_id": "1_894D0A8",
    "shop": "Woolworths",
    "weight": "100ML",
    "prices": [
      {
        "state": "NSW",
        "price": "800",
        "price_per_unit": "254",
        "price_unit": "ML"
      },
      {
        "state": "VIC",
        "price": "800",
        "price_per_unit": "254",
        "price_unit": "ML"
      },
      {
        "state": "WA",
        "price": "800",
        "price_per_unit": "254",
        "price_unit": "ML"
      },
      {
        "state": "SA",
        "price": "800",
        "price_per_unit": "254",
        "price_unit": "ML"
      },
      {
        "state": "TAS",
        "price": "800",
        "price_per_unit": "254",
        "price_unit": "ML"
      },
      {
        "state": "ACT",
        "price": "800",
        "price_per_unit": "254",
        "price_unit": "ML"
      },
      {
        "state": "NT",
        "price": "880",
        "price_per_unit": "279",
        "price_unit": "ML"
      }
    ]
  },
  {
    "source_url": "https://www.woolworths.com.au/shop/productdetails/802576/garnier-fructis-coconut-water-shampoo-shampoo",
    "name": "Garnier Fructis Coconut Water Shampoo Shampoo 850ml",
    "image_url": "https://cdn1.woolworths.media/content/wowproductimages/large/802576.jpg",
    "source_id": "Woolworths - 802576",
    "barcode": "8901526537365",
    "category_id": "1_894D0A8",
    "shop": "Woolworths",
    "weight": "100ML",
    "prices": [
      {
        "state": "NSW",
        "price": "1700",
        "price_per_unit": "200",
        "price_unit": "ML"
      },
      {
        "state": "VIC",
        "price": "1700",
        "price_per_unit": "200",
        "price_unit": "ML"
      },
      {
        "state": "QLD",
        "price": "1700",
        "price_per_unit": "200",
        "price_unit": "ML"
      },
      {
        "state": "WA",
        "price": "1700",
        "price_per_unit": "200",
        "price_unit": "ML"
      },
      {
        "state": "SA",
        "price": "1700",
        "price_per_unit": "200",
        "price_unit": "ML"
      },
      {
        "state": "TAS",
        "price": "1700",
        "price_per_unit": "200",
        "price_unit": "ML"
      },
      {
        "state": "ACT",
        "price": "1700",
        "price_per_unit": "200",
        "price_unit": "ML"
      },
      {
        "state": "NT",
        "price": "1870",
        "price_per_unit": "220",
        "price_unit": "ML"
      }
    ]
  },
  {
    "source_url": "https://www.woolworths.com.au/shop/productdetails/802562/garnier-fructis-full-luscious-conditioner",
    "name": "Garnier Fructis Full & Luscious Conditioner 315ml",
    "image_url": "https://cdn1.woolworths.media/content/wowproductimages/large/802562.jpg",
    "source_id": "Woolworths - 802562",
    "barcode": "8901526537167",
    "category_id": "1_894D0A8",
    "shop": "Woolworths",
    "weight": "100ML",
    "prices": [
      {
        "state": "NSW",
        "price": "800",
        "price_per_unit": "254",
        "price_unit": "ML"
      },
      {
        "state": "VIC",
        "price": "800",
        "price_per_unit": "254",
        "price_unit": "ML"
      },
      {
        "state": "QLD",
        "price": "800",
        "price_per_unit": "254",
        "price_unit": "ML"
      },
      {
        "state": "WA",
        "price": "800",
        "price_per_unit": "254",
        "price_unit": "ML"
      },
      {
        "state": "SA",
        "price": "800",
        "price_per_unit": "254",
        "price_unit": "ML"
      },
      {
        "state": "TAS",
        "price": "800",
        "price_per_unit": "254",
        "price_unit": "ML"
      },
      {
        "state": "ACT",
        "price": "800",
        "price_per_unit": "254",
        "price_unit": "ML"
      },
      {
        "state": "NT",
        "price": "880",
        "price_per_unit": "279",
        "price_unit": "ML"
      }
    ]
  },
  {
    "source_url": "https://www.woolworths.com.au/shop/productdetails/804089/garnier-fructis-full-luscious-conditioner",
    "name": "Garnier Fructis Full & Luscious Conditioner 850ml",
    "image_url": "https://cdn1.woolworths.media/content/wowproductimages/large/804089.jpg",
    "source_id": "Woolworths - 804089",
    "barcode": "8901526537716",
    "category_id": "1_894D0A8",
    "shop": "Woolworths",
    "weight": "100ML",
    "prices": [
      {
        "state": "NSW",
        "price": "1700",
        "price_per_unit": "200",
        "price_unit": "ML"
      },
      {
        "state": "VIC",
        "price": "1700",
        "price_per_unit": "200",
        "price_unit": "ML"
      },
      {
        "state": "WA",
        "price": "1700",
        "price_per_unit": "200",
        "price_unit": "ML"
      },
      {
        "state": "SA",
        "price": "1700",
        "price_per_unit": "200",
        "price_unit": "ML"
      },
      {
        "state": "TAS",
        "price": "1700",
        "price_per_unit": "200",
        "price_unit": "ML"
      },
      {
        "state": "ACT",
        "price": "1700",
        "price_per_unit": "200",
        "price_unit": "ML"
      },
      {
        "state": "NT",
        "price": "1870",
        "price_per_unit": "220",
        "price_unit": "ML"
      }
    ]
  },
  {
    "source_url": "https://www.woolworths.com.au/shop/productdetails/802561/garnier-fructis-full-luscious-shampoo",
    "name": "Garnier Fructis Full & Luscious Shampoo 315ml",
    "image_url": "https://cdn1.woolworths.media/content/wowproductimages/large/802561.jpg",
    "source_id": "Woolworths - 802561",
    "barcode": "8901526536863",
    "category_id": "1_894D0A8",
    "shop": "Woolworths",
    "weight": "100ML",
    "prices": [
      {
        "state": "NSW",
        "price": "800",
        "price_per_unit": "254",
        "price_unit": "ML"
      },
      {
        "state": "VIC",
        "price": "800",
        "price_per_unit": "254",
        "price_unit": "ML"
      },
      {
        "state": "QLD",
        "price": "800",
        "price_per_unit": "254",
        "price_unit": "ML"
      },
      {
        "state": "WA",
        "price": "800",
        "price_per_unit": "254",
        "price_unit": "ML"
      },
      {
        "state": "SA",
        "price": "800",
        "price_per_unit": "254",
        "price_unit": "ML"
      },
      {
        "state": "TAS",
        "price": "800",
        "price_per_unit": "254",
        "price_unit": "ML"
      },
      {
        "state": "ACT",
        "price": "800",
        "price_per_unit": "254",
        "price_unit": "ML"
      },
      {
        "state": "NT",
        "price": "880",
        "price_per_unit": "279",
        "price_unit": "ML"
      }
    ]
  },
  {
    "source_url": "https://www.woolworths.com.au/shop/productdetails/804101/garnier-fructis-full-luscious-shampoo",
    "name": "Garnier Fructis Full & Luscious Shampoo 850ml",
    "image_url": "https://cdn1.woolworths.media/content/wowproductimages/large/804101.jpg",
    "source_id": "Woolworths - 804101",
    "barcode": "8901526537464",
    "category_id": "1_894D0A8",
    "shop": "Woolworths",
    "weight": "100ML",
    "prices": [
      {
        "state": "NSW",
        "price": "1700",
        "price_per_unit": "200",
        "price_unit": "ML"
      },
      {
        "state": "VIC",
        "price": "1700",
        "price_per_unit": "200",
        "price_unit": "ML"
      },
      {
        "state": "WA",
        "price": "1700",
        "price_per_unit": "200",
        "price_unit": "ML"
      },
      {
        "state": "SA",
        "price": "1700",
        "price_per_unit": "200",
        "price_unit": "ML"
      },
      {
        "state": "TAS",
        "price": "1700",
        "price_per_unit": "200",
        "price_unit": "ML"
      },
      {
        "state": "ACT",
        "price": "1700",
        "price_per_unit": "200",
        "price_unit": "ML"
      },
      {
        "state": "NT",
        "price": "1870",
        "price_per_unit": "220",
        "price_unit": "ML"
      }
    ]
  },
  {
    "source_url": "https://www.woolworths.com.au/shop/productdetails/151100/garnier-fructis-hair-food-banana-conditioner",
    "name": "Garnier Fructis Hair Food Banana Conditioner 350ml",
    "image_url": "https://cdn1.woolworths.media/content/wowproductimages/large/151100.jpg",
    "source_id": "Woolworths - 151100",
    "barcode": "3600542318662",
    "category_id": "1_894D0A8",
    "shop": "Woolworths",
    "weight": "100ML",
    "prices": [
      {
        "state": "NSW",
        "price": "1300",
        "price_per_unit": "371",
        "price_unit": "ML"
      },
      {
        "state": "VIC",
        "price": "1300",
        "price_per_unit": "371",
        "price_unit": "ML"
      },
      {
        "state": "QLD",
        "price": "1300",
        "price_per_unit": "371",
        "price_unit": "ML"
      },
      {
        "state": "WA",
        "price": "1300",
        "price_per_unit": "371",
        "price_unit": "ML"
      },
      {
        "state": "SA",
        "price": "1300",
        "price_per_unit": "371",
        "price_unit": "ML"
      },
      {
        "state": "TAS",
        "price": "1300",
        "price_per_unit": "371",
        "price_unit": "ML"
      },
      {
        "state": "ACT",
        "price": "1300",
        "price_per_unit": "371",
        "price_unit": "ML"
      },
      {
        "state": "NT",
        "price": "1430",
        "price_per_unit": "409",
        "price_unit": "ML"
      }
    ]
  },
  {
    "source_url": "https://www.woolworths.com.au/shop/productdetails/151020/garnier-fructis-hair-food-banana-shampoo",
    "name": "Garnier Fructis Hair Food Banana Shampoo 350ml",
    "image_url": "https://cdn1.woolworths.media/content/wowproductimages/large/151020.jpg",
    "source_id": "Woolworths - 151020",
    "barcode": "3600542318655",
    "category_id": "1_894D0A8",
    "shop": "Woolworths",
    "weight": "100ML",
    "prices": [
      {
        "state": "NSW",
        "price": "1300",
        "price_per_unit": "371",
        "price_unit": "ML"
      },
      {
        "state": "VIC",
        "price": "1300",
        "price_per_unit": "371",
        "price_unit": "ML"
      },
      {
        "state": "QLD",
        "price": "1300",
        "price_per_unit": "371",
        "price_unit": "ML"
      },
      {
        "state": "WA",
        "price": "1300",
        "price_per_unit": "371",
        "price_unit": "ML"
      },
      {
        "state": "SA",
        "price": "1300",
        "price_per_unit": "371",
        "price_unit": "ML"
      },
      {
        "state": "TAS",
        "price": "1300",
        "price_per_unit": "371",
        "price_unit": "ML"
      },
      {
        "state": "ACT",
        "price": "1300",
        "price_per_unit": "371",
        "price_unit": "ML"
      },
      {
        "state": "NT",
        "price": "1430",
        "price_per_unit": "409",
        "price_unit": "ML"
      }
    ]
  },
  {
    "source_url": "https://www.woolworths.com.au/shop/productdetails/138033/garnier-fructis-hair-food-volumising-watermelon-conditioner",
    "name": "Garnier Fructis Hair Food Volumising Watermelon Conditioner 350ml",
    "image_url": "https://cdn1.woolworths.media/content/wowproductimages/large/138033.jpg",
    "source_id": "Woolworths - 138033",
    "barcode": "3600542406802",
    "category_id": "1_894D0A8",
    "shop": "Woolworths",
    "weight": "100ML",
    "prices": [
      {
        "state": "NSW",
        "price": "1300",
        "price_per_unit": "371",
        "price_unit": "ML"
      },
      {
        "state": "VIC",
        "price": "1300",
        "price_per_unit": "371",
        "price_unit": "ML"
      },
      {
        "state": "QLD",
        "price": "1300",
        "price_per_unit": "371",
        "price_unit": "ML"
      },
      {
        "state": "WA",
        "price": "1300",
        "price_per_unit": "371",
        "price_unit": "ML"
      },
      {
        "state": "SA",
        "price": "1300",
        "price_per_unit": "371",
        "price_unit": "ML"
      },
      {
        "state": "TAS",
        "price": "1300",
        "price_per_unit": "371",
        "price_unit": "ML"
      },
      {
        "state": "ACT",
        "price": "1300",
        "price_per_unit": "371",
        "price_unit": "ML"
      },
      {
        "state": "NT",
        "price": "1430",
        "price_per_unit": "409",
        "price_unit": "ML"
      }
    ]
  },
  {
    "source_url": "https://www.woolworths.com.au/shop/productdetails/138032/garnier-fructis-hair-food-volumising-watermelon-shampoo",
    "name": "Garnier Fructis Hair Food Volumising Watermelon Shampoo 350ml",
    "image_url": "https://cdn1.woolworths.media/content/wowproductimages/large/138032.jpg",
    "source_id": "Woolworths - 138032",
    "barcode": "3600542406796",
    "category_id": "1_894D0A8",
    "shop": "Woolworths",
    "weight": "100ML",
    "prices": [
      {
        "state": "NSW",
        "price": "1300",
        "price_per_unit": "371",
        "price_unit": "ML"
      },
      {
        "state": "VIC",
        "price": "1300",
        "price_per_unit": "371",
        "price_unit": "ML"
      },
      {
        "state": "QLD",
        "price": "1300",
        "price_per_unit": "371",
        "price_unit": "ML"
      },
      {
        "state": "WA",
        "price": "1300",
        "price_per_unit": "371",
        "price_unit": "ML"
      },
      {
        "state": "SA",
        "price": "1300",
        "price_per_unit": "371",
        "price_unit": "ML"
      },
      {
        "state": "TAS",
        "price": "1300",
        "price_per_unit": "371",
        "price_unit": "ML"
      },
      {
        "state": "ACT",
        "price": "1300",
        "price_per_unit": "371",
        "price_unit": "ML"
      },
      {
        "state": "NT",
        "price": "1430",
        "price_per_unit": "409",
        "price_unit": "ML"
      }
    ]
  },
  {
    "source_url": "https://www.woolworths.com.au/shop/productdetails/802535/garnier-fructis-normal-strength-shine-conditioner",
    "name": "Garnier Fructis Normal Strength & Shine Conditioner 315ml",
    "image_url": "https://cdn1.woolworths.media/content/wowproductimages/large/802535.jpg",
    "source_id": "Woolworths - 802535",
    "barcode": "8901526537266",
    "category_id": "1_894D0A8",
    "shop": "Woolworths",
    "weight": "100ML",
    "prices": [
      {
        "state": "NSW",
        "price": "800",
        "price_per_unit": "254",
        "price_unit": "ML"
      },
      {
        "state": "VIC",
        "price": "800",
        "price_per_unit": "254",
        "price_unit": "ML"
      },
      {
        "state": "QLD",
        "price": "800",
        "price_per_unit": "254",
        "price_unit": "ML"
      },
      {
        "state": "WA",
        "price": "800",
        "price_per_unit": "254",
        "price_unit": "ML"
      },
      {
        "state": "SA",
        "price": "800",
        "price_per_unit": "254",
        "price_unit": "ML"
      },
      {
        "state": "TAS",
        "price": "800",
        "price_per_unit": "254",
        "price_unit": "ML"
      },
      {
        "state": "ACT",
        "price": "800",
        "price_per_unit": "254",
        "price_unit": "ML"
      },
      {
        "state": "NT",
        "price": "880",
        "price_per_unit": "279",
        "price_unit": "ML"
      }
    ]
  },
  {
    "source_url": "https://www.woolworths.com.au/shop/productdetails/802570/garnier-fructis-normal-strength-shine-conditioner",
    "name": "Garnier Fructis Normal Strength & Shine Conditioner 850ml",
    "image_url": "https://cdn1.woolworths.media/content/wowproductimages/large/802570.jpg",
    "source_id": "Woolworths - 802570",
    "barcode": "8901526538812",
    "category_id": "1_894D0A8",
    "shop": "Woolworths",
    "weight": "100ML",
    "prices": [
      {
        "state": "NSW",
        "price": "1700",
        "price_per_unit": "200",
        "price_unit": "ML"
      },
      {
        "state": "VIC",
        "price": "1700",
        "price_per_unit": "200",
        "price_unit": "ML"
      },
      {
        "state": "QLD",
        "price": "1700",
        "price_per_unit": "200",
        "price_unit": "ML"
      },
      {
        "state": "WA",
        "price": "1700",
        "price_per_unit": "200",
        "price_unit": "ML"
      },
      {
        "state": "SA",
        "price": "1700",
        "price_per_unit": "200",
        "price_unit": "ML"
      },
      {
        "state": "TAS",
        "price": "1700",
        "price_per_unit": "200",
        "price_unit": "ML"
      },
      {
        "state": "ACT",
        "price": "1700",
        "price_per_unit": "200",
        "price_unit": "ML"
      },
      {
        "state": "NT",
        "price": "1870",
        "price_per_unit": "220",
        "price_unit": "ML"
      }
    ]
  },
  {
    "source_url": "https://www.woolworths.com.au/shop/productdetails/802536/garnier-fructis-normal-strength-shine-shampoo",
    "name": "Garnier Fructis Normal Strength & Shine Shampoo 315ml",
    "image_url": "https://cdn1.woolworths.media/content/wowproductimages/large/802536.jpg",
    "source_id": "Woolworths - 802536",
    "barcode": "8901526536962",
    "category_id": "1_894D0A8",
    "shop": "Woolworths",
    "weight": "100ML",
    "prices": [
      {
        "state": "NSW",
        "price": "800",
        "price_per_unit": "254",
        "price_unit": "ML"
      },
      {
        "state": "VIC",
        "price": "800",
        "price_per_unit": "254",
        "price_unit": "ML"
      },
      {
        "state": "QLD",
        "price": "800",
        "price_per_unit": "254",
        "price_unit": "ML"
      },
      {
        "state": "WA",
        "price": "800",
        "price_per_unit": "254",
        "price_unit": "ML"
      },
      {
        "state": "SA",
        "price": "800",
        "price_per_unit": "254",
        "price_unit": "ML"
      },
      {
        "state": "TAS",
        "price": "800",
        "price_per_unit": "254",
        "price_unit": "ML"
      },
      {
        "state": "ACT",
        "price": "800",
        "price_per_unit": "254",
        "price_unit": "ML"
      },
      {
        "state": "NT",
        "price": "880",
        "price_per_unit": "279",
        "price_unit": "ML"
      }
    ]
  },
  {
    "source_url": "https://www.woolworths.com.au/shop/productdetails/802569/garnier-fructis-normal-strength-shine-shampoo",
    "name": "Garnier Fructis Normal Strength & Shine Shampoo 850ml",
    "image_url": "https://cdn1.woolworths.media/content/wowproductimages/large/802569.jpg",
    "source_id": "Woolworths - 802569",
    "barcode": "8901526537563",
    "category_id": "1_894D0A8",
    "shop": "Woolworths",
    "weight": "100ML",
    "prices": [
      {
        "state": "NSW",
        "price": "1700",
        "price_per_unit": "200",
        "price_unit": "ML"
      },
      {
        "state": "VIC",
        "price": "1700",
        "price_per_unit": "200",
        "price_unit": "ML"
      },
      {
        "state": "QLD",
        "price": "1700",
        "price_per_unit": "200",
        "price_unit": "ML"
      },
      {
        "state": "WA",
        "price": "1700",
        "price_per_unit": "200",
        "price_unit": "ML"
      },
      {
        "state": "SA",
        "price": "1700",
        "price_per_unit": "200",
        "price_unit": "ML"
      },
      {
        "state": "TAS",
        "price": "1700",
        "price_per_unit": "200",
        "price_unit": "ML"
      },
      {
        "state": "ACT",
        "price": "1700",
        "price_per_unit": "200",
        "price_unit": "ML"
      },
      {
        "state": "NT",
        "price": "1870",
        "price_per_unit": "220",
        "price_unit": "ML"
      }
    ]
  },
  {
    "source_url": "https://www.woolworths.com.au/shop/productdetails/802572/garnier-fructis-nutri-repair-3-conditioner",
    "name": "Garnier Fructis Nutri-Repair 3 Conditioner 850ml",
    "image_url": "https://cdn1.woolworths.media/content/wowproductimages/large/802572.jpg",
    "source_id": "Woolworths - 802572",
    "barcode": "8901526537815",
    "category_id": "1_894D0A8",
    "shop": "Woolworths",
    "weight": "100ML",
    "prices": [
      {
        "state": "NSW",
        "price": "1700",
        "price_per_unit": "200",
        "price_unit": "ML"
      },
      {
        "state": "VIC",
        "price": "1700",
        "price_per_unit": "200",
        "price_unit": "ML"
      },
      {
        "state": "QLD",
        "price": "1700",
        "price_per_unit": "200",
        "price_unit": "ML"
      },
      {
        "state": "WA",
        "price": "1700",
        "price_per_unit": "200",
        "price_unit": "ML"
      },
      {
        "state": "SA",
        "price": "1700",
        "price_per_unit": "200",
        "price_unit": "ML"
      },
      {
        "state": "TAS",
        "price": "1700",
        "price_per_unit": "200",
        "price_unit": "ML"
      },
      {
        "state": "ACT",
        "price": "1700",
        "price_per_unit": "200",
        "price_unit": "ML"
      },
      {
        "state": "NT",
        "price": "1870",
        "price_per_unit": "220",
        "price_unit": "ML"
      }
    ]
  },
  {
    "source_url": "https://www.woolworths.com.au/shop/productdetails/802571/garnier-fructis-nutri-repair-3-shampoo",
    "name": "Garnier Fructis Nutri-Repair 3 Shampoo 850ml",
    "image_url": "https://cdn1.woolworths.media/content/wowproductimages/large/802571.jpg",
    "source_id": "Woolworths - 802571",
    "barcode": "8901526537617",
    "category_id": "1_894D0A8",
    "shop": "Woolworths",
    "weight": "100ML",
    "prices": [
      {
        "state": "NSW",
        "price": "1700",
        "price_per_unit": "200",
        "price_unit": "ML"
      },
      {
        "state": "VIC",
        "price": "1700",
        "price_per_unit": "200",
        "price_unit": "ML"
      },
      {
        "state": "QLD",
        "price": "1700",
        "price_per_unit": "200",
        "price_unit": "ML"
      },
      {
        "state": "WA",
        "price": "1700",
        "price_per_unit": "200",
        "price_unit": "ML"
      },
      {
        "state": "SA",
        "price": "1700",
        "price_per_unit": "200",
        "price_unit": "ML"
      },
      {
        "state": "TAS",
        "price": "1700",
        "price_per_unit": "200",
        "price_unit": "ML"
      },
      {
        "state": "ACT",
        "price": "1700",
        "price_per_unit": "200",
        "price_unit": "ML"
      },
      {
        "state": "NT",
        "price": "1870",
        "price_per_unit": "220",
        "price_unit": "ML"
      }
    ]
  },
  {
    "source_url": "https://www.woolworths.com.au/shop/productdetails/265757/garnier-pineapple-hair-food-conditioner",
    "name": "Garnier Pineapple Hair Food Conditioner 350ml",
    "image_url": "https://cdn1.woolworths.media/content/wowproductimages/large/265757.jpg",
    "source_id": "Woolworths - 265757",
    "barcode": "3600542513364",
    "category_id": "1_894D0A8",
    "shop": "Woolworths",
    "weight": "100ML",
    "prices": [
      {
        "state": "NSW",
        "price": "1300",
        "price_per_unit": "371",
        "price_unit": "ML"
      },
      {
        "state": "VIC",
        "price": "1300",
        "price_per_unit": "371",
        "price_unit": "ML"
      },
      {
        "state": "QLD",
        "price": "1300",
        "price_per_unit": "371",
        "price_unit": "ML"
      },
      {
        "state": "WA",
        "price": "1300",
        "price_per_unit": "371",
        "price_unit": "ML"
      },
      {
        "state": "SA",
        "price": "1300",
        "price_per_unit": "371",
        "price_unit": "ML"
      },
      {
        "state": "TAS",
        "price": "1300",
        "price_per_unit": "371",
        "price_unit": "ML"
      },
      {
        "state": "ACT",
        "price": "1300",
        "price_per_unit": "371",
        "price_unit": "ML"
      },
      {
        "state": "NT",
        "price": "1430",
        "price_per_unit": "409",
        "price_unit": "ML"
      }
    ]
  },
  {
    "source_url": "https://www.woolworths.com.au/shop/productdetails/265756/garnier-pineapple-hair-food-shampoo",
    "name": "Garnier Pineapple Hair Food Shampoo 350ml",
    "image_url": "https://cdn1.woolworths.media/content/wowproductimages/large/265756.jpg",
    "source_id": "Woolworths - 265756",
    "barcode": "3600542513357",
    "category_id": "1_894D0A8",
    "shop": "Woolworths",
    "weight": "100ML",
    "prices": [
      {
        "state": "NSW",
        "price": "1300",
        "price_per_unit": "371",
        "price_unit": "ML"
      },
      {
        "state": "VIC",
        "price": "1300",
        "price_per_unit": "371",
        "price_unit": "ML"
      },
      {
        "state": "QLD",
        "price": "1300",
        "price_per_unit": "371",
        "price_unit": "ML"
      },
      {
        "state": "WA",
        "price": "1300",
        "price_per_unit": "371",
        "price_unit": "ML"
      },
      {
        "state": "SA",
        "price": "1300",
        "price_per_unit": "371",
        "price_unit": "ML"
      },
      {
        "state": "TAS",
        "price": "1300",
        "price_per_unit": "371",
        "price_unit": "ML"
      },
      {
        "state": "ACT",
        "price": "1300",
        "price_per_unit": "371",
        "price_unit": "ML"
      },
      {
        "state": "NT",
        "price": "1430",
        "price_per_unit": "409",
        "price_unit": "ML"
      }
    ]
  },
  {
    "source_url": "https://www.woolworths.com.au/shop/productdetails/757359/georgiemane-repair-hydrate-shampoo",
    "name": "Georgiemane Repair & Hydrate Shampoo 330mL",
    "image_url": "https://cdn1.woolworths.media/content/wowproductimages/large/757359.jpg",
    "source_id": "Woolworths - 757359",
    "barcode": "9369998070435",
    "category_id": "1_894D0A8",
    "shop": "Woolworths",
    "weight": "100ML",
    "prices": [
      {
        "state": "NSW",
        "price": "3500",
        "price_per_unit": "1061",
        "price_unit": "ML"
      },
      {
        "state": "VIC",
        "price": "3500",
        "price_per_unit": "1061",
        "price_unit": "ML"
      },
      {
        "state": "QLD",
        "price": "3500",
        "price_per_unit": "1061",
        "price_unit": "ML"
      },
      {
        "state": "WA",
        "price": "3500",
        "price_per_unit": "1061",
        "price_unit": "ML"
      },
      {
        "state": "SA",
        "price": "3500",
        "price_per_unit": "1061",
        "price_unit": "ML"
      },
      {
        "state": "TAS",
        "price": "3500",
        "price_per_unit": "1061",
        "price_unit": "ML"
      },
      {
        "state": "ACT",
        "price": "3500",
        "price_per_unit": "1061",
        "price_unit": "ML"
      },
      {
        "state": "NT",
        "price": "3675",
        "price_per_unit": "1114",
        "price_unit": "ML"
      }
    ]
  },
  {
    "source_url": "https://www.woolworths.com.au/shop/productdetails/683383/glow-lab-hydrating-conditioner",
    "name": "Glow Lab Hydrating Conditioner 300ml",
    "image_url": "https://cdn1.woolworths.media/content/wowproductimages/large/683383.jpg",
    "source_id": "Woolworths - 683383",
    "barcode": "9421027312104",
    "category_id": "1_894D0A8",
    "shop": "Woolworths",
    "weight": "100ML",
    "prices": [
      {
        "state": "NSW",
        "price": "600",
        "price_per_unit": "200",
        "price_unit": "ML"
      },
      {
        "state": "VIC",
        "price": "600",
        "price_per_unit": "200",
        "price_unit": "ML"
      },
      {
        "state": "WA",
        "price": "600",
        "price_per_unit": "200",
        "price_unit": "ML"
      },
      {
        "state": "SA",
        "price": "600",
        "price_per_unit": "200",
        "price_unit": "ML"
      },
      {
        "state": "TAS",
        "price": "600",
        "price_per_unit": "200",
        "price_unit": "ML"
      },
      {
        "state": "ACT",
        "price": "600",
        "price_per_unit": "200",
        "price_unit": "ML"
      },
      {
        "state": "NT",
        "price": "660",
        "price_per_unit": "220",
        "price_unit": "ML"
      }
    ]
  },
  {
    "source_url": "https://www.woolworths.com.au/shop/productdetails/62174/glow-lab-hydrating-conditioner",
    "name": "Glow Lab Hydrating Conditioner 600ml",
    "image_url": "https://cdn1.woolworths.media/content/wowproductimages/large/062174.jpg",
    "source_id": "Woolworths - 62174",
    "barcode": "9421027313163",
    "category_id": "1_894D0A8",
    "shop": "Woolworths",
    "weight": "100ML",
    "prices": [
      {
        "state": "NSW",
        "price": "2000",
        "price_per_unit": "333",
        "price_unit": "ML"
      },
      {
        "state": "VIC",
        "price": "2000",
        "price_per_unit": "333",
        "price_unit": "ML"
      },
      {
        "state": "QLD",
        "price": "2000",
        "price_per_unit": "333",
        "price_unit": "ML"
      },
      {
        "state": "WA",
        "price": "2000",
        "price_per_unit": "333",
        "price_unit": "ML"
      },
      {
        "state": "SA",
        "price": "2000",
        "price_per_unit": "333",
        "price_unit": "ML"
      },
      {
        "state": "TAS",
        "price": "2000",
        "price_per_unit": "333",
        "price_unit": "ML"
      },
      {
        "state": "ACT",
        "price": "2000",
        "price_per_unit": "333",
        "price_unit": "ML"
      },
      {
        "state": "NT",
        "price": "2200",
        "price_per_unit": "367",
        "price_unit": "ML"
      }
    ]
  },
  {
    "source_url": "https://www.woolworths.com.au/shop/productdetails/62168/glow-lab-hydrating-shampoo",
    "name": "Glow Lab Hydrating Shampoo 600ml",
    "image_url": "https://cdn1.woolworths.media/content/wowproductimages/large/062168.jpg",
    "source_id": "Woolworths - 62168",
    "barcode": "9421027313149",
    "category_id": "1_894D0A8",
    "shop": "Woolworths",
    "weight": "100ML",
    "prices": [
      {
        "state": "NSW",
        "price": "2000",
        "price_per_unit": "333",
        "price_unit": "ML"
      },
      {
        "state": "VIC",
        "price": "2000",
        "price_per_unit": "333",
        "price_unit": "ML"
      },
      {
        "state": "QLD",
        "price": "2000",
        "price_per_unit": "333",
        "price_unit": "ML"
      },
      {
        "state": "WA",
        "price": "2000",
        "price_per_unit": "333",
        "price_unit": "ML"
      },
      {
        "state": "SA",
        "price": "2000",
        "price_per_unit": "333",
        "price_unit": "ML"
      },
      {
        "state": "TAS",
        "price": "2000",
        "price_per_unit": "333",
        "price_unit": "ML"
      },
      {
        "state": "ACT",
        "price": "2000",
        "price_per_unit": "333",
        "price_unit": "ML"
      },
      {
        "state": "NT",
        "price": "2200",
        "price_per_unit": "367",
        "price_unit": "ML"
      }
    ]
  },
  {
    "source_url": "https://www.woolworths.com.au/shop/productdetails/62169/glow-lab-repairing-conditioner",
    "name": "Glow Lab Repairing Conditioner 600ml",
    "image_url": "https://cdn1.woolworths.media/content/wowproductimages/large/062169.jpg",
    "source_id": "Woolworths - 62169",
    "barcode": "9421027313170",
    "category_id": "1_894D0A8",
    "shop": "Woolworths",
    "weight": "100ML",
    "prices": [
      {
        "state": "NSW",
        "price": "2000",
        "price_per_unit": "333",
        "price_unit": "ML"
      },
      {
        "state": "VIC",
        "price": "2000",
        "price_per_unit": "333",
        "price_unit": "ML"
      },
      {
        "state": "QLD",
        "price": "2000",
        "price_per_unit": "333",
        "price_unit": "ML"
      },
      {
        "state": "WA",
        "price": "2000",
        "price_per_unit": "333",
        "price_unit": "ML"
      },
      {
        "state": "SA",
        "price": "2000",
        "price_per_unit": "333",
        "price_unit": "ML"
      },
      {
        "state": "TAS",
        "price": "2000",
        "price_per_unit": "333",
        "price_unit": "ML"
      },
      {
        "state": "ACT",
        "price": "2000",
        "price_per_unit": "333",
        "price_unit": "ML"
      },
      {
        "state": "NT",
        "price": "2200",
        "price_per_unit": "367",
        "price_unit": "ML"
      }
    ]
  },
  {
    "source_url": "https://www.woolworths.com.au/shop/productdetails/683319/glow-lab-repairing-shampoo",
    "name": "Glow Lab Repairing Shampoo 300ml",
    "image_url": "https://cdn1.woolworths.media/content/wowproductimages/large/683319.jpg",
    "source_id": "Woolworths - 683319",
    "barcode": "9421027312074",
    "category_id": "1_894D0A8",
    "shop": "Woolworths",
    "weight": "100ML",
    "prices": [
      {
        "state": "NSW",
        "price": "600",
        "price_per_unit": "200",
        "price_unit": "ML"
      },
      {
        "state": "VIC",
        "price": "600",
        "price_per_unit": "200",
        "price_unit": "ML"
      },
      {
        "state": "QLD",
        "price": "600",
        "price_per_unit": "200",
        "price_unit": "ML"
      },
      {
        "state": "WA",
        "price": "600",
        "price_per_unit": "200",
        "price_unit": "ML"
      },
      {
        "state": "SA",
        "price": "600",
        "price_per_unit": "200",
        "price_unit": "ML"
      },
      {
        "state": "TAS",
        "price": "600",
        "price_per_unit": "200",
        "price_unit": "ML"
      },
      {
        "state": "ACT",
        "price": "600",
        "price_per_unit": "200",
        "price_unit": "ML"
      },
      {
        "state": "NT",
        "price": "660",
        "price_per_unit": "220",
        "price_unit": "ML"
      }
    ]
  },
  {
    "source_url": "https://www.woolworths.com.au/shop/productdetails/62172/glow-lab-repairing-shampoo",
    "name": "Glow Lab Repairing Shampoo 600ml",
    "image_url": "https://cdn1.woolworths.media/content/wowproductimages/large/062172.jpg",
    "source_id": "Woolworths - 62172",
    "barcode": "9421027313156",
    "category_id": "1_894D0A8",
    "shop": "Woolworths",
    "weight": "100ML",
    "prices": [
      {
        "state": "NSW",
        "price": "2000",
        "price_per_unit": "333",
        "price_unit": "ML"
      },
      {
        "state": "VIC",
        "price": "2000",
        "price_per_unit": "333",
        "price_unit": "ML"
      },
      {
        "state": "QLD",
        "price": "2000",
        "price_per_unit": "333",
        "price_unit": "ML"
      },
      {
        "state": "WA",
        "price": "2000",
        "price_per_unit": "333",
        "price_unit": "ML"
      },
      {
        "state": "SA",
        "price": "2000",
        "price_per_unit": "333",
        "price_unit": "ML"
      },
      {
        "state": "TAS",
        "price": "2000",
        "price_per_unit": "333",
        "price_unit": "ML"
      },
      {
        "state": "ACT",
        "price": "2000",
        "price_per_unit": "333",
        "price_unit": "ML"
      },
      {
        "state": "NT",
        "price": "2200",
        "price_per_unit": "367",
        "price_unit": "ML"
      }
    ]
  },
  {
    "source_url": "https://www.woolworths.com.au/shop/productdetails/122437/glow-lab-thick-full-conditioner-collagen-",
    "name": "Glow Lab Thick & Full Conditioner Collagen + 600mL",
    "image_url": "https://cdn1.woolworths.media/content/wowproductimages/large/122437.jpg",
    "source_id": "Woolworths - 122437",
    "barcode": "9421027313385",
    "category_id": "1_894D0A8",
    "shop": "Woolworths",
    "weight": "100ML",
    "prices": [
      {
        "state": "NSW",
        "price": "2000",
        "price_per_unit": "333",
        "price_unit": "ML"
      },
      {
        "state": "VIC",
        "price": "2000",
        "price_per_unit": "333",
        "price_unit": "ML"
      },
      {
        "state": "QLD",
        "price": "2000",
        "price_per_unit": "333",
        "price_unit": "ML"
      },
      {
        "state": "WA",
        "price": "2000",
        "price_per_unit": "333",
        "price_unit": "ML"
      },
      {
        "state": "SA",
        "price": "2000",
        "price_per_unit": "333",
        "price_unit": "ML"
      },
      {
        "state": "TAS",
        "price": "2000",
        "price_per_unit": "333",
        "price_unit": "ML"
      },
      {
        "state": "ACT",
        "price": "2000",
        "price_per_unit": "333",
        "price_unit": "ML"
      }
    ]
  },
  {
    "source_url": "https://www.woolworths.com.au/shop/productdetails/122655/glow-lab-thick-full-shampoo-with-collagen",
    "name": "Glow Lab Thick & Full Shampoo With Collagen 600mL",
    "image_url": "https://cdn1.woolworths.media/content/wowproductimages/large/122655.jpg",
    "source_id": "Woolworths - 122655",
    "barcode": "9421027313378",
    "category_id": "1_894D0A8",
    "shop": "Woolworths",
    "weight": "100ML",
    "prices": [
      {
        "state": "NSW",
        "price": "2000",
        "price_per_unit": "333",
        "price_unit": "ML"
      },
      {
        "state": "VIC",
        "price": "2000",
        "price_per_unit": "333",
        "price_unit": "ML"
      },
      {
        "state": "QLD",
        "price": "2000",
        "price_per_unit": "333",
        "price_unit": "ML"
      },
      {
        "state": "WA",
        "price": "2000",
        "price_per_unit": "333",
        "price_unit": "ML"
      },
      {
        "state": "SA",
        "price": "2000",
        "price_per_unit": "333",
        "price_unit": "ML"
      },
      {
        "state": "TAS",
        "price": "2000",
        "price_per_unit": "333",
        "price_unit": "ML"
      },
      {
        "state": "ACT",
        "price": "2000",
        "price_per_unit": "333",
        "price_unit": "ML"
      }
    ]
  },
  {
    "source_url": "https://www.woolworths.com.au/shop/productdetails/153002/grow-longer-stronger-conditioner",
    "name": "Grow Longer Stronger Conditioner 250mL",
    "image_url": "https://cdn1.woolworths.media/content/wowproductimages/large/153002.jpg",
    "source_id": "Woolworths - 153002",
    "barcode": "9346720003152",
    "category_id": "1_894D0A8",
    "shop": "Woolworths",
    "weight": "100ML",
    "prices": [
      {
        "state": "NSW",
        "price": "1500",
        "price_per_unit": "600",
        "price_unit": "ML"
      },
      {
        "state": "VIC",
        "price": "1500",
        "price_per_unit": "600",
        "price_unit": "ML"
      },
      {
        "state": "QLD",
        "price": "1500",
        "price_per_unit": "600",
        "price_unit": "ML"
      },
      {
        "state": "WA",
        "price": "1500",
        "price_per_unit": "600",
        "price_unit": "ML"
      },
      {
        "state": "SA",
        "price": "1500",
        "price_per_unit": "600",
        "price_unit": "ML"
      },
      {
        "state": "TAS",
        "price": "1500",
        "price_per_unit": "600",
        "price_unit": "ML"
      },
      {
        "state": "ACT",
        "price": "1500",
        "price_per_unit": "600",
        "price_unit": "ML"
      },
      {
        "state": "NT",
        "price": "1650",
        "price_per_unit": "660",
        "price_unit": "ML"
      }
    ]
  },
  {
    "source_url": "https://www.woolworths.com.au/shop/productdetails/153013/grow-longer-stronger-shampoo",
    "name": "Grow Longer Stronger Shampoo 250mL",
    "image_url": "https://cdn1.woolworths.media/content/wowproductimages/large/153013.jpg",
    "source_id": "Woolworths - 153013",
    "barcode": "9346720003145",
    "category_id": "1_894D0A8",
    "shop": "Woolworths",
    "weight": "100ML",
    "prices": [
      {
        "state": "NSW",
        "price": "1500",
        "price_per_unit": "600",
        "price_unit": "ML"
      },
      {
        "state": "VIC",
        "price": "1500",
        "price_per_unit": "600",
        "price_unit": "ML"
      },
      {
        "state": "QLD",
        "price": "1500",
        "price_per_unit": "600",
        "price_unit": "ML"
      },
      {
        "state": "WA",
        "price": "1500",
        "price_per_unit": "600",
        "price_unit": "ML"
      },
      {
        "state": "SA",
        "price": "1500",
        "price_per_unit": "600",
        "price_unit": "ML"
      },
      {
        "state": "TAS",
        "price": "1500",
        "price_per_unit": "600",
        "price_unit": "ML"
      },
      {
        "state": "ACT",
        "price": "1500",
        "price_per_unit": "600",
        "price_unit": "ML"
      },
      {
        "state": "NT",
        "price": "1650",
        "price_per_unit": "660",
        "price_unit": "ML"
      }
    ]
  },
  {
    "source_url": "https://www.woolworths.com.au/shop/productdetails/152714/grow-thicker-fuller-conditioner",
    "name": "Grow Thicker Fuller Conditioner 250mL",
    "image_url": "https://cdn1.woolworths.media/content/wowproductimages/large/152714.jpg",
    "source_id": "Woolworths - 152714",
    "barcode": "9346720003114",
    "category_id": "1_894D0A8",
    "shop": "Woolworths",
    "weight": "100ML",
    "prices": [
      {
        "state": "NSW",
        "price": "1500",
        "price_per_unit": "600",
        "price_unit": "ML"
      },
      {
        "state": "VIC",
        "price": "1500",
        "price_per_unit": "600",
        "price_unit": "ML"
      },
      {
        "state": "QLD",
        "price": "1500",
        "price_per_unit": "600",
        "price_unit": "ML"
      },
      {
        "state": "WA",
        "price": "1500",
        "price_per_unit": "600",
        "price_unit": "ML"
      },
      {
        "state": "SA",
        "price": "1500",
        "price_per_unit": "600",
        "price_unit": "ML"
      },
      {
        "state": "TAS",
        "price": "1500",
        "price_per_unit": "600",
        "price_unit": "ML"
      },
      {
        "state": "ACT",
        "price": "1500",
        "price_per_unit": "600",
        "price_unit": "ML"
      },
      {
        "state": "NT",
        "price": "1650",
        "price_per_unit": "660",
        "price_unit": "ML"
      }
    ]
  },
  {
    "source_url": "https://www.woolworths.com.au/shop/productdetails/152247/grow-thicker-fuller-shampoo",
    "name": "Grow Thicker Fuller Shampoo 250mL",
    "image_url": "https://cdn1.woolworths.media/content/wowproductimages/large/152247.jpg",
    "source_id": "Woolworths - 152247",
    "barcode": "9346720003107",
    "category_id": "1_894D0A8",
    "shop": "Woolworths",
    "weight": "100ML",
    "prices": [
      {
        "state": "NSW",
        "price": "1500",
        "price_per_unit": "600",
        "price_unit": "ML"
      },
      {
        "state": "VIC",
        "price": "1500",
        "price_per_unit": "600",
        "price_unit": "ML"
      },
      {
        "state": "QLD",
        "price": "1500",
        "price_per_unit": "600",
        "price_unit": "ML"
      },
      {
        "state": "WA",
        "price": "1500",
        "price_per_unit": "600",
        "price_unit": "ML"
      },
      {
        "state": "SA",
        "price": "1500",
        "price_per_unit": "600",
        "price_unit": "ML"
      },
      {
        "state": "TAS",
        "price": "1500",
        "price_per_unit": "600",
        "price_unit": "ML"
      },
      {
        "state": "ACT",
        "price": "1500",
        "price_per_unit": "600",
        "price_unit": "ML"
      },
      {
        "state": "NT",
        "price": "1650",
        "price_per_unit": "660",
        "price_unit": "ML"
      }
    ]
  },
  {
    "source_url": "https://www.woolworths.com.au/shop/productdetails/267134/growth-bomb-growth-bomb-supercharge-shampoo",
    "name": "Growth Bomb Growth Bomb Supercharge Shampoo 300ml",
    "image_url": "https://cdn1.woolworths.media/content/wowproductimages/large/267134.jpg",
    "source_id": "Woolworths - 267134",
    "barcode": "9356419000300",
    "category_id": "1_894D0A8",
    "shop": "Woolworths",
    "weight": "100ML",
    "prices": [
      {
        "state": "NSW",
        "price": "1750",
        "price_per_unit": "583",
        "price_unit": "ML"
      },
      {
        "state": "VIC",
        "price": "1750",
        "price_per_unit": "583",
        "price_unit": "ML"
      },
      {
        "state": "QLD",
        "price": "1750",
        "price_per_unit": "583",
        "price_unit": "ML"
      },
      {
        "state": "WA",
        "price": "1750",
        "price_per_unit": "583",
        "price_unit": "ML"
      },
      {
        "state": "SA",
        "price": "1750",
        "price_per_unit": "583",
        "price_unit": "ML"
      },
      {
        "state": "TAS",
        "price": "1750",
        "price_per_unit": "583",
        "price_unit": "ML"
      },
      {
        "state": "NT",
        "price": "1925",
        "price_per_unit": "642",
        "price_unit": "ML"
      }
    ]
  },
  {
    "source_url": "https://www.woolworths.com.au/shop/productdetails/267923/growth-bomb-supercharge-conditioner",
    "name": "Growth Bomb Supercharge Conditioner 300ml",
    "image_url": "https://cdn1.woolworths.media/content/wowproductimages/large/267923.jpg",
    "source_id": "Woolworths - 267923",
    "barcode": "9356419000331",
    "category_id": "1_894D0A8",
    "shop": "Woolworths",
    "weight": "100ML",
    "prices": [
      {
        "state": "NSW",
        "price": "1750",
        "price_per_unit": "583",
        "price_unit": "ML"
      },
      {
        "state": "VIC",
        "price": "1750",
        "price_per_unit": "583",
        "price_unit": "ML"
      },
      {
        "state": "QLD",
        "price": "1750",
        "price_per_unit": "583",
        "price_unit": "ML"
      },
      {
        "state": "WA",
        "price": "1750",
        "price_per_unit": "583",
        "price_unit": "ML"
      },
      {
        "state": "SA",
        "price": "1750",
        "price_per_unit": "583",
        "price_unit": "ML"
      },
      {
        "state": "TAS",
        "price": "1750",
        "price_per_unit": "583",
        "price_unit": "ML"
      },
      {
        "state": "ACT",
        "price": "1750",
        "price_per_unit": "583",
        "price_unit": "ML"
      },
      {
        "state": "NT",
        "price": "1925",
        "price_per_unit": "642",
        "price_unit": "ML"
      }
    ]
  },
  {
    "source_url": "https://www.woolworths.com.au/shop/productdetails/684146/hask-argan-oil-repairing-conditioner",
    "name": "Hask Argan Oil Repairing Conditioner 355ml",
    "image_url": "https://cdn1.woolworths.media/content/wowproductimages/large/684146.jpg",
    "source_id": "Woolworths - 684146",
    "barcode": "71164343265",
    "category_id": "1_894D0A8",
    "shop": "Woolworths",
    "weight": "100ML",
    "prices": [
      {
        "state": "NSW",
        "price": "1700",
        "price_per_unit": "479",
        "price_unit": "ML"
      },
      {
        "state": "VIC",
        "price": "1700",
        "price_per_unit": "479",
        "price_unit": "ML"
      },
      {
        "state": "QLD",
        "price": "1700",
        "price_per_unit": "479",
        "price_unit": "ML"
      },
      {
        "state": "WA",
        "price": "1700",
        "price_per_unit": "479",
        "price_unit": "ML"
      },
      {
        "state": "SA",
        "price": "1700",
        "price_per_unit": "479",
        "price_unit": "ML"
      },
      {
        "state": "TAS",
        "price": "1700",
        "price_per_unit": "479",
        "price_unit": "ML"
      },
      {
        "state": "ACT",
        "price": "1700",
        "price_per_unit": "479",
        "price_unit": "ML"
      },
      {
        "state": "NT",
        "price": "1870",
        "price_per_unit": "527",
        "price_unit": "ML"
      }
    ]
  },
  {
    "source_url": "https://www.woolworths.com.au/shop/productdetails/684145/hask-argan-oil-repairing-shampoo",
    "name": "Hask Argan Oil Repairing Shampoo 355ml",
    "image_url": "https://cdn1.woolworths.media/content/wowproductimages/large/684145.jpg",
    "source_id": "Woolworths - 684145",
    "barcode": "71164343166",
    "category_id": "1_894D0A8",
    "shop": "Woolworths",
    "weight": "100ML",
    "prices": [
      {
        "state": "NSW",
        "price": "1700",
        "price_per_unit": "479",
        "price_unit": "ML"
      },
      {
        "state": "VIC",
        "price": "1700",
        "price_per_unit": "479",
        "price_unit": "ML"
      },
      {
        "state": "QLD",
        "price": "1700",
        "price_per_unit": "479",
        "price_unit": "ML"
      },
      {
        "state": "WA",
        "price": "1700",
        "price_per_unit": "479",
        "price_unit": "ML"
      },
      {
        "state": "SA",
        "price": "1700",
        "price_per_unit": "479",
        "price_unit": "ML"
      },
      {
        "state": "TAS",
        "price": "1700",
        "price_per_unit": "479",
        "price_unit": "ML"
      },
      {
        "state": "ACT",
        "price": "1700",
        "price_per_unit": "479",
        "price_unit": "ML"
      },
      {
        "state": "NT",
        "price": "1870",
        "price_per_unit": "527",
        "price_unit": "ML"
      }
    ]
  },
  {
    "source_url": "https://www.woolworths.com.au/shop/productdetails/174180/hask-curl-care-conditioner-conditioner",
    "name": "Hask Curl Care Conditioner Conditioner 355ml",
    "image_url": "https://cdn1.woolworths.media/content/wowproductimages/large/174180.jpg",
    "source_id": "Woolworths - 174180",
    "barcode": "71164304211",
    "category_id": "1_894D0A8",
    "shop": "Woolworths",
    "weight": "100ML",
    "prices": [
      {
        "state": "NSW",
        "price": "1700",
        "price_per_unit": "479",
        "price_unit": "ML"
      },
      {
        "state": "VIC",
        "price": "1700",
        "price_per_unit": "479",
        "price_unit": "ML"
      },
      {
        "state": "QLD",
        "price": "1700",
        "price_per_unit": "479",
        "price_unit": "ML"
      },
      {
        "state": "WA",
        "price": "1700",
        "price_per_unit": "479",
        "price_unit": "ML"
      },
      {
        "state": "SA",
        "price": "1700",
        "price_per_unit": "479",
        "price_unit": "ML"
      },
      {
        "state": "TAS",
        "price": "1700",
        "price_per_unit": "479",
        "price_unit": "ML"
      },
      {
        "state": "ACT",
        "price": "1700",
        "price_per_unit": "479",
        "price_unit": "ML"
      },
      {
        "state": "NT",
        "price": "1870",
        "price_per_unit": "527",
        "price_unit": "ML"
      }
    ]
  },
  {
    "source_url": "https://www.woolworths.com.au/shop/productdetails/175283/hask-curl-care-shampoo",
    "name": "Hask Curl Care Shampoo 355ml",
    "image_url": "https://cdn1.woolworths.media/content/wowproductimages/large/175283.jpg",
    "source_id": "Woolworths - 175283",
    "barcode": "71164304112",
    "category_id": "1_894D0A8",
    "shop": "Woolworths",
    "weight": "100ML",
    "prices": [
      {
        "state": "NSW",
        "price": "1700",
        "price_per_unit": "479",
        "price_unit": "ML"
      },
      {
        "state": "VIC",
        "price": "1700",
        "price_per_unit": "479",
        "price_unit": "ML"
      },
      {
        "state": "QLD",
        "price": "1700",
        "price_per_unit": "479",
        "price_unit": "ML"
      },
      {
        "state": "WA",
        "price": "1700",
        "price_per_unit": "479",
        "price_unit": "ML"
      },
      {
        "state": "SA",
        "price": "1700",
        "price_per_unit": "479",
        "price_unit": "ML"
      },
      {
        "state": "TAS",
        "price": "1700",
        "price_per_unit": "479",
        "price_unit": "ML"
      },
      {
        "state": "ACT",
        "price": "1700",
        "price_per_unit": "479",
        "price_unit": "ML"
      },
      {
        "state": "NT",
        "price": "1870",
        "price_per_unit": "527",
        "price_unit": "ML"
      }
    ]
  },
  {
    "source_url": "https://www.woolworths.com.au/shop/productdetails/684147/hask-keratin-smoothing-conditioner",
    "name": "Hask Keratin Smoothing Conditioner 355ml",
    "image_url": "https://cdn1.woolworths.media/content/wowproductimages/large/684147.jpg",
    "source_id": "Woolworths - 684147",
    "barcode": "71164343272",
    "category_id": "1_894D0A8",
    "shop": "Woolworths",
    "weight": "100ML",
    "prices": [
      {
        "state": "NSW",
        "price": "1700",
        "price_per_unit": "479",
        "price_unit": "ML"
      },
      {
        "state": "VIC",
        "price": "1700",
        "price_per_unit": "479",
        "price_unit": "ML"
      },
      {
        "state": "QLD",
        "price": "1700",
        "price_per_unit": "479",
        "price_unit": "ML"
      },
      {
        "state": "WA",
        "price": "1700",
        "price_per_unit": "479",
        "price_unit": "ML"
      },
      {
        "state": "SA",
        "price": "1700",
        "price_per_unit": "479",
        "price_unit": "ML"
      },
      {
        "state": "TAS",
        "price": "1700",
        "price_per_unit": "479",
        "price_unit": "ML"
      },
      {
        "state": "ACT",
        "price": "1700",
        "price_per_unit": "479",
        "price_unit": "ML"
      },
      {
        "state": "NT",
        "price": "1870",
        "price_per_unit": "527",
        "price_unit": "ML"
      }
    ]
  },
  {
    "source_url": "https://www.woolworths.com.au/shop/productdetails/684164/hask-keratin-smoothing-shampoo",
    "name": "Hask Keratin Smoothing Shampoo 355mL",
    "image_url": "https://cdn1.woolworths.media/content/wowproductimages/large/684164.jpg",
    "source_id": "Woolworths - 684164",
    "barcode": "71164343173",
    "category_id": "1_894D0A8",
    "shop": "Woolworths",
    "weight": "100ML",
    "prices": [
      {
        "state": "NSW",
        "price": "1700",
        "price_per_unit": "479",
        "price_unit": "ML"
      },
      {
        "state": "VIC",
        "price": "1700",
        "price_per_unit": "479",
        "price_unit": "ML"
      },
      {
        "state": "QLD",
        "price": "1700",
        "price_per_unit": "479",
        "price_unit": "ML"
      },
      {
        "state": "WA",
        "price": "1700",
        "price_per_unit": "479",
        "price_unit": "ML"
      },
      {
        "state": "SA",
        "price": "1700",
        "price_per_unit": "479",
        "price_unit": "ML"
      },
      {
        "state": "TAS",
        "price": "1700",
        "price_per_unit": "479",
        "price_unit": "ML"
      },
      {
        "state": "ACT",
        "price": "1700",
        "price_per_unit": "479",
        "price_unit": "ML"
      },
      {
        "state": "NT",
        "price": "1870",
        "price_per_unit": "527",
        "price_unit": "ML"
      }
    ]
  },
  {
    "source_url": "https://www.woolworths.com.au/shop/productdetails/588851/head-shoulders-2-in-1-itchy-scalp-care-shampoo-conditioner",
    "name": "Head & Shoulders 2 In 1 Itchy Scalp Care Shampoo & Conditioner 750mL",
    "image_url": "https://cdn1.woolworths.media/content/wowproductimages/large/588851.jpg",
    "source_id": "Woolworths - 588851",
    "barcode": "4987176229670",
    "category_id": "1_894D0A8",
    "shop": "Woolworths",
    "weight": "100ML",
    "prices": [
      {
        "state": "NSW",
        "price": "2600",
        "price_per_unit": "347",
        "price_unit": "ML"
      },
      {
        "state": "VIC",
        "price": "2600",
        "price_per_unit": "347",
        "price_unit": "ML"
      },
      {
        "state": "QLD",
        "price": "2600",
        "price_per_unit": "347",
        "price_unit": "ML"
      },
      {
        "state": "WA",
        "price": "2600",
        "price_per_unit": "347",
        "price_unit": "ML"
      },
      {
        "state": "SA",
        "price": "2600",
        "price_per_unit": "347",
        "price_unit": "ML"
      },
      {
        "state": "TAS",
        "price": "2600",
        "price_per_unit": "347",
        "price_unit": "ML"
      },
      {
        "state": "ACT",
        "price": "2600",
        "price_per_unit": "347",
        "price_unit": "ML"
      },
      {
        "state": "NT",
        "price": "2730",
        "price_per_unit": "364",
        "price_unit": "ML"
      }
    ]
  },
  {
    "source_url": "https://www.woolworths.com.au/shop/productdetails/263340/head-shoulders-2-in-1-shampoo-conditioner-sensitive",
    "name": "Head & Shoulders 2 In 1 Shampoo Conditioner Sensitive 350ml",
    "image_url": "https://cdn1.woolworths.media/content/wowproductimages/large/263340.jpg",
    "source_id": "Woolworths - 263340",
    "barcode": "4987176161246",
    "category_id": "1_894D0A8",
    "shop": "Woolworths",
    "weight": "100ML",
    "prices": [
      {
        "state": "NSW",
        "price": "1500",
        "price_per_unit": "429",
        "price_unit": "ML"
      },
      {
        "state": "VIC",
        "price": "1500",
        "price_per_unit": "429",
        "price_unit": "ML"
      },
      {
        "state": "WA",
        "price": "1500",
        "price_per_unit": "429",
        "price_unit": "ML"
      },
      {
        "state": "SA",
        "price": "1500",
        "price_per_unit": "429",
        "price_unit": "ML"
      },
      {
        "state": "TAS",
        "price": "1500",
        "price_per_unit": "429",
        "price_unit": "ML"
      },
      {
        "state": "ACT",
        "price": "1500",
        "price_per_unit": "429",
        "price_unit": "ML"
      },
      {
        "state": "NT",
        "price": "1600",
        "price_per_unit": "457",
        "price_unit": "ML"
      }
    ]
  },
  {
    "source_url": "https://www.woolworths.com.au/shop/productdetails/588863/head-shoulders-2-in-1-smooth-and-silky-anti-dandruff-shampoo-conditioner",
    "name": "Head & Shoulders 2 In 1 Smooth and Silky Anti Dandruff Shampoo & Conditioner 350mL",
    "image_url": "https://cdn1.woolworths.media/content/wowproductimages/large/588863.jpg",
    "source_id": "Woolworths - 588863",
    "barcode": "4987176229717",
    "category_id": "1_894D0A8",
    "shop": "Woolworths",
    "weight": "100ML",
    "prices": [
      {
        "state": "NSW",
        "price": "1500",
        "price_per_unit": "429",
        "price_unit": "ML"
      },
      {
        "state": "VIC",
        "price": "1500",
        "price_per_unit": "429",
        "price_unit": "ML"
      },
      {
        "state": "QLD",
        "price": "1500",
        "price_per_unit": "429",
        "price_unit": "ML"
      },
      {
        "state": "WA",
        "price": "1500",
        "price_per_unit": "429",
        "price_unit": "ML"
      },
      {
        "state": "SA",
        "price": "1500",
        "price_per_unit": "429",
        "price_unit": "ML"
      },
      {
        "state": "TAS",
        "price": "1500",
        "price_per_unit": "429",
        "price_unit": "ML"
      },
      {
        "state": "ACT",
        "price": "1500",
        "price_per_unit": "429",
        "price_unit": "ML"
      },
      {
        "state": "NT",
        "price": "1600",
        "price_per_unit": "457",
        "price_unit": "ML"
      }
    ]
  },
  {
    "source_url": "https://www.woolworths.com.au/shop/productdetails/583287/head-shoulders-2-in-1-shampoo-conditioner-apple-fresh",
    "name": "Head & Shoulders 2-in-1 Shampoo & Conditioner Apple Fresh 350mL",
    "image_url": "https://cdn1.woolworths.media/content/wowproductimages/large/583287.jpg",
    "source_id": "Woolworths - 583287",
    "barcode": "4987176229724",
    "category_id": "1_894D0A8",
    "shop": "Woolworths",
    "weight": "100ML",
    "prices": [
      {
        "state": "NSW",
        "price": "1500",
        "price_per_unit": "429",
        "price_unit": "ML"
      },
      {
        "state": "VIC",
        "price": "1500",
        "price_per_unit": "429",
        "price_unit": "ML"
      },
      {
        "state": "QLD",
        "price": "1500",
        "price_per_unit": "429",
        "price_unit": "ML"
      },
      {
        "state": "WA",
        "price": "1500",
        "price_per_unit": "429",
        "price_unit": "ML"
      },
      {
        "state": "SA",
        "price": "1500",
        "price_per_unit": "429",
        "price_unit": "ML"
      },
      {
        "state": "TAS",
        "price": "1500",
        "price_per_unit": "429",
        "price_unit": "ML"
      },
      {
        "state": "ACT",
        "price": "1500",
        "price_per_unit": "429",
        "price_unit": "ML"
      },
      {
        "state": "NT",
        "price": "1600",
        "price_per_unit": "457",
        "price_unit": "ML"
      }
    ]
  },
  {
    "source_url": "https://www.woolworths.com.au/shop/productdetails/588292/head-shoulders-2-in-1-shampoo-conditioner-apple-fresh",
    "name": "Head & Shoulders 2-in-1 Shampoo & Conditioner Apple Fresh 750mL",
    "image_url": "https://cdn1.woolworths.media/content/wowproductimages/large/588292.jpg",
    "source_id": "Woolworths - 588292",
    "barcode": "4987176229700",
    "category_id": "1_894D0A8",
    "shop": "Woolworths",
    "weight": "100ML",
    "prices": [
      {
        "state": "NSW",
        "price": "2600",
        "price_per_unit": "347",
        "price_unit": "ML"
      },
      {
        "state": "VIC",
        "price": "2600",
        "price_per_unit": "347",
        "price_unit": "ML"
      },
      {
        "state": "QLD",
        "price": "2600",
        "price_per_unit": "347",
        "price_unit": "ML"
      },
      {
        "state": "WA",
        "price": "2600",
        "price_per_unit": "347",
        "price_unit": "ML"
      },
      {
        "state": "SA",
        "price": "2600",
        "price_per_unit": "347",
        "price_unit": "ML"
      },
      {
        "state": "TAS",
        "price": "2600",
        "price_per_unit": "347",
        "price_unit": "ML"
      },
      {
        "state": "ACT",
        "price": "2600",
        "price_per_unit": "347",
        "price_unit": "ML"
      },
      {
        "state": "NT",
        "price": "2730",
        "price_per_unit": "364",
        "price_unit": "ML"
      }
    ]
  },
  {
    "source_url": "https://www.woolworths.com.au/shop/productdetails/588533/head-shoulders-2-in-1-shampoo-conditioner-clean-balanced",
    "name": "Head & Shoulders 2-in-1 Shampoo & Conditioner Clean & Balanced 750mL",
    "image_url": "https://cdn1.woolworths.media/content/wowproductimages/large/588533.jpg",
    "source_id": "Woolworths - 588533",
    "barcode": "4987176229663",
    "category_id": "1_894D0A8",
    "shop": "Woolworths",
    "weight": "100ML",
    "prices": [
      {
        "state": "NSW",
        "price": "2600",
        "price_per_unit": "347",
        "price_unit": "ML"
      },
      {
        "state": "VIC",
        "price": "2600",
        "price_per_unit": "347",
        "price_unit": "ML"
      },
      {
        "state": "QLD",
        "price": "2600",
        "price_per_unit": "347",
        "price_unit": "ML"
      },
      {
        "state": "WA",
        "price": "2600",
        "price_per_unit": "347",
        "price_unit": "ML"
      },
      {
        "state": "SA",
        "price": "2600",
        "price_per_unit": "347",
        "price_unit": "ML"
      },
      {
        "state": "TAS",
        "price": "2600",
        "price_per_unit": "347",
        "price_unit": "ML"
      },
      {
        "state": "ACT",
        "price": "2600",
        "price_per_unit": "347",
        "price_unit": "ML"
      },
      {
        "state": "NT",
        "price": "2730",
        "price_per_unit": "364",
        "price_unit": "ML"
      }
    ]
  },
  {
    "source_url": "https://www.woolworths.com.au/shop/productdetails/583300/head-shoulders-2-in-1-shampoo-conditioner-men-sport-fresh",
    "name": "Head & Shoulders 2-in-1 Shampoo & Conditioner Men Sport Fresh 750mL",
    "image_url": "https://cdn1.woolworths.media/content/wowproductimages/large/583300.jpg",
    "source_id": "Woolworths - 583300",
    "barcode": "4987176229649",
    "category_id": "1_894D0A8",
    "shop": "Woolworths",
    "weight": "100ML",
    "prices": [
      {
        "state": "NSW",
        "price": "2600",
        "price_per_unit": "347",
        "price_unit": "ML"
      },
      {
        "state": "VIC",
        "price": "2600",
        "price_per_unit": "347",
        "price_unit": "ML"
      },
      {
        "state": "QLD",
        "price": "2600",
        "price_per_unit": "347",
        "price_unit": "ML"
      },
      {
        "state": "WA",
        "price": "2600",
        "price_per_unit": "347",
        "price_unit": "ML"
      },
      {
        "state": "SA",
        "price": "2600",
        "price_per_unit": "347",
        "price_unit": "ML"
      },
      {
        "state": "TAS",
        "price": "2600",
        "price_per_unit": "347",
        "price_unit": "ML"
      },
      {
        "state": "ACT",
        "price": "2600",
        "price_per_unit": "347",
        "price_unit": "ML"
      },
      {
        "state": "NT",
        "price": "2860",
        "price_per_unit": "381",
        "price_unit": "ML"
      }
    ]
  },
  {
    "source_url": "https://www.woolworths.com.au/shop/productdetails/588401/head-shoulders-2-in-1-shampoo-conditioner-smooth-silky",
    "name": "Head & Shoulders 2-in-1 Shampoo & Conditioner Smooth & Silky 750mL",
    "image_url": "https://cdn1.woolworths.media/content/wowproductimages/large/588401.jpg",
    "source_id": "Woolworths - 588401",
    "barcode": "4987176229694",
    "category_id": "1_894D0A8",
    "shop": "Woolworths",
    "weight": "100ML",
    "prices": [
      {
        "state": "NSW",
        "price": "2600",
        "price_per_unit": "347",
        "price_unit": "ML"
      },
      {
        "state": "VIC",
        "price": "2600",
        "price_per_unit": "347",
        "price_unit": "ML"
      },
      {
        "state": "QLD",
        "price": "2600",
        "price_per_unit": "347",
        "price_unit": "ML"
      },
      {
        "state": "WA",
        "price": "2600",
        "price_per_unit": "347",
        "price_unit": "ML"
      },
      {
        "state": "SA",
        "price": "2600",
        "price_per_unit": "347",
        "price_unit": "ML"
      },
      {
        "state": "TAS",
        "price": "2600",
        "price_per_unit": "347",
        "price_unit": "ML"
      },
      {
        "state": "ACT",
        "price": "2600",
        "price_per_unit": "347",
        "price_unit": "ML"
      },
      {
        "state": "NT",
        "price": "2730",
        "price_per_unit": "364",
        "price_unit": "ML"
      }
    ]
  },
  {
    "source_url": "https://www.woolworths.com.au/shop/productdetails/147684/head-shoulders-apple-fresh-anti-dandruff-shampoo",
    "name": "Head & Shoulders Apple Fresh Anti Dandruff Shampoo 400ml",
    "image_url": "https://cdn1.woolworths.media/content/wowproductimages/large/147684.jpg",
    "source_id": "Woolworths - 147684",
    "barcode": "4987176038555",
    "category_id": "1_894D0A8",
    "shop": "Woolworths",
    "weight": "100ML",
    "prices": [
      {
        "state": "NSW",
        "price": "1500",
        "price_per_unit": "375",
        "price_unit": "ML"
      },
      {
        "state": "VIC",
        "price": "1500",
        "price_per_unit": "375",
        "price_unit": "ML"
      },
      {
        "state": "QLD",
        "price": "1500",
        "price_per_unit": "375",
        "price_unit": "ML"
      },
      {
        "state": "WA",
        "price": "1500",
        "price_per_unit": "375",
        "price_unit": "ML"
      },
      {
        "state": "SA",
        "price": "1500",
        "price_per_unit": "375",
        "price_unit": "ML"
      },
      {
        "state": "TAS",
        "price": "1500",
        "price_per_unit": "375",
        "price_unit": "ML"
      },
      {
        "state": "ACT",
        "price": "1500",
        "price_per_unit": "375",
        "price_unit": "ML"
      },
      {
        "state": "NT",
        "price": "1600",
        "price_per_unit": "400",
        "price_unit": "ML"
      }
    ]
  },
  {
    "source_url": "https://www.woolworths.com.au/shop/productdetails/138426/head-shoulders-apple-fresh-anti-dandruff-shampoo",
    "name": "Head & Shoulders Apple Fresh Anti Dandruff Shampoo 660ml",
    "image_url": "https://cdn1.woolworths.media/content/wowproductimages/large/138426.jpg",
    "source_id": "Woolworths - 138426",
    "barcode": "4987176038593",
    "category_id": "1_894D0A8",
    "shop": "Woolworths",
    "weight": "100ML",
    "prices": [
      {
        "state": "NSW",
        "price": "2100",
        "price_per_unit": "318",
        "price_unit": "ML"
      },
      {
        "state": "VIC",
        "price": "2100",
        "price_per_unit": "318",
        "price_unit": "ML"
      },
      {
        "state": "QLD",
        "price": "2100",
        "price_per_unit": "318",
        "price_unit": "ML"
      },
      {
        "state": "WA",
        "price": "2100",
        "price_per_unit": "318",
        "price_unit": "ML"
      },
      {
        "state": "SA",
        "price": "2100",
        "price_per_unit": "318",
        "price_unit": "ML"
      },
      {
        "state": "TAS",
        "price": "2100",
        "price_per_unit": "318",
        "price_unit": "ML"
      },
      {
        "state": "ACT",
        "price": "2100",
        "price_per_unit": "318",
        "price_unit": "ML"
      },
      {
        "state": "NT",
        "price": "2300",
        "price_per_unit": "348",
        "price_unit": "ML"
      }
    ]
  },
  {
    "source_url": "https://www.woolworths.com.au/shop/productdetails/152329/head-shoulders-apple-fresh-conditioner",
    "name": "Head & Shoulders Apple Fresh Conditioner 400ml",
    "image_url": "https://cdn1.woolworths.media/content/wowproductimages/large/152329.jpg",
    "source_id": "Woolworths - 152329",
    "barcode": "4987176038470",
    "category_id": "1_894D0A8",
    "shop": "Woolworths",
    "weight": "100ML",
    "prices": [
      {
        "state": "NSW",
        "price": "1500",
        "price_per_unit": "375",
        "price_unit": "ML"
      },
      {
        "state": "VIC",
        "price": "1500",
        "price_per_unit": "375",
        "price_unit": "ML"
      },
      {
        "state": "QLD",
        "price": "1500",
        "price_per_unit": "375",
        "price_unit": "ML"
      },
      {
        "state": "WA",
        "price": "1500",
        "price_per_unit": "375",
        "price_unit": "ML"
      },
      {
        "state": "SA",
        "price": "1500",
        "price_per_unit": "375",
        "price_unit": "ML"
      },
      {
        "state": "TAS",
        "price": "1500",
        "price_per_unit": "375",
        "price_unit": "ML"
      },
      {
        "state": "ACT",
        "price": "1500",
        "price_per_unit": "375",
        "price_unit": "ML"
      },
      {
        "state": "NT",
        "price": "1600",
        "price_per_unit": "400",
        "price_unit": "ML"
      }
    ]
  },
  {
    "source_url": "https://www.woolworths.com.au/shop/productdetails/147667/head-shoulders-clean-balanced-2-in-1-dandruff-shampoo-conditioner",
    "name": "Head & Shoulders Clean & Balanced 2 In 1 Dandruff Shampoo & Conditioner 350ml",
    "image_url": "https://cdn1.woolworths.media/content/wowproductimages/large/147667.jpg",
    "source_id": "Woolworths - 147667",
    "barcode": "4987176038678",
    "category_id": "1_894D0A8",
    "shop": "Woolworths",
    "weight": "100ML",
    "prices": [
      {
        "state": "NSW",
        "price": "1500",
        "price_per_unit": "429",
        "price_unit": "ML"
      },
      {
        "state": "VIC",
        "price": "1500",
        "price_per_unit": "429",
        "price_unit": "ML"
      },
      {
        "state": "QLD",
        "price": "1500",
        "price_per_unit": "429",
        "price_unit": "ML"
      },
      {
        "state": "WA",
        "price": "1500",
        "price_per_unit": "429",
        "price_unit": "ML"
      },
      {
        "state": "SA",
        "price": "1500",
        "price_per_unit": "429",
        "price_unit": "ML"
      },
      {
        "state": "TAS",
        "price": "1500",
        "price_per_unit": "429",
        "price_unit": "ML"
      },
      {
        "state": "ACT",
        "price": "1500",
        "price_per_unit": "429",
        "price_unit": "ML"
      },
      {
        "state": "NT",
        "price": "1600",
        "price_per_unit": "457",
        "price_unit": "ML"
      }
    ]
  },
  {
    "source_url": "https://www.woolworths.com.au/shop/productdetails/147715/head-shoulders-clean-balanced-anti-dandruff-conditioner-for-clean-scalp",
    "name": "Head & Shoulders Clean & Balanced Anti Dandruff Conditioner For Clean Scalp 200ml",
    "image_url": "https://cdn1.woolworths.media/content/wowproductimages/large/147715.jpg",
    "source_id": "Woolworths - 147715",
    "barcode": "4987176038418",
    "category_id": "1_894D0A8",
    "shop": "Woolworths",
    "weight": "100ML",
    "prices": [
      {
        "state": "NSW",
        "price": "500",
        "price_per_unit": "250",
        "price_unit": "ML"
      },
      {
        "state": "VIC",
        "price": "500",
        "price_per_unit": "250",
        "price_unit": "ML"
      },
      {
        "state": "QLD",
        "price": "500",
        "price_per_unit": "250",
        "price_unit": "ML"
      },
      {
        "state": "WA",
        "price": "500",
        "price_per_unit": "250",
        "price_unit": "ML"
      },
      {
        "state": "SA",
        "price": "500",
        "price_per_unit": "250",
        "price_unit": "ML"
      },
      {
        "state": "TAS",
        "price": "500",
        "price_per_unit": "250",
        "price_unit": "ML"
      },
      {
        "state": "ACT",
        "price": "500",
        "price_per_unit": "250",
        "price_unit": "ML"
      },
      {
        "state": "NT",
        "price": "500",
        "price_per_unit": "250",
        "price_unit": "ML"
      }
    ]
  },
  {
    "source_url": "https://www.woolworths.com.au/shop/productdetails/138402/head-shoulders-clean-balanced-anti-dandruff-conditioner-for-clean-scalp",
    "name": "Head & Shoulders Clean & Balanced Anti Dandruff Conditioner For Clean Scalp 400ml",
    "image_url": "https://cdn1.woolworths.media/content/wowproductimages/large/138402.jpg",
    "source_id": "Woolworths - 138402",
    "barcode": "4987176038449",
    "category_id": "1_894D0A8",
    "shop": "Woolworths",
    "weight": "100ML",
    "prices": [
      {
        "state": "NSW",
        "price": "1500",
        "price_per_unit": "375",
        "price_unit": "ML"
      },
      {
        "state": "VIC",
        "price": "1500",
        "price_per_unit": "375",
        "price_unit": "ML"
      },
      {
        "state": "QLD",
        "price": "1500",
        "price_per_unit": "375",
        "price_unit": "ML"
      },
      {
        "state": "WA",
        "price": "1500",
        "price_per_unit": "375",
        "price_unit": "ML"
      },
      {
        "state": "SA",
        "price": "1500",
        "price_per_unit": "375",
        "price_unit": "ML"
      },
      {
        "state": "TAS",
        "price": "1500",
        "price_per_unit": "375",
        "price_unit": "ML"
      },
      {
        "state": "ACT",
        "price": "1500",
        "price_per_unit": "375",
        "price_unit": "ML"
      },
      {
        "state": "NT",
        "price": "1600",
        "price_per_unit": "400",
        "price_unit": "ML"
      }
    ]
  },
  {
    "source_url": "https://www.woolworths.com.au/shop/productdetails/153217/head-shoulders-clean-balanced-anti-dandruff-conditioner-for-clean-scalp",
    "name": "Head & Shoulders Clean & Balanced Anti Dandruff Conditioner For Clean Scalp 660ml",
    "image_url": "https://cdn1.woolworths.media/content/wowproductimages/large/153217.jpg",
    "source_id": "Woolworths - 153217",
    "barcode": "4987176038432",
    "category_id": "1_894D0A8",
    "shop": "Woolworths",
    "weight": "100ML",
    "prices": [
      {
        "state": "NSW",
        "price": "2100",
        "price_per_unit": "318",
        "price_unit": "ML"
      },
      {
        "state": "VIC",
        "price": "2100",
        "price_per_unit": "318",
        "price_unit": "ML"
      },
      {
        "state": "QLD",
        "price": "2100",
        "price_per_unit": "318",
        "price_unit": "ML"
      },
      {
        "state": "WA",
        "price": "2100",
        "price_per_unit": "318",
        "price_unit": "ML"
      },
      {
        "state": "SA",
        "price": "2100",
        "price_per_unit": "318",
        "price_unit": "ML"
      },
      {
        "state": "TAS",
        "price": "2100",
        "price_per_unit": "318",
        "price_unit": "ML"
      },
      {
        "state": "ACT",
        "price": "2100",
        "price_per_unit": "318",
        "price_unit": "ML"
      },
      {
        "state": "NT",
        "price": "2300",
        "price_per_unit": "348",
        "price_unit": "ML"
      }
    ]
  },
  {
    "source_url": "https://www.woolworths.com.au/shop/productdetails/147576/head-shoulders-clean-balanced-anti-dandruff-shampoo-for-clean-scalp",
    "name": "Head & Shoulders Clean & Balanced Anti Dandruff Shampoo  For Clean Scalp 200ml",
    "image_url": "https://cdn1.woolworths.media/content/wowproductimages/large/147576.jpg",
    "source_id": "Woolworths - 147576",
    "barcode": "4987176038494",
    "category_id": "1_894D0A8",
    "shop": "Woolworths",
    "weight": "100ML",
    "prices": [
      {
        "state": "NSW",
        "price": "500",
        "price_per_unit": "250",
        "price_unit": "ML"
      },
      {
        "state": "VIC",
        "price": "500",
        "price_per_unit": "250",
        "price_unit": "ML"
      },
      {
        "state": "QLD",
        "price": "500",
        "price_per_unit": "250",
        "price_unit": "ML"
      },
      {
        "state": "WA",
        "price": "500",
        "price_per_unit": "250",
        "price_unit": "ML"
      },
      {
        "state": "SA",
        "price": "500",
        "price_per_unit": "250",
        "price_unit": "ML"
      },
      {
        "state": "TAS",
        "price": "500",
        "price_per_unit": "250",
        "price_unit": "ML"
      },
      {
        "state": "ACT",
        "price": "500",
        "price_per_unit": "250",
        "price_unit": "ML"
      },
      {
        "state": "NT",
        "price": "500",
        "price_per_unit": "250",
        "price_unit": "ML"
      }
    ]
  },
  {
    "source_url": "https://www.woolworths.com.au/shop/productdetails/137971/head-shoulders-clean-balanced-anti-dandruff-shampoo-for-clean-scalp",
    "name": "Head & Shoulders Clean & Balanced Anti Dandruff Shampoo For Clean Scalp 400ml",
    "image_url": "https://cdn1.woolworths.media/content/wowproductimages/large/137971.jpg",
    "source_id": "Woolworths - 137971",
    "barcode": "4987176038609",
    "category_id": "1_894D0A8",
    "shop": "Woolworths",
    "weight": "100ML",
    "prices": [
      {
        "state": "NSW",
        "price": "1500",
        "price_per_unit": "375",
        "price_unit": "ML"
      },
      {
        "state": "VIC",
        "price": "1500",
        "price_per_unit": "375",
        "price_unit": "ML"
      },
      {
        "state": "QLD",
        "price": "1500",
        "price_per_unit": "375",
        "price_unit": "ML"
      },
      {
        "state": "WA",
        "price": "1500",
        "price_per_unit": "375",
        "price_unit": "ML"
      },
      {
        "state": "SA",
        "price": "1500",
        "price_per_unit": "375",
        "price_unit": "ML"
      },
      {
        "state": "TAS",
        "price": "1500",
        "price_per_unit": "375",
        "price_unit": "ML"
      },
      {
        "state": "ACT",
        "price": "1500",
        "price_per_unit": "375",
        "price_unit": "ML"
      },
      {
        "state": "NT",
        "price": "1600",
        "price_per_unit": "400",
        "price_unit": "ML"
      }
    ]
  },
  {
    "source_url": "https://www.woolworths.com.au/shop/productdetails/138419/head-shoulders-clean-balanced-anti-dandruff-shampoo-for-clean-scalp",
    "name": "Head & Shoulders Clean & Balanced Anti Dandruff Shampoo For Clean Scalp 660ml",
    "image_url": "https://cdn1.woolworths.media/content/wowproductimages/large/138419.jpg",
    "source_id": "Woolworths - 138419",
    "barcode": "4987176038616",
    "category_id": "1_894D0A8",
    "shop": "Woolworths",
    "weight": "100ML",
    "prices": [
      {
        "state": "NSW",
        "price": "2100",
        "price_per_unit": "318",
        "price_unit": "ML"
      },
      {
        "state": "VIC",
        "price": "2100",
        "price_per_unit": "318",
        "price_unit": "ML"
      },
      {
        "state": "QLD",
        "price": "2100",
        "price_per_unit": "318",
        "price_unit": "ML"
      },
      {
        "state": "WA",
        "price": "2100",
        "price_per_unit": "318",
        "price_unit": "ML"
      },
      {
        "state": "SA",
        "price": "2100",
        "price_per_unit": "318",
        "price_unit": "ML"
      },
      {
        "state": "TAS",
        "price": "2100",
        "price_per_unit": "318",
        "price_unit": "ML"
      },
      {
        "state": "ACT",
        "price": "2100",
        "price_per_unit": "318",
        "price_unit": "ML"
      },
      {
        "state": "NT",
        "price": "2300",
        "price_per_unit": "348",
        "price_unit": "ML"
      }
    ]
  },
  {
    "source_url": "https://www.woolworths.com.au/shop/productdetails/265598/head-shoulders-clean-balanced-conditioner",
    "name": "Head & Shoulders Clean & Balanced Conditioner 850ml",
    "image_url": "https://cdn1.woolworths.media/content/wowproductimages/large/265598.jpg",
    "source_id": "Woolworths - 265598",
    "barcode": "4987176174543",
    "category_id": "1_894D0A8",
    "shop": "Woolworths",
    "weight": "100ML",
    "prices": [
      {
        "state": "NSW",
        "price": "2600",
        "price_per_unit": "306",
        "price_unit": "ML"
      },
      {
        "state": "VIC",
        "price": "2600",
        "price_per_unit": "306",
        "price_unit": "ML"
      },
      {
        "state": "QLD",
        "price": "2600",
        "price_per_unit": "306",
        "price_unit": "ML"
      },
      {
        "state": "SA",
        "price": "2600",
        "price_per_unit": "306",
        "price_unit": "ML"
      },
      {
        "state": "TAS",
        "price": "2600",
        "price_per_unit": "306",
        "price_unit": "ML"
      },
      {
        "state": "ACT",
        "price": "2600",
        "price_per_unit": "306",
        "price_unit": "ML"
      },
      {
        "state": "NT",
        "price": "2860",
        "price_per_unit": "336",
        "price_unit": "ML"
      }
    ]
  },
  {
    "source_url": "https://www.woolworths.com.au/shop/productdetails/265925/head-shoulders-clean-balanced-refill-2-in-1",
    "name": "Head & Shoulders Clean & Balanced Refill 2 In 1 1.1L",
    "image_url": "https://cdn1.woolworths.media/content/wowproductimages/large/265925.jpg",
    "source_id": "Woolworths - 265925",
    "barcode": "4987176170170",
    "category_id": "1_894D0A8",
    "shop": "Woolworths",
    "weight": "100ML",
    "prices": [
      {
        "state": "NSW",
        "price": "3200",
        "price_per_unit": "291",
        "price_unit": "ML"
      },
      {
        "state": "VIC",
        "price": "3200",
        "price_per_unit": "291",
        "price_unit": "ML"
      },
      {
        "state": "QLD",
        "price": "3200",
        "price_per_unit": "291",
        "price_unit": "ML"
      },
      {
        "state": "WA",
        "price": "3200",
        "price_per_unit": "291",
        "price_unit": "ML"
      },
      {
        "state": "SA",
        "price": "3200",
        "price_per_unit": "291",
        "price_unit": "ML"
      },
      {
        "state": "TAS",
        "price": "3200",
        "price_per_unit": "291",
        "price_unit": "ML"
      },
      {
        "state": "ACT",
        "price": "3200",
        "price_per_unit": "291",
        "price_unit": "ML"
      },
      {
        "state": "NT",
        "price": "3520",
        "price_per_unit": "320",
        "price_unit": "ML"
      }
    ]
  },
  {
    "source_url": "https://www.woolworths.com.au/shop/productdetails/265924/head-shoulders-clean-balanced-refill-shampoo",
    "name": "Head & Shoulders Clean & Balanced Refill Shampoo 1.1l",
    "image_url": "https://cdn1.woolworths.media/content/wowproductimages/large/265924.jpg",
    "source_id": "Woolworths - 265924",
    "barcode": "4987176170187",
    "category_id": "1_894D0A8",
    "shop": "Woolworths",
    "weight": "100ML",
    "prices": [
      {
        "state": "NSW",
        "price": "3200",
        "price_per_unit": "291",
        "price_unit": "ML"
      },
      {
        "state": "VIC",
        "price": "3200",
        "price_per_unit": "291",
        "price_unit": "ML"
      },
      {
        "state": "QLD",
        "price": "3200",
        "price_per_unit": "291",
        "price_unit": "ML"
      },
      {
        "state": "WA",
        "price": "3200",
        "price_per_unit": "291",
        "price_unit": "ML"
      },
      {
        "state": "SA",
        "price": "3200",
        "price_per_unit": "291",
        "price_unit": "ML"
      },
      {
        "state": "TAS",
        "price": "3200",
        "price_per_unit": "291",
        "price_unit": "ML"
      },
      {
        "state": "ACT",
        "price": "3200",
        "price_per_unit": "291",
        "price_unit": "ML"
      },
      {
        "state": "NT",
        "price": "3520",
        "price_per_unit": "320",
        "price_unit": "ML"
      }
    ]
  },
  {
    "source_url": "https://www.woolworths.com.au/shop/productdetails/665565/head-shoulders-clean-balanced-shampoo",
    "name": "Head & Shoulders Clean & Balanced Shampoo 80ml",
    "image_url": "https://cdn1.woolworths.media/content/wowproductimages/large/665565.jpg",
    "source_id": "Woolworths - 665565",
    "barcode": "4902430752404",
    "category_id": "1_894D0A8",
    "shop": "Woolworths",
    "weight": "100ML",
    "prices": [
      {
        "state": "NSW",
        "price": "300",
        "price_per_unit": "375",
        "price_unit": "ML"
      },
      {
        "state": "ACT",
        "price": "300",
        "price_per_unit": "375",
        "price_unit": "ML"
      },
      {
        "state": "NT",
        "price": "300",
        "price_per_unit": "375",
        "price_unit": "ML"
      }
    ]
  },
  {
    "source_url": "https://www.woolworths.com.au/shop/productdetails/265070/head-shoulders-clean-balanced-shampoo",
    "name": "Head & Shoulders Clean & Balanced Shampoo 850ml",
    "image_url": "https://cdn1.woolworths.media/content/wowproductimages/large/265070.jpg",
    "source_id": "Woolworths - 265070",
    "barcode": "4987176174567",
    "category_id": "1_894D0A8",
    "shop": "Woolworths",
    "weight": "100ML",
    "prices": [
      {
        "state": "NSW",
        "price": "2600",
        "price_per_unit": "306",
        "price_unit": "ML"
      },
      {
        "state": "VIC",
        "price": "2600",
        "price_per_unit": "306",
        "price_unit": "ML"
      },
      {
        "state": "QLD",
        "price": "2600",
        "price_per_unit": "306",
        "price_unit": "ML"
      },
      {
        "state": "WA",
        "price": "2600",
        "price_per_unit": "306",
        "price_unit": "ML"
      },
      {
        "state": "SA",
        "price": "2600",
        "price_per_unit": "306",
        "price_unit": "ML"
      },
      {
        "state": "TAS",
        "price": "2600",
        "price_per_unit": "306",
        "price_unit": "ML"
      },
      {
        "state": "ACT",
        "price": "2600",
        "price_per_unit": "306",
        "price_unit": "ML"
      },
      {
        "state": "NT",
        "price": "2860",
        "price_per_unit": "336",
        "price_unit": "ML"
      }
    ]
  },
  {
    "source_url": "https://www.woolworths.com.au/shop/productdetails/138427/head-shoulders-cool-menthol-anti-dandruff-shampoo-for-irritated-scalp",
    "name": "Head & Shoulders Cool Menthol Anti Dandruff Shampoo For Irritated Scalp 660ml",
    "image_url": "https://cdn1.woolworths.media/content/wowproductimages/large/138427.jpg",
    "source_id": "Woolworths - 138427",
    "barcode": "4987176038579",
    "category_id": "1_894D0A8",
    "shop": "Woolworths",
    "weight": "100ML",
    "prices": [
      {
        "state": "NSW",
        "price": "2100",
        "price_per_unit": "318",
        "price_unit": "ML"
      },
      {
        "state": "VIC",
        "price": "2100",
        "price_per_unit": "318",
        "price_unit": "ML"
      },
      {
        "state": "QLD",
        "price": "2100",
        "price_per_unit": "318",
        "price_unit": "ML"
      },
      {
        "state": "WA",
        "price": "2100",
        "price_per_unit": "318",
        "price_unit": "ML"
      },
      {
        "state": "SA",
        "price": "2100",
        "price_per_unit": "318",
        "price_unit": "ML"
      },
      {
        "state": "TAS",
        "price": "2100",
        "price_per_unit": "318",
        "price_unit": "ML"
      },
      {
        "state": "ACT",
        "price": "2100",
        "price_per_unit": "318",
        "price_unit": "ML"
      },
      {
        "state": "NT",
        "price": "2300",
        "price_per_unit": "348",
        "price_unit": "ML"
      }
    ]
  },
  {
    "source_url": "https://www.woolworths.com.au/shop/productdetails/138412/head-shoulders-cool-menthol-anti-dandruff-shampoo-for-itchy-scalp",
    "name": "Head & Shoulders Cool Menthol Anti Dandruff Shampoo For Itchy Scalp 400ml",
    "image_url": "https://cdn1.woolworths.media/content/wowproductimages/large/138412.jpg",
    "source_id": "Woolworths - 138412",
    "barcode": "4987176038524",
    "category_id": "1_894D0A8",
    "shop": "Woolworths",
    "weight": "100ML",
    "prices": [
      {
        "state": "NSW",
        "price": "1500",
        "price_per_unit": "375",
        "price_unit": "ML"
      },
      {
        "state": "VIC",
        "price": "1500",
        "price_per_unit": "375",
        "price_unit": "ML"
      },
      {
        "state": "QLD",
        "price": "1500",
        "price_per_unit": "375",
        "price_unit": "ML"
      },
      {
        "state": "WA",
        "price": "1500",
        "price_per_unit": "375",
        "price_unit": "ML"
      },
      {
        "state": "SA",
        "price": "1500",
        "price_per_unit": "375",
        "price_unit": "ML"
      },
      {
        "state": "TAS",
        "price": "1500",
        "price_per_unit": "375",
        "price_unit": "ML"
      },
      {
        "state": "ACT",
        "price": "1500",
        "price_per_unit": "375",
        "price_unit": "ML"
      },
      {
        "state": "NT",
        "price": "1600",
        "price_per_unit": "400",
        "price_unit": "ML"
      }
    ]
  },
  {
    "source_url": "https://www.woolworths.com.au/shop/productdetails/138409/head-shoulders-dry-scalp-care-anti-dandruff-conditioner-for-dry-scalp",
    "name": "Head & Shoulders Dry Scalp Care Anti Dandruff Conditioner For Dry Scalp 400ml",
    "image_url": "https://cdn1.woolworths.media/content/wowproductimages/large/138409.jpg",
    "source_id": "Woolworths - 138409",
    "barcode": "4987176038401",
    "category_id": "1_894D0A8",
    "shop": "Woolworths",
    "weight": "100ML",
    "prices": [
      {
        "state": "NSW",
        "price": "1500",
        "price_per_unit": "375",
        "price_unit": "ML"
      },
      {
        "state": "VIC",
        "price": "1500",
        "price_per_unit": "375",
        "price_unit": "ML"
      },
      {
        "state": "QLD",
        "price": "1500",
        "price_per_unit": "375",
        "price_unit": "ML"
      },
      {
        "state": "WA",
        "price": "1500",
        "price_per_unit": "375",
        "price_unit": "ML"
      },
      {
        "state": "SA",
        "price": "1500",
        "price_per_unit": "375",
        "price_unit": "ML"
      },
      {
        "state": "TAS",
        "price": "1500",
        "price_per_unit": "375",
        "price_unit": "ML"
      },
      {
        "state": "ACT",
        "price": "1500",
        "price_per_unit": "375",
        "price_unit": "ML"
      },
      {
        "state": "NT",
        "price": "1600",
        "price_per_unit": "400",
        "price_unit": "ML"
      }
    ]
  },
  {
    "source_url": "https://www.woolworths.com.au/shop/productdetails/138408/head-shoulders-dry-scalp-care-anti-dandruff-shampoo",
    "name": "Head & Shoulders Dry Scalp Care Anti Dandruff Shampoo 400ml",
    "image_url": "https://cdn1.woolworths.media/content/wowproductimages/large/138408.jpg",
    "source_id": "Woolworths - 138408",
    "barcode": "4987176038630",
    "category_id": "1_894D0A8",
    "shop": "Woolworths",
    "weight": "100ML",
    "prices": [
      {
        "state": "NSW",
        "price": "1500",
        "price_per_unit": "375",
        "price_unit": "ML"
      },
      {
        "state": "VIC",
        "price": "1500",
        "price_per_unit": "375",
        "price_unit": "ML"
      },
      {
        "state": "QLD",
        "price": "1500",
        "price_per_unit": "375",
        "price_unit": "ML"
      },
      {
        "state": "WA",
        "price": "1500",
        "price_per_unit": "375",
        "price_unit": "ML"
      },
      {
        "state": "SA",
        "price": "1500",
        "price_per_unit": "375",
        "price_unit": "ML"
      },
      {
        "state": "TAS",
        "price": "1500",
        "price_per_unit": "375",
        "price_unit": "ML"
      },
      {
        "state": "ACT",
        "price": "1500",
        "price_per_unit": "375",
        "price_unit": "ML"
      },
      {
        "state": "NT",
        "price": "1600",
        "price_per_unit": "400",
        "price_unit": "ML"
      }
    ]
  },
  {
    "source_url": "https://www.woolworths.com.au/shop/productdetails/583454/head-shoulders-dry-scalp-care-anti-dandruff-shampoo",
    "name": "Head & Shoulders Dry Scalp Care Anti Dandruff Shampoo 850mL",
    "image_url": "https://cdn1.woolworths.media/content/wowproductimages/large/583454.jpg",
    "source_id": "Woolworths - 583454",
    "barcode": "4987176229748",
    "category_id": "1_894D0A8",
    "shop": "Woolworths",
    "weight": "100ML",
    "prices": [
      {
        "state": "NSW",
        "price": "2600",
        "price_per_unit": "306",
        "price_unit": "ML"
      },
      {
        "state": "VIC",
        "price": "2600",
        "price_per_unit": "306",
        "price_unit": "ML"
      },
      {
        "state": "QLD",
        "price": "2600",
        "price_per_unit": "306",
        "price_unit": "ML"
      },
      {
        "state": "WA",
        "price": "2600",
        "price_per_unit": "306",
        "price_unit": "ML"
      },
      {
        "state": "SA",
        "price": "2600",
        "price_per_unit": "306",
        "price_unit": "ML"
      },
      {
        "state": "TAS",
        "price": "2600",
        "price_per_unit": "306",
        "price_unit": "ML"
      },
      {
        "state": "ACT",
        "price": "2600",
        "price_per_unit": "306",
        "price_unit": "ML"
      },
      {
        "state": "NT",
        "price": "2860",
        "price_per_unit": "336",
        "price_unit": "ML"
      }
    ]
  },
  {
    "source_url": "https://www.woolworths.com.au/shop/productdetails/147538/head-shoulders-dry-scalp-care-anti-dandruff-shampoo-for-dry-scalp",
    "name": "Head & Shoulders Dry Scalp Care Anti Dandruff Shampoo For Dry Scalp 200ml",
    "image_url": "https://cdn1.woolworths.media/content/wowproductimages/large/147538.jpg",
    "source_id": "Woolworths - 147538",
    "barcode": "4987176038371",
    "category_id": "1_894D0A8",
    "shop": "Woolworths",
    "weight": "100ML",
    "prices": [
      {
        "state": "NSW",
        "price": "500",
        "price_per_unit": "250",
        "price_unit": "ML"
      },
      {
        "state": "VIC",
        "price": "500",
        "price_per_unit": "250",
        "price_unit": "ML"
      },
      {
        "state": "QLD",
        "price": "500",
        "price_per_unit": "250",
        "price_unit": "ML"
      },
      {
        "state": "WA",
        "price": "500",
        "price_per_unit": "250",
        "price_unit": "ML"
      },
      {
        "state": "SA",
        "price": "500",
        "price_per_unit": "250",
        "price_unit": "ML"
      },
      {
        "state": "TAS",
        "price": "500",
        "price_per_unit": "250",
        "price_unit": "ML"
      },
      {
        "state": "ACT",
        "price": "500",
        "price_per_unit": "250",
        "price_unit": "ML"
      },
      {
        "state": "NT",
        "price": "500",
        "price_per_unit": "250",
        "price_unit": "ML"
      }
    ]
  },
  {
    "source_url": "https://www.woolworths.com.au/shop/productdetails/138425/head-shoulders-dry-scalp-care-anti-dandruff-shampoo-for-dry-scalp",
    "name": "Head & Shoulders Dry Scalp Care Anti Dandruff Shampoo For Dry Scalp 660ml",
    "image_url": "https://cdn1.woolworths.media/content/wowproductimages/large/138425.jpg",
    "source_id": "Woolworths - 138425",
    "barcode": "4987176038654",
    "category_id": "1_894D0A8",
    "shop": "Woolworths",
    "weight": "100ML",
    "prices": [
      {
        "state": "NSW",
        "price": "2100",
        "price_per_unit": "318",
        "price_unit": "ML"
      },
      {
        "state": "VIC",
        "price": "2100",
        "price_per_unit": "318",
        "price_unit": "ML"
      },
      {
        "state": "QLD",
        "price": "2100",
        "price_per_unit": "318",
        "price_unit": "ML"
      },
      {
        "state": "WA",
        "price": "2100",
        "price_per_unit": "318",
        "price_unit": "ML"
      },
      {
        "state": "SA",
        "price": "2100",
        "price_per_unit": "318",
        "price_unit": "ML"
      },
      {
        "state": "TAS",
        "price": "2100",
        "price_per_unit": "318",
        "price_unit": "ML"
      },
      {
        "state": "ACT",
        "price": "2100",
        "price_per_unit": "318",
        "price_unit": "ML"
      },
      {
        "state": "NT",
        "price": "2300",
        "price_per_unit": "348",
        "price_unit": "ML"
      }
    ]
  },
  {
    "source_url": "https://www.woolworths.com.au/shop/productdetails/268632/head-shoulders-dry-scalp-care-conditioner",
    "name": "Head & Shoulders Dry Scalp Care Conditioner 660ml",
    "image_url": "https://cdn1.woolworths.media/content/wowproductimages/large/268632.jpg",
    "source_id": "Woolworths - 268632",
    "barcode": "4987176161215",
    "category_id": "1_894D0A8",
    "shop": "Woolworths",
    "weight": "100ML",
    "prices": [
      {
        "state": "NSW",
        "price": "2100",
        "price_per_unit": "318",
        "price_unit": "ML"
      },
      {
        "state": "VIC",
        "price": "2100",
        "price_per_unit": "318",
        "price_unit": "ML"
      },
      {
        "state": "QLD",
        "price": "2100",
        "price_per_unit": "318",
        "price_unit": "ML"
      },
      {
        "state": "WA",
        "price": "2100",
        "price_per_unit": "318",
        "price_unit": "ML"
      },
      {
        "state": "SA",
        "price": "2100",
        "price_per_unit": "318",
        "price_unit": "ML"
      },
      {
        "state": "TAS",
        "price": "2100",
        "price_per_unit": "318",
        "price_unit": "ML"
      },
      {
        "state": "ACT",
        "price": "2100",
        "price_per_unit": "318",
        "price_unit": "ML"
      },
      {
        "state": "NT",
        "price": "2300",
        "price_per_unit": "348",
        "price_unit": "ML"
      }
    ]
  },
  {
    "source_url": "https://www.woolworths.com.au/shop/productdetails/143789/head-shoulders-itchy-scalp-2-in-1-anti-dandruff-shampoo-conditioner",
    "name": "Head & Shoulders Itchy Scalp 2 In 1 Anti Dandruff Shampoo & Conditioner 350ml",
    "image_url": "https://cdn1.woolworths.media/content/wowproductimages/large/143789.jpg",
    "source_id": "Woolworths - 143789",
    "barcode": "4987176038661",
    "category_id": "1_894D0A8",
    "shop": "Woolworths",
    "weight": "100ML",
    "prices": [
      {
        "state": "NSW",
        "price": "1500",
        "price_per_unit": "429",
        "price_unit": "ML"
      },
      {
        "state": "VIC",
        "price": "1500",
        "price_per_unit": "429",
        "price_unit": "ML"
      },
      {
        "state": "QLD",
        "price": "1500",
        "price_per_unit": "429",
        "price_unit": "ML"
      },
      {
        "state": "WA",
        "price": "1500",
        "price_per_unit": "429",
        "price_unit": "ML"
      },
      {
        "state": "SA",
        "price": "1500",
        "price_per_unit": "429",
        "price_unit": "ML"
      },
      {
        "state": "TAS",
        "price": "1500",
        "price_per_unit": "429",
        "price_unit": "ML"
      },
      {
        "state": "ACT",
        "price": "1500",
        "price_per_unit": "429",
        "price_unit": "ML"
      },
      {
        "state": "NT",
        "price": "1600",
        "price_per_unit": "457",
        "price_unit": "ML"
      }
    ]
  },
  {
    "source_url": "https://www.woolworths.com.au/shop/productdetails/588855/head-shoulders-itchy-scalp-care-anti-dandruff-shampoo",
    "name": "Head & Shoulders Itchy Scalp Care Anti Dandruff Shampoo 850mL",
    "image_url": "https://cdn1.woolworths.media/content/wowproductimages/large/588855.jpg",
    "source_id": "Woolworths - 588855",
    "barcode": "4987176229731",
    "category_id": "1_894D0A8",
    "shop": "Woolworths",
    "weight": "100ML",
    "prices": [
      {
        "state": "NSW",
        "price": "2600",
        "price_per_unit": "306",
        "price_unit": "ML"
      },
      {
        "state": "VIC",
        "price": "2600",
        "price_per_unit": "306",
        "price_unit": "ML"
      },
      {
        "state": "QLD",
        "price": "2600",
        "price_per_unit": "306",
        "price_unit": "ML"
      },
      {
        "state": "WA",
        "price": "2600",
        "price_per_unit": "306",
        "price_unit": "ML"
      },
      {
        "state": "SA",
        "price": "2600",
        "price_per_unit": "306",
        "price_unit": "ML"
      },
      {
        "state": "TAS",
        "price": "2600",
        "price_per_unit": "306",
        "price_unit": "ML"
      },
      {
        "state": "ACT",
        "price": "2600",
        "price_per_unit": "306",
        "price_unit": "ML"
      },
      {
        "state": "NT",
        "price": "2860",
        "price_per_unit": "336",
        "price_unit": "ML"
      }
    ]
  },
  {
    "source_url": "https://www.woolworths.com.au/shop/productdetails/147736/head-shoulders-itchy-scalp-care-anti-dandruff-shampoo-for-itchy-scalp",
    "name": "Head & Shoulders Itchy Scalp Care Anti Dandruff Shampoo For Itchy Scalp 400ml",
    "image_url": "https://cdn1.woolworths.media/content/wowproductimages/large/147736.jpg",
    "source_id": "Woolworths - 147736",
    "barcode": "4987176038500",
    "category_id": "1_894D0A8",
    "shop": "Woolworths",
    "weight": "100ML",
    "prices": [
      {
        "state": "NSW",
        "price": "1500",
        "price_per_unit": "375",
        "price_unit": "ML"
      },
      {
        "state": "VIC",
        "price": "1500",
        "price_per_unit": "375",
        "price_unit": "ML"
      },
      {
        "state": "QLD",
        "price": "1500",
        "price_per_unit": "375",
        "price_unit": "ML"
      },
      {
        "state": "WA",
        "price": "1500",
        "price_per_unit": "375",
        "price_unit": "ML"
      },
      {
        "state": "SA",
        "price": "1500",
        "price_per_unit": "375",
        "price_unit": "ML"
      },
      {
        "state": "TAS",
        "price": "1500",
        "price_per_unit": "375",
        "price_unit": "ML"
      },
      {
        "state": "ACT",
        "price": "1500",
        "price_per_unit": "375",
        "price_unit": "ML"
      },
      {
        "state": "NT",
        "price": "1600",
        "price_per_unit": "400",
        "price_unit": "ML"
      }
    ]
  },
  {
    "source_url": "https://www.woolworths.com.au/shop/productdetails/138421/head-shoulders-itchy-scalp-care-anti-dandruff-shampoo-for-itchy-scalp",
    "name": "Head & Shoulders Itchy Scalp Care Anti Dandruff Shampoo For Itchy Scalp 660ml",
    "image_url": "https://cdn1.woolworths.media/content/wowproductimages/large/138421.jpg",
    "source_id": "Woolworths - 138421",
    "barcode": "4987176038531",
    "category_id": "1_894D0A8",
    "shop": "Woolworths",
    "weight": "100ML",
    "prices": [
      {
        "state": "NSW",
        "price": "2100",
        "price_per_unit": "318",
        "price_unit": "ML"
      },
      {
        "state": "VIC",
        "price": "2100",
        "price_per_unit": "318",
        "price_unit": "ML"
      },
      {
        "state": "QLD",
        "price": "2100",
        "price_per_unit": "318",
        "price_unit": "ML"
      },
      {
        "state": "WA",
        "price": "2100",
        "price_per_unit": "318",
        "price_unit": "ML"
      },
      {
        "state": "SA",
        "price": "2100",
        "price_per_unit": "318",
        "price_unit": "ML"
      },
      {
        "state": "TAS",
        "price": "2100",
        "price_per_unit": "318",
        "price_unit": "ML"
      },
      {
        "state": "ACT",
        "price": "2100",
        "price_per_unit": "318",
        "price_unit": "ML"
      },
      {
        "state": "NT",
        "price": "2300",
        "price_per_unit": "348",
        "price_unit": "ML"
      }
    ]
  },
  {
    "source_url": "https://www.woolworths.com.au/shop/productdetails/147388/head-shoulders-oil-control-2-in-1-anti-dandruff-shampoo-conditioner",
    "name": "Head & Shoulders Oil Control 2 In 1 Anti Dandruff Shampoo & Conditioner 350ml",
    "image_url": "https://cdn1.woolworths.media/content/wowproductimages/large/147388.jpg",
    "source_id": "Woolworths - 147388",
    "barcode": "4987176038623",
    "category_id": "1_894D0A8",
    "shop": "Woolworths",
    "weight": "100ML",
    "prices": [
      {
        "state": "NSW",
        "price": "1500",
        "price_per_unit": "429",
        "price_unit": "ML"
      },
      {
        "state": "VIC",
        "price": "1500",
        "price_per_unit": "429",
        "price_unit": "ML"
      },
      {
        "state": "WA",
        "price": "1500",
        "price_per_unit": "429",
        "price_unit": "ML"
      },
      {
        "state": "SA",
        "price": "1500",
        "price_per_unit": "429",
        "price_unit": "ML"
      },
      {
        "state": "TAS",
        "price": "1500",
        "price_per_unit": "429",
        "price_unit": "ML"
      },
      {
        "state": "ACT",
        "price": "1500",
        "price_per_unit": "429",
        "price_unit": "ML"
      },
      {
        "state": "NT",
        "price": "1600",
        "price_per_unit": "457",
        "price_unit": "ML"
      }
    ]
  },
  {
    "source_url": "https://www.woolworths.com.au/shop/productdetails/579142/head-shoulders-professional-leave-in-spray",
    "name": "Head & Shoulders Professional Leave-In Spray 100mL",
    "image_url": "https://cdn1.woolworths.media/content/wowproductimages/large/579142.jpg",
    "source_id": "Woolworths - 579142",
    "barcode": "4987176074942",
    "category_id": "1_894D0A8",
    "shop": "Woolworths",
    "weight": "100ML",
    "prices": [
      {
        "state": "NSW",
        "price": "2000",
        "price_per_unit": "2000",
        "price_unit": "ML"
      },
      {
        "state": "VIC",
        "price": "2000",
        "price_per_unit": "2000",
        "price_unit": "ML"
      },
      {
        "state": "QLD",
        "price": "2000",
        "price_per_unit": "2000",
        "price_unit": "ML"
      },
      {
        "state": "WA",
        "price": "2000",
        "price_per_unit": "2000",
        "price_unit": "ML"
      },
      {
        "state": "SA",
        "price": "2000",
        "price_per_unit": "2000",
        "price_unit": "ML"
      },
      {
        "state": "TAS",
        "price": "2000",
        "price_per_unit": "2000",
        "price_unit": "ML"
      },
      {
        "state": "ACT",
        "price": "2000",
        "price_per_unit": "2000",
        "price_unit": "ML"
      },
      {
        "state": "NT",
        "price": "2100",
        "price_per_unit": "2100",
        "price_unit": "ML"
      }
    ]
  },
  {
    "source_url": "https://www.woolworths.com.au/shop/productdetails/580458/head-shoulders-professional-severe-dandruff-advanced-itch-care-conditioner",
    "name": "Head & Shoulders Professional Severe Dandruff Advanced Itch Care Conditioner 200mL",
    "image_url": "https://cdn1.woolworths.media/content/wowproductimages/large/580458.jpg",
    "source_id": "Woolworths - 580458",
    "barcode": "4987176074935",
    "category_id": "1_894D0A8",
    "shop": "Woolworths",
    "weight": "100ML",
    "prices": [
      {
        "state": "NSW",
        "price": "2000",
        "price_per_unit": "1000",
        "price_unit": "ML"
      },
      {
        "state": "VIC",
        "price": "2000",
        "price_per_unit": "1000",
        "price_unit": "ML"
      },
      {
        "state": "QLD",
        "price": "2000",
        "price_per_unit": "1000",
        "price_unit": "ML"
      },
      {
        "state": "WA",
        "price": "2000",
        "price_per_unit": "1000",
        "price_unit": "ML"
      },
      {
        "state": "SA",
        "price": "2000",
        "price_per_unit": "1000",
        "price_unit": "ML"
      },
      {
        "state": "TAS",
        "price": "2000",
        "price_per_unit": "1000",
        "price_unit": "ML"
      },
      {
        "state": "ACT",
        "price": "2000",
        "price_per_unit": "1000",
        "price_unit": "ML"
      },
      {
        "state": "NT",
        "price": "2100",
        "price_per_unit": "1050",
        "price_unit": "ML"
      }
    ]
  },
  {
    "source_url": "https://www.woolworths.com.au/shop/productdetails/579151/head-shoulders-professional-severe-dandruff-advanced-itch-care-shampoo",
    "name": "Head & Shoulders Professional Severe Dandruff Advanced Itch Care Shampoo 300mL",
    "image_url": "https://cdn1.woolworths.media/content/wowproductimages/large/579151.jpg",
    "source_id": "Woolworths - 579151",
    "barcode": "4987176074928",
    "category_id": "1_894D0A8",
    "shop": "Woolworths",
    "weight": "100ML",
    "prices": [
      {
        "state": "NSW",
        "price": "2000",
        "price_per_unit": "667",
        "price_unit": "ML"
      },
      {
        "state": "VIC",
        "price": "2000",
        "price_per_unit": "667",
        "price_unit": "ML"
      },
      {
        "state": "QLD",
        "price": "2000",
        "price_per_unit": "667",
        "price_unit": "ML"
      },
      {
        "state": "WA",
        "price": "2000",
        "price_per_unit": "667",
        "price_unit": "ML"
      },
      {
        "state": "SA",
        "price": "2000",
        "price_per_unit": "667",
        "price_unit": "ML"
      },
      {
        "state": "TAS",
        "price": "2000",
        "price_per_unit": "667",
        "price_unit": "ML"
      },
      {
        "state": "ACT",
        "price": "2000",
        "price_per_unit": "667",
        "price_unit": "ML"
      },
      {
        "state": "NT",
        "price": "2100",
        "price_per_unit": "700",
        "price_unit": "ML"
      }
    ]
  },
  {
    "source_url": "https://www.woolworths.com.au/shop/productdetails/578368/head-shoulders-professional-severe-dandruff-advanced-oil-control-shampoo",
    "name": "Head & Shoulders Professional Severe Dandruff Advanced Oil Control Shampoo 300mL",
    "image_url": "https://cdn1.woolworths.media/content/wowproductimages/large/578368.jpg",
    "source_id": "Woolworths - 578368",
    "barcode": "4987176074959",
    "category_id": "1_894D0A8",
    "shop": "Woolworths",
    "weight": "100ML",
    "prices": [
      {
        "state": "NSW",
        "price": "2000",
        "price_per_unit": "667",
        "price_unit": "ML"
      },
      {
        "state": "VIC",
        "price": "2000",
        "price_per_unit": "667",
        "price_unit": "ML"
      },
      {
        "state": "QLD",
        "price": "2000",
        "price_per_unit": "667",
        "price_unit": "ML"
      },
      {
        "state": "WA",
        "price": "2000",
        "price_per_unit": "667",
        "price_unit": "ML"
      },
      {
        "state": "SA",
        "price": "2000",
        "price_per_unit": "667",
        "price_unit": "ML"
      },
      {
        "state": "TAS",
        "price": "2000",
        "price_per_unit": "667",
        "price_unit": "ML"
      },
      {
        "state": "ACT",
        "price": "2000",
        "price_per_unit": "667",
        "price_unit": "ML"
      },
      {
        "state": "NT",
        "price": "2100",
        "price_per_unit": "700",
        "price_unit": "ML"
      }
    ]
  },
  {
    "source_url": "https://www.woolworths.com.au/shop/productdetails/138404/head-shoulders-smooth-silky-anti-dandruff-shampoo",
    "name": "Head & Shoulders Smooth & Silky Anti Dandruff Shampoo 400ml",
    "image_url": "https://cdn1.woolworths.media/content/wowproductimages/large/138404.jpg",
    "source_id": "Woolworths - 138404",
    "barcode": "4987176038562",
    "category_id": "1_894D0A8",
    "shop": "Woolworths",
    "weight": "100ML",
    "prices": [
      {
        "state": "NSW",
        "price": "1500",
        "price_per_unit": "375",
        "price_unit": "ML"
      },
      {
        "state": "VIC",
        "price": "1500",
        "price_per_unit": "375",
        "price_unit": "ML"
      },
      {
        "state": "QLD",
        "price": "1500",
        "price_per_unit": "375",
        "price_unit": "ML"
      },
      {
        "state": "WA",
        "price": "1500",
        "price_per_unit": "375",
        "price_unit": "ML"
      },
      {
        "state": "SA",
        "price": "1500",
        "price_per_unit": "375",
        "price_unit": "ML"
      },
      {
        "state": "TAS",
        "price": "1500",
        "price_per_unit": "375",
        "price_unit": "ML"
      },
      {
        "state": "ACT",
        "price": "1500",
        "price_per_unit": "375",
        "price_unit": "ML"
      },
      {
        "state": "NT",
        "price": "1600",
        "price_per_unit": "400",
        "price_unit": "ML"
      }
    ]
  },
  {
    "source_url": "https://www.woolworths.com.au/shop/productdetails/138414/head-shoulders-smooth-silky-anti-dandruff-shampoo",
    "name": "Head & Shoulders Smooth & Silky Anti Dandruff Shampoo 660ml",
    "image_url": "https://cdn1.woolworths.media/content/wowproductimages/large/138414.jpg",
    "source_id": "Woolworths - 138414",
    "barcode": "4987176038586",
    "category_id": "1_894D0A8",
    "shop": "Woolworths",
    "weight": "100ML",
    "prices": [
      {
        "state": "NSW",
        "price": "2100",
        "price_per_unit": "318",
        "price_unit": "ML"
      },
      {
        "state": "VIC",
        "price": "2100",
        "price_per_unit": "318",
        "price_unit": "ML"
      },
      {
        "state": "QLD",
        "price": "2100",
        "price_per_unit": "318",
        "price_unit": "ML"
      },
      {
        "state": "WA",
        "price": "2100",
        "price_per_unit": "318",
        "price_unit": "ML"
      },
      {
        "state": "SA",
        "price": "2100",
        "price_per_unit": "318",
        "price_unit": "ML"
      },
      {
        "state": "TAS",
        "price": "2100",
        "price_per_unit": "318",
        "price_unit": "ML"
      },
      {
        "state": "ACT",
        "price": "2100",
        "price_per_unit": "318",
        "price_unit": "ML"
      },
      {
        "state": "NT",
        "price": "2300",
        "price_per_unit": "348",
        "price_unit": "ML"
      }
    ]
  },
  {
    "source_url": "https://www.woolworths.com.au/shop/productdetails/138406/head-shoulders-smooth-silky-anti-dandruff-conditioner",
    "name": "Head & Shoulders Smooth & Silky Anti-Dandruff Conditioner 400ml",
    "image_url": "https://cdn1.woolworths.media/content/wowproductimages/large/138406.jpg",
    "source_id": "Woolworths - 138406",
    "barcode": "4987176038395",
    "category_id": "1_894D0A8",
    "shop": "Woolworths",
    "weight": "100ML",
    "prices": [
      {
        "state": "NSW",
        "price": "1500",
        "price_per_unit": "375",
        "price_unit": "ML"
      },
      {
        "state": "VIC",
        "price": "1500",
        "price_per_unit": "375",
        "price_unit": "ML"
      },
      {
        "state": "QLD",
        "price": "1500",
        "price_per_unit": "375",
        "price_unit": "ML"
      },
      {
        "state": "WA",
        "price": "1500",
        "price_per_unit": "375",
        "price_unit": "ML"
      },
      {
        "state": "SA",
        "price": "1500",
        "price_per_unit": "375",
        "price_unit": "ML"
      },
      {
        "state": "TAS",
        "price": "1500",
        "price_per_unit": "375",
        "price_unit": "ML"
      },
      {
        "state": "ACT",
        "price": "1500",
        "price_per_unit": "375",
        "price_unit": "ML"
      },
      {
        "state": "NT",
        "price": "1600",
        "price_per_unit": "400",
        "price_unit": "ML"
      }
    ]
  },
  {
    "source_url": "https://www.woolworths.com.au/shop/productdetails/138418/head-shoulders-smooth-silky-anti-dandruff-conditioner",
    "name": "Head & Shoulders Smooth & Silky Anti-Dandruff Conditioner 660ml",
    "image_url": "https://cdn1.woolworths.media/content/wowproductimages/large/138418.jpg",
    "source_id": "Woolworths - 138418",
    "barcode": "4987176038425",
    "category_id": "1_894D0A8",
    "shop": "Woolworths",
    "weight": "100ML",
    "prices": [
      {
        "state": "NSW",
        "price": "2100",
        "price_per_unit": "318",
        "price_unit": "ML"
      },
      {
        "state": "VIC",
        "price": "2100",
        "price_per_unit": "318",
        "price_unit": "ML"
      },
      {
        "state": "QLD",
        "price": "2100",
        "price_per_unit": "318",
        "price_unit": "ML"
      },
      {
        "state": "WA",
        "price": "2100",
        "price_per_unit": "318",
        "price_unit": "ML"
      },
      {
        "state": "SA",
        "price": "2100",
        "price_per_unit": "318",
        "price_unit": "ML"
      },
      {
        "state": "TAS",
        "price": "2100",
        "price_per_unit": "318",
        "price_unit": "ML"
      },
      {
        "state": "ACT",
        "price": "2100",
        "price_per_unit": "318",
        "price_unit": "ML"
      },
      {
        "state": "NT",
        "price": "2300",
        "price_per_unit": "348",
        "price_unit": "ML"
      }
    ]
  },
  {
    "source_url": "https://www.woolworths.com.au/shop/productdetails/145946/head-shoulders-smooth-silky-anti-dandruff-shampoo",
    "name": "Head & Shoulders Smooth & Silky Anti-Dandruff Shampoo 200ml",
    "image_url": "https://cdn1.woolworths.media/content/wowproductimages/large/145946.jpg",
    "source_id": "Woolworths - 145946",
    "barcode": "4987176038388",
    "category_id": "1_894D0A8",
    "shop": "Woolworths",
    "weight": "100ML",
    "prices": [
      {
        "state": "NSW",
        "price": "500",
        "price_per_unit": "250",
        "price_unit": "ML"
      },
      {
        "state": "VIC",
        "price": "500",
        "price_per_unit": "250",
        "price_unit": "ML"
      },
      {
        "state": "QLD",
        "price": "500",
        "price_per_unit": "250",
        "price_unit": "ML"
      },
      {
        "state": "WA",
        "price": "500",
        "price_per_unit": "250",
        "price_unit": "ML"
      },
      {
        "state": "SA",
        "price": "500",
        "price_per_unit": "250",
        "price_unit": "ML"
      },
      {
        "state": "TAS",
        "price": "500",
        "price_per_unit": "250",
        "price_unit": "ML"
      },
      {
        "state": "ACT",
        "price": "500",
        "price_per_unit": "250",
        "price_unit": "ML"
      },
      {
        "state": "NT",
        "price": "500",
        "price_per_unit": "250",
        "price_unit": "ML"
      }
    ]
  },
  {
    "source_url": "https://www.woolworths.com.au/shop/productdetails/263710/head-shoulders-smooth-silky-conditioner",
    "name": "Head & Shoulders Smooth & Silky Conditioner 850ml",
    "image_url": "https://cdn1.woolworths.media/content/wowproductimages/large/263710.jpg",
    "source_id": "Woolworths - 263710",
    "barcode": "4987176174536",
    "category_id": "1_894D0A8",
    "shop": "Woolworths",
    "weight": "100ML",
    "prices": [
      {
        "state": "NSW",
        "price": "2600",
        "price_per_unit": "306",
        "price_unit": "ML"
      },
      {
        "state": "VIC",
        "price": "2600",
        "price_per_unit": "306",
        "price_unit": "ML"
      },
      {
        "state": "QLD",
        "price": "2600",
        "price_per_unit": "306",
        "price_unit": "ML"
      },
      {
        "state": "WA",
        "price": "2600",
        "price_per_unit": "306",
        "price_unit": "ML"
      },
      {
        "state": "SA",
        "price": "2600",
        "price_per_unit": "306",
        "price_unit": "ML"
      },
      {
        "state": "TAS",
        "price": "2600",
        "price_per_unit": "306",
        "price_unit": "ML"
      },
      {
        "state": "ACT",
        "price": "2600",
        "price_per_unit": "306",
        "price_unit": "ML"
      },
      {
        "state": "NT",
        "price": "2860",
        "price_per_unit": "336",
        "price_unit": "ML"
      }
    ]
  },
  {
    "source_url": "https://www.woolworths.com.au/shop/productdetails/265928/head-shoulders-smooth-silky-refill-conditioner",
    "name": "Head & Shoulders Smooth & Silky Refill Conditioner 1.1l",
    "image_url": "https://cdn1.woolworths.media/content/wowproductimages/large/265928.jpg",
    "source_id": "Woolworths - 265928",
    "barcode": "4987176170156",
    "category_id": "1_894D0A8",
    "shop": "Woolworths",
    "weight": "100ML",
    "prices": [
      {
        "state": "NSW",
        "price": "3200",
        "price_per_unit": "291",
        "price_unit": "ML"
      },
      {
        "state": "VIC",
        "price": "3200",
        "price_per_unit": "291",
        "price_unit": "ML"
      },
      {
        "state": "QLD",
        "price": "3200",
        "price_per_unit": "291",
        "price_unit": "ML"
      },
      {
        "state": "WA",
        "price": "3200",
        "price_per_unit": "291",
        "price_unit": "ML"
      },
      {
        "state": "SA",
        "price": "3200",
        "price_per_unit": "291",
        "price_unit": "ML"
      },
      {
        "state": "TAS",
        "price": "3200",
        "price_per_unit": "291",
        "price_unit": "ML"
      },
      {
        "state": "ACT",
        "price": "3200",
        "price_per_unit": "291",
        "price_unit": "ML"
      },
      {
        "state": "NT",
        "price": "3520",
        "price_per_unit": "320",
        "price_unit": "ML"
      }
    ]
  },
  {
    "source_url": "https://www.woolworths.com.au/shop/productdetails/265926/head-shoulders-smooth-silky-refill-shampoo",
    "name": "Head & Shoulders Smooth & Silky Refill Shampoo 1.1l",
    "image_url": "https://cdn1.woolworths.media/content/wowproductimages/large/265926.jpg",
    "source_id": "Woolworths - 265926",
    "barcode": "4987176170163",
    "category_id": "1_894D0A8",
    "shop": "Woolworths",
    "weight": "100ML",
    "prices": [
      {
        "state": "NSW",
        "price": "3200",
        "price_per_unit": "291",
        "price_unit": "ML"
      },
      {
        "state": "VIC",
        "price": "3200",
        "price_per_unit": "291",
        "price_unit": "ML"
      },
      {
        "state": "QLD",
        "price": "3200",
        "price_per_unit": "291",
        "price_unit": "ML"
      },
      {
        "state": "WA",
        "price": "3200",
        "price_per_unit": "291",
        "price_unit": "ML"
      },
      {
        "state": "SA",
        "price": "3200",
        "price_per_unit": "291",
        "price_unit": "ML"
      },
      {
        "state": "TAS",
        "price": "3200",
        "price_per_unit": "291",
        "price_unit": "ML"
      },
      {
        "state": "ACT",
        "price": "3200",
        "price_per_unit": "291",
        "price_unit": "ML"
      },
      {
        "state": "NT",
        "price": "3520",
        "price_per_unit": "320",
        "price_unit": "ML"
      }
    ]
  },
  {
    "source_url": "https://www.woolworths.com.au/shop/productdetails/267724/head-shoulders-smooth-silky-shampoo",
    "name": "Head & Shoulders Smooth & Silky Shampoo 850ml",
    "image_url": "https://cdn1.woolworths.media/content/wowproductimages/large/267724.jpg",
    "source_id": "Woolworths - 267724",
    "barcode": "4987176174550",
    "category_id": "1_894D0A8",
    "shop": "Woolworths",
    "weight": "100ML",
    "prices": [
      {
        "state": "NSW",
        "price": "2600",
        "price_per_unit": "306",
        "price_unit": "ML"
      },
      {
        "state": "VIC",
        "price": "2600",
        "price_per_unit": "306",
        "price_unit": "ML"
      },
      {
        "state": "QLD",
        "price": "2600",
        "price_per_unit": "306",
        "price_unit": "ML"
      },
      {
        "state": "WA",
        "price": "2600",
        "price_per_unit": "306",
        "price_unit": "ML"
      },
      {
        "state": "SA",
        "price": "2600",
        "price_per_unit": "306",
        "price_unit": "ML"
      },
      {
        "state": "TAS",
        "price": "2600",
        "price_per_unit": "306",
        "price_unit": "ML"
      },
      {
        "state": "ACT",
        "price": "2600",
        "price_per_unit": "306",
        "price_unit": "ML"
      },
      {
        "state": "NT",
        "price": "2860",
        "price_per_unit": "336",
        "price_unit": "ML"
      }
    ]
  },
  {
    "source_url": "https://www.woolworths.com.au/shop/productdetails/679018/head-shoulders-supreme-moisture-anti-dandruff-conditioner",
    "name": "Head & Shoulders Supreme Moisture Anti Dandruff Conditioner 400ml",
    "image_url": "https://cdn1.woolworths.media/content/wowproductimages/large/679018.jpg",
    "source_id": "Woolworths - 679018",
    "barcode": "4902430752817",
    "category_id": "1_894D0A8",
    "shop": "Woolworths",
    "weight": "100ML",
    "prices": [
      {
        "state": "NSW",
        "price": "1600",
        "price_per_unit": "400",
        "price_unit": "ML"
      },
      {
        "state": "VIC",
        "price": "1600",
        "price_per_unit": "400",
        "price_unit": "ML"
      },
      {
        "state": "WA",
        "price": "1600",
        "price_per_unit": "400",
        "price_unit": "ML"
      },
      {
        "state": "SA",
        "price": "1600",
        "price_per_unit": "400",
        "price_unit": "ML"
      },
      {
        "state": "TAS",
        "price": "1600",
        "price_per_unit": "400",
        "price_unit": "ML"
      },
      {
        "state": "ACT",
        "price": "1600",
        "price_per_unit": "400",
        "price_unit": "ML"
      },
      {
        "state": "NT",
        "price": "1700",
        "price_per_unit": "425",
        "price_unit": "ML"
      }
    ]
  },
  {
    "source_url": "https://www.woolworths.com.au/shop/productdetails/63850/head-shoulders-supreme-moisture-anti-dandruff-conditioner",
    "name": "Head & Shoulders Supreme Moisture Anti Dandruff Conditioner 550ml",
    "image_url": "https://cdn1.woolworths.media/content/wowproductimages/large/063850.jpg",
    "source_id": "Woolworths - 63850",
    "barcode": "4902430871594",
    "category_id": "1_894D0A8",
    "shop": "Woolworths",
    "weight": "100ML",
    "prices": [
      {
        "state": "NSW",
        "price": "2000",
        "price_per_unit": "364",
        "price_unit": "ML"
      },
      {
        "state": "VIC",
        "price": "2000",
        "price_per_unit": "364",
        "price_unit": "ML"
      },
      {
        "state": "WA",
        "price": "2000",
        "price_per_unit": "364",
        "price_unit": "ML"
      },
      {
        "state": "SA",
        "price": "2000",
        "price_per_unit": "364",
        "price_unit": "ML"
      },
      {
        "state": "TAS",
        "price": "2000",
        "price_per_unit": "364",
        "price_unit": "ML"
      },
      {
        "state": "ACT",
        "price": "2000",
        "price_per_unit": "364",
        "price_unit": "ML"
      },
      {
        "state": "NT",
        "price": "2100",
        "price_per_unit": "382",
        "price_unit": "ML"
      }
    ]
  },
  {
    "source_url": "https://www.woolworths.com.au/shop/productdetails/679035/head-shoulders-supreme-moisture-anti-dandruff-shampoo",
    "name": "Head & Shoulders Supreme Moisture Anti Dandruff Shampoo 400ml",
    "image_url": "https://cdn1.woolworths.media/content/wowproductimages/large/679035.jpg",
    "source_id": "Woolworths - 679035",
    "barcode": "4902430752756",
    "category_id": "1_894D0A8",
    "shop": "Woolworths",
    "weight": "100ML",
    "prices": [
      {
        "state": "NSW",
        "price": "1600",
        "price_per_unit": "400",
        "price_unit": "ML"
      },
      {
        "state": "VIC",
        "price": "1600",
        "price_per_unit": "400",
        "price_unit": "ML"
      },
      {
        "state": "WA",
        "price": "1600",
        "price_per_unit": "400",
        "price_unit": "ML"
      },
      {
        "state": "TAS",
        "price": "1600",
        "price_per_unit": "400",
        "price_unit": "ML"
      },
      {
        "state": "ACT",
        "price": "1600",
        "price_per_unit": "400",
        "price_unit": "ML"
      }
    ]
  },
  {
    "source_url": "https://www.woolworths.com.au/shop/productdetails/852217/head-shoulders-supreme-moisture-anti-dandruff-shampoo",
    "name": "Head & Shoulders Supreme Moisture Anti Dandruff Shampoo 550ml",
    "image_url": "https://cdn1.woolworths.media/content/wowproductimages/large/852217.jpg",
    "source_id": "Woolworths - 852217",
    "barcode": "4902430859141",
    "category_id": "1_894D0A8",
    "shop": "Woolworths",
    "weight": "100ML",
    "prices": [
      {
        "state": "NSW",
        "price": "2000",
        "price_per_unit": "364",
        "price_unit": "ML"
      },
      {
        "state": "VIC",
        "price": "2000",
        "price_per_unit": "364",
        "price_unit": "ML"
      },
      {
        "state": "WA",
        "price": "2000",
        "price_per_unit": "364",
        "price_unit": "ML"
      },
      {
        "state": "SA",
        "price": "2000",
        "price_per_unit": "364",
        "price_unit": "ML"
      },
      {
        "state": "TAS",
        "price": "2000",
        "price_per_unit": "364",
        "price_unit": "ML"
      },
      {
        "state": "ACT",
        "price": "2000",
        "price_per_unit": "364",
        "price_unit": "ML"
      },
      {
        "state": "NT",
        "price": "2100",
        "price_per_unit": "382",
        "price_unit": "ML"
      }
    ]
  },
  {
    "source_url": "https://www.woolworths.com.au/shop/productdetails/108470/head-shoulders-ultra-men-2-in-1-deep-clean-shampoo-conditioner",
    "name": "Head & Shoulders Ultra Men 2 In 1 Deep Clean Shampoo & Conditioner 750ml",
    "image_url": "https://cdn1.woolworths.media/content/wowproductimages/large/108470.jpg",
    "source_id": "Woolworths - 108470",
    "barcode": "4902430374217",
    "category_id": "1_894D0A8",
    "shop": "Woolworths",
    "weight": "100ML",
    "prices": [
      {
        "state": "NSW",
        "price": "2600",
        "price_per_unit": "347",
        "price_unit": "ML"
      },
      {
        "state": "VIC",
        "price": "2600",
        "price_per_unit": "347",
        "price_unit": "ML"
      },
      {
        "state": "QLD",
        "price": "2600",
        "price_per_unit": "347",
        "price_unit": "ML"
      },
      {
        "state": "WA",
        "price": "2600",
        "price_per_unit": "347",
        "price_unit": "ML"
      },
      {
        "state": "SA",
        "price": "2600",
        "price_per_unit": "347",
        "price_unit": "ML"
      },
      {
        "state": "TAS",
        "price": "2600",
        "price_per_unit": "347",
        "price_unit": "ML"
      },
      {
        "state": "ACT",
        "price": "2600",
        "price_per_unit": "347",
        "price_unit": "ML"
      },
      {
        "state": "NT",
        "price": "2860",
        "price_per_unit": "381",
        "price_unit": "ML"
      }
    ]
  },
  {
    "source_url": "https://www.woolworths.com.au/shop/productdetails/165291/head-shoulders-ultra-men-2-in-1-moisture-recharge-shampoo-conditioner",
    "name": "Head & Shoulders Ultra Men 2 In 1 Moisture Recharge Shampoo & Conditioner 400ml",
    "image_url": "https://cdn1.woolworths.media/content/wowproductimages/large/165291.jpg",
    "source_id": "Woolworths - 165291",
    "barcode": "4987176072276",
    "category_id": "1_894D0A8",
    "shop": "Woolworths",
    "weight": "100ML",
    "prices": [
      {
        "state": "NSW",
        "price": "1600",
        "price_per_unit": "400",
        "price_unit": "ML"
      },
      {
        "state": "VIC",
        "price": "1600",
        "price_per_unit": "400",
        "price_unit": "ML"
      },
      {
        "state": "QLD",
        "price": "1600",
        "price_per_unit": "400",
        "price_unit": "ML"
      },
      {
        "state": "WA",
        "price": "1600",
        "price_per_unit": "400",
        "price_unit": "ML"
      },
      {
        "state": "SA",
        "price": "1600",
        "price_per_unit": "400",
        "price_unit": "ML"
      },
      {
        "state": "TAS",
        "price": "1600",
        "price_per_unit": "400",
        "price_unit": "ML"
      },
      {
        "state": "ACT",
        "price": "1600",
        "price_per_unit": "400",
        "price_unit": "ML"
      },
      {
        "state": "NT",
        "price": "1700",
        "price_per_unit": "425",
        "price_unit": "ML"
      }
    ]
  },
  {
    "source_url": "https://www.woolworths.com.au/shop/productdetails/587960/head-shoulders-ultra-men-2-in-1-moisture-recharge-shampoo-conditioner",
    "name": "Head & Shoulders Ultra Men 2 In 1 Moisture Recharge Shampoo & Conditioner 750mL",
    "image_url": "https://cdn1.woolworths.media/content/wowproductimages/large/587960.jpg",
    "source_id": "Woolworths - 587960",
    "barcode": "4987176229656",
    "category_id": "1_894D0A8",
    "shop": "Woolworths",
    "weight": "100ML",
    "prices": [
      {
        "state": "NSW",
        "price": "2600",
        "price_per_unit": "347",
        "price_unit": "ML"
      },
      {
        "state": "VIC",
        "price": "2600",
        "price_per_unit": "347",
        "price_unit": "ML"
      },
      {
        "state": "QLD",
        "price": "2600",
        "price_per_unit": "347",
        "price_unit": "ML"
      },
      {
        "state": "WA",
        "price": "2600",
        "price_per_unit": "347",
        "price_unit": "ML"
      },
      {
        "state": "SA",
        "price": "2600",
        "price_per_unit": "347",
        "price_unit": "ML"
      },
      {
        "state": "TAS",
        "price": "2600",
        "price_per_unit": "347",
        "price_unit": "ML"
      },
      {
        "state": "ACT",
        "price": "2600",
        "price_per_unit": "347",
        "price_unit": "ML"
      },
      {
        "state": "NT",
        "price": "2860",
        "price_per_unit": "381",
        "price_unit": "ML"
      }
    ]
  },
  {
    "source_url": "https://www.woolworths.com.au/shop/productdetails/114573/head-shoulders-ultra-men-2-in-1-old-spice-shampoo-conditioner",
    "name": "Head & Shoulders Ultra Men 2 In 1 Old Spice Shampoo & Conditioner 750ml",
    "image_url": "https://cdn1.woolworths.media/content/wowproductimages/large/114573.jpg",
    "source_id": "Woolworths - 114573",
    "barcode": "4902430374132",
    "category_id": "1_894D0A8",
    "shop": "Woolworths",
    "weight": "100ML",
    "prices": [
      {
        "state": "NSW",
        "price": "2600",
        "price_per_unit": "347",
        "price_unit": "ML"
      },
      {
        "state": "VIC",
        "price": "2600",
        "price_per_unit": "347",
        "price_unit": "ML"
      },
      {
        "state": "QLD",
        "price": "2600",
        "price_per_unit": "347",
        "price_unit": "ML"
      },
      {
        "state": "WA",
        "price": "2600",
        "price_per_unit": "347",
        "price_unit": "ML"
      },
      {
        "state": "SA",
        "price": "2600",
        "price_per_unit": "347",
        "price_unit": "ML"
      },
      {
        "state": "TAS",
        "price": "2600",
        "price_per_unit": "347",
        "price_unit": "ML"
      },
      {
        "state": "ACT",
        "price": "2600",
        "price_per_unit": "347",
        "price_unit": "ML"
      },
      {
        "state": "NT",
        "price": "2860",
        "price_per_unit": "381",
        "price_unit": "ML"
      }
    ]
  },
  {
    "source_url": "https://www.woolworths.com.au/shop/productdetails/820442/head-shoulders-ultra-men-deep-clean-2in1-dandruff-shampoo-conditioner",
    "name": "Head & Shoulders Ultra Men Deep Clean 2In1 Dandruff Shampoo & Conditioner 400ml",
    "image_url": "https://cdn1.woolworths.media/content/wowproductimages/large/820442.jpg",
    "source_id": "Woolworths - 820442",
    "barcode": "4902430856492",
    "category_id": "1_894D0A8",
    "shop": "Woolworths",
    "weight": "100ML",
    "prices": [
      {
        "state": "NSW",
        "price": "1600",
        "price_per_unit": "400",
        "price_unit": "ML"
      },
      {
        "state": "VIC",
        "price": "1600",
        "price_per_unit": "400",
        "price_unit": "ML"
      },
      {
        "state": "QLD",
        "price": "1600",
        "price_per_unit": "400",
        "price_unit": "ML"
      },
      {
        "state": "WA",
        "price": "1600",
        "price_per_unit": "400",
        "price_unit": "ML"
      },
      {
        "state": "SA",
        "price": "1600",
        "price_per_unit": "400",
        "price_unit": "ML"
      },
      {
        "state": "TAS",
        "price": "1600",
        "price_per_unit": "400",
        "price_unit": "ML"
      },
      {
        "state": "ACT",
        "price": "1600",
        "price_per_unit": "400",
        "price_unit": "ML"
      },
      {
        "state": "NT",
        "price": "1700",
        "price_per_unit": "425",
        "price_unit": "ML"
      }
    ]
  },
  {
    "source_url": "https://www.woolworths.com.au/shop/productdetails/820441/head-shoulders-ultra-men-old-spice-2in1-dandruff-shampoo-conditioner",
    "name": "Head & Shoulders Ultra Men Old Spice 2In1 Dandruff Shampoo & Conditioner 400ml",
    "image_url": "https://cdn1.woolworths.media/content/wowproductimages/large/820441.jpg",
    "source_id": "Woolworths - 820441",
    "barcode": "4902430856478",
    "category_id": "1_894D0A8",
    "shop": "Woolworths",
    "weight": "100ML",
    "prices": [
      {
        "state": "NSW",
        "price": "1600",
        "price_per_unit": "400",
        "price_unit": "ML"
      },
      {
        "state": "VIC",
        "price": "1600",
        "price_per_unit": "400",
        "price_unit": "ML"
      },
      {
        "state": "QLD",
        "price": "1600",
        "price_per_unit": "400",
        "price_unit": "ML"
      },
      {
        "state": "WA",
        "price": "1600",
        "price_per_unit": "400",
        "price_unit": "ML"
      },
      {
        "state": "SA",
        "price": "1600",
        "price_per_unit": "400",
        "price_unit": "ML"
      },
      {
        "state": "TAS",
        "price": "1600",
        "price_per_unit": "400",
        "price_unit": "ML"
      },
      {
        "state": "ACT",
        "price": "1600",
        "price_per_unit": "400",
        "price_unit": "ML"
      },
      {
        "state": "NT",
        "price": "1700",
        "price_per_unit": "425",
        "price_unit": "ML"
      }
    ]
  },
  {
    "source_url": "https://www.woolworths.com.au/shop/productdetails/852410/head-shoulders-ultramen-deep-clean-2in1-dandruff-shampoo-conditioner",
    "name": "Head & Shoulders Ultramen Deep Clean 2In1 Dandruff Shampoo & Conditioner 550ml",
    "image_url": "https://cdn1.woolworths.media/content/wowproductimages/large/852410.jpg",
    "source_id": "Woolworths - 852410",
    "barcode": "4902430857345",
    "category_id": "1_894D0A8",
    "shop": "Woolworths",
    "weight": "100ML",
    "prices": [
      {
        "state": "NSW",
        "price": "2000",
        "price_per_unit": "364",
        "price_unit": "ML"
      },
      {
        "state": "VIC",
        "price": "2000",
        "price_per_unit": "364",
        "price_unit": "ML"
      },
      {
        "state": "QLD",
        "price": "2000",
        "price_per_unit": "364",
        "price_unit": "ML"
      },
      {
        "state": "WA",
        "price": "2000",
        "price_per_unit": "364",
        "price_unit": "ML"
      },
      {
        "state": "SA",
        "price": "2000",
        "price_per_unit": "364",
        "price_unit": "ML"
      },
      {
        "state": "TAS",
        "price": "2000",
        "price_per_unit": "364",
        "price_unit": "ML"
      },
      {
        "state": "ACT",
        "price": "2000",
        "price_per_unit": "364",
        "price_unit": "ML"
      },
      {
        "state": "NT",
        "price": "2100",
        "price_per_unit": "382",
        "price_unit": "ML"
      }
    ]
  },
  {
    "source_url": "https://www.woolworths.com.au/shop/productdetails/820528/head-shoulders-ultramen-old-spice-2in1-dandruff-shampoo-conditioner",
    "name": "Head & Shoulders Ultramen Old Spice 2In1 Dandruff Shampoo & Conditioner 550ml",
    "image_url": "https://cdn1.woolworths.media/content/wowproductimages/large/820528.jpg",
    "source_id": "Woolworths - 820528",
    "barcode": "4902430857338",
    "category_id": "1_894D0A8",
    "shop": "Woolworths",
    "weight": "100ML",
    "prices": [
      {
        "state": "NSW",
        "price": "2000",
        "price_per_unit": "364",
        "price_unit": "ML"
      },
      {
        "state": "VIC",
        "price": "2000",
        "price_per_unit": "364",
        "price_unit": "ML"
      },
      {
        "state": "QLD",
        "price": "2000",
        "price_per_unit": "364",
        "price_unit": "ML"
      },
      {
        "state": "WA",
        "price": "2000",
        "price_per_unit": "364",
        "price_unit": "ML"
      },
      {
        "state": "SA",
        "price": "2000",
        "price_per_unit": "364",
        "price_unit": "ML"
      },
      {
        "state": "TAS",
        "price": "2000",
        "price_per_unit": "364",
        "price_unit": "ML"
      },
      {
        "state": "ACT",
        "price": "2000",
        "price_per_unit": "364",
        "price_unit": "ML"
      },
      {
        "state": "NT",
        "price": "2100",
        "price_per_unit": "382",
        "price_unit": "ML"
      }
    ]
  },
  {
    "source_url": "https://www.woolworths.com.au/shop/productdetails/820431/head-shoulders-ultramen-sports-fresh-2in1-dandruff-shampoo-conditioner",
    "name": "Head & Shoulders Ultramen Sports Fresh 2In1 Dandruff Shampoo & Conditioner 400ml",
    "image_url": "https://cdn1.woolworths.media/content/wowproductimages/large/820431.jpg",
    "source_id": "Woolworths - 820431",
    "barcode": "4902430856539",
    "category_id": "1_894D0A8",
    "shop": "Woolworths",
    "weight": "100ML",
    "prices": [
      {
        "state": "NSW",
        "price": "1600",
        "price_per_unit": "400",
        "price_unit": "ML"
      },
      {
        "state": "VIC",
        "price": "1600",
        "price_per_unit": "400",
        "price_unit": "ML"
      },
      {
        "state": "QLD",
        "price": "1600",
        "price_per_unit": "400",
        "price_unit": "ML"
      },
      {
        "state": "WA",
        "price": "1600",
        "price_per_unit": "400",
        "price_unit": "ML"
      },
      {
        "state": "SA",
        "price": "1600",
        "price_per_unit": "400",
        "price_unit": "ML"
      },
      {
        "state": "TAS",
        "price": "1600",
        "price_per_unit": "400",
        "price_unit": "ML"
      },
      {
        "state": "ACT",
        "price": "1600",
        "price_per_unit": "400",
        "price_unit": "ML"
      },
      {
        "state": "NT",
        "price": "1700",
        "price_per_unit": "425",
        "price_unit": "ML"
      }
    ]
  },
  {
    "source_url": "https://www.woolworths.com.au/shop/productdetails/650329/herbal-essences-bio-renew-argan-oil-of-morocco-repairing-conditioner",
    "name": "Herbal Essences Bio:Renew Argan Oil Of Morocco Repairing Conditioner 400ml",
    "image_url": "https://cdn1.woolworths.media/content/wowproductimages/large/650329.jpg",
    "source_id": "Woolworths - 650329",
    "barcode": "8001090222879",
    "category_id": "1_894D0A8",
    "shop": "Woolworths",
    "weight": "100ML",
    "prices": [
      {
        "state": "NSW",
        "price": "1350",
        "price_per_unit": "338",
        "price_unit": "ML"
      },
      {
        "state": "VIC",
        "price": "1350",
        "price_per_unit": "338",
        "price_unit": "ML"
      },
      {
        "state": "QLD",
        "price": "1350",
        "price_per_unit": "338",
        "price_unit": "ML"
      },
      {
        "state": "WA",
        "price": "1350",
        "price_per_unit": "338",
        "price_unit": "ML"
      },
      {
        "state": "SA",
        "price": "1350",
        "price_per_unit": "338",
        "price_unit": "ML"
      },
      {
        "state": "TAS",
        "price": "1350",
        "price_per_unit": "338",
        "price_unit": "ML"
      },
      {
        "state": "ACT",
        "price": "1350",
        "price_per_unit": "338",
        "price_unit": "ML"
      },
      {
        "state": "NT",
        "price": "1485",
        "price_per_unit": "371",
        "price_unit": "ML"
      }
    ]
  },
  {
    "source_url": "https://www.woolworths.com.au/shop/productdetails/852181/herbal-essences-bio-renew-argan-oil-of-morocco-repairing-conditioner",
    "name": "Herbal Essences Bio:Renew Argan Oil Of Morocco Repairing Conditioner 600mL",
    "image_url": "https://cdn1.woolworths.media/content/wowproductimages/large/852181.jpg",
    "source_id": "Woolworths - 852181",
    "barcode": "190679000972",
    "category_id": "1_894D0A8",
    "shop": "Woolworths",
    "weight": "100ML",
    "prices": [
      {
        "state": "NSW",
        "price": "1900",
        "price_per_unit": "317",
        "price_unit": "ML"
      },
      {
        "state": "VIC",
        "price": "1900",
        "price_per_unit": "317",
        "price_unit": "ML"
      },
      {
        "state": "QLD",
        "price": "1900",
        "price_per_unit": "317",
        "price_unit": "ML"
      },
      {
        "state": "WA",
        "price": "1900",
        "price_per_unit": "317",
        "price_unit": "ML"
      },
      {
        "state": "SA",
        "price": "1900",
        "price_per_unit": "317",
        "price_unit": "ML"
      },
      {
        "state": "TAS",
        "price": "1900",
        "price_per_unit": "317",
        "price_unit": "ML"
      },
      {
        "state": "ACT",
        "price": "1900",
        "price_per_unit": "317",
        "price_unit": "ML"
      },
      {
        "state": "NT",
        "price": "2090",
        "price_per_unit": "348",
        "price_unit": "ML"
      }
    ]
  },
  {
    "source_url": "https://www.woolworths.com.au/shop/productdetails/650328/herbal-essences-bio-renew-argan-oil-of-morocco-repairing-shampoo",
    "name": "Herbal Essences Bio:Renew Argan Oil Of Morocco Repairing Shampoo 400ml",
    "image_url": "https://cdn1.woolworths.media/content/wowproductimages/large/650328.jpg",
    "source_id": "Woolworths - 650328",
    "barcode": "8001090222848",
    "category_id": "1_894D0A8",
    "shop": "Woolworths",
    "weight": "100ML",
    "prices": [
      {
        "state": "NSW",
        "price": "1350",
        "price_per_unit": "338",
        "price_unit": "ML"
      },
      {
        "state": "VIC",
        "price": "1350",
        "price_per_unit": "338",
        "price_unit": "ML"
      },
      {
        "state": "QLD",
        "price": "1350",
        "price_per_unit": "338",
        "price_unit": "ML"
      },
      {
        "state": "WA",
        "price": "1350",
        "price_per_unit": "338",
        "price_unit": "ML"
      },
      {
        "state": "SA",
        "price": "1350",
        "price_per_unit": "338",
        "price_unit": "ML"
      },
      {
        "state": "TAS",
        "price": "1350",
        "price_per_unit": "338",
        "price_unit": "ML"
      },
      {
        "state": "ACT",
        "price": "1350",
        "price_per_unit": "338",
        "price_unit": "ML"
      },
      {
        "state": "NT",
        "price": "1485",
        "price_per_unit": "371",
        "price_unit": "ML"
      }
    ]
  },
  {
    "source_url": "https://www.woolworths.com.au/shop/productdetails/852183/herbal-essences-bio-renew-argan-oil-of-morocco-repairing-shampoo",
    "name": "Herbal Essences Bio:Renew Argan Oil Of Morocco Repairing Shampoo 600mL",
    "image_url": "https://cdn1.woolworths.media/content/wowproductimages/large/852183.jpg",
    "source_id": "Woolworths - 852183",
    "barcode": "190679000989",
    "category_id": "1_894D0A8",
    "shop": "Woolworths",
    "weight": "100ML",
    "prices": [
      {
        "state": "NSW",
        "price": "1900",
        "price_per_unit": "317",
        "price_unit": "ML"
      },
      {
        "state": "VIC",
        "price": "1900",
        "price_per_unit": "317",
        "price_unit": "ML"
      },
      {
        "state": "QLD",
        "price": "1900",
        "price_per_unit": "317",
        "price_unit": "ML"
      },
      {
        "state": "WA",
        "price": "1900",
        "price_per_unit": "317",
        "price_unit": "ML"
      },
      {
        "state": "SA",
        "price": "1900",
        "price_per_unit": "317",
        "price_unit": "ML"
      },
      {
        "state": "TAS",
        "price": "1900",
        "price_per_unit": "317",
        "price_unit": "ML"
      },
      {
        "state": "ACT",
        "price": "1900",
        "price_per_unit": "317",
        "price_unit": "ML"
      },
      {
        "state": "NT",
        "price": "2090",
        "price_per_unit": "348",
        "price_unit": "ML"
      }
    ]
  },
  {
    "source_url": "https://www.woolworths.com.au/shop/productdetails/650325/herbal-essences-bio-renew-coconut-milk-hydrating-conditioner",
    "name": "Herbal Essences Bio:Renew Coconut Milk Hydrating Conditioner 400ml",
    "image_url": "https://cdn1.woolworths.media/content/wowproductimages/large/650325.jpg",
    "source_id": "Woolworths - 650325",
    "barcode": "8001090222459",
    "category_id": "1_894D0A8",
    "shop": "Woolworths",
    "weight": "100ML",
    "prices": [
      {
        "state": "NSW",
        "price": "1350",
        "price_per_unit": "338",
        "price_unit": "ML"
      },
      {
        "state": "VIC",
        "price": "1350",
        "price_per_unit": "338",
        "price_unit": "ML"
      },
      {
        "state": "QLD",
        "price": "1350",
        "price_per_unit": "338",
        "price_unit": "ML"
      },
      {
        "state": "WA",
        "price": "1350",
        "price_per_unit": "338",
        "price_unit": "ML"
      },
      {
        "state": "SA",
        "price": "1350",
        "price_per_unit": "338",
        "price_unit": "ML"
      },
      {
        "state": "TAS",
        "price": "1350",
        "price_per_unit": "338",
        "price_unit": "ML"
      },
      {
        "state": "ACT",
        "price": "1350",
        "price_per_unit": "338",
        "price_unit": "ML"
      },
      {
        "state": "NT",
        "price": "1485",
        "price_per_unit": "371",
        "price_unit": "ML"
      }
    ]
  },
  {
    "source_url": "https://www.woolworths.com.au/shop/productdetails/650324/herbal-essences-bio-renew-coconut-milk-hydrating-shampoo",
    "name": "Herbal Essences Bio:Renew Coconut Milk Hydrating Shampoo 400ml",
    "image_url": "https://cdn1.woolworths.media/content/wowproductimages/large/650324.jpg",
    "source_id": "Woolworths - 650324",
    "barcode": "8001090222428",
    "category_id": "1_894D0A8",
    "shop": "Woolworths",
    "weight": "100ML",
    "prices": [
      {
        "state": "NSW",
        "price": "1350",
        "price_per_unit": "338",
        "price_unit": "ML"
      },
      {
        "state": "VIC",
        "price": "1350",
        "price_per_unit": "338",
        "price_unit": "ML"
      },
      {
        "state": "QLD",
        "price": "1350",
        "price_per_unit": "338",
        "price_unit": "ML"
      },
      {
        "state": "WA",
        "price": "1350",
        "price_per_unit": "338",
        "price_unit": "ML"
      },
      {
        "state": "SA",
        "price": "1350",
        "price_per_unit": "338",
        "price_unit": "ML"
      },
      {
        "state": "TAS",
        "price": "1350",
        "price_per_unit": "338",
        "price_unit": "ML"
      },
      {
        "state": "ACT",
        "price": "1350",
        "price_per_unit": "338",
        "price_unit": "ML"
      },
      {
        "state": "NT",
        "price": "1485",
        "price_per_unit": "371",
        "price_unit": "ML"
      }
    ]
  },
  {
    "source_url": "https://www.woolworths.com.au/shop/productdetails/660863/herbal-essences-bio-renew-white-grapefruit-mint-volume-conditioner",
    "name": "Herbal Essences Bio:Renew White Grapefruit & Mint Volume Conditioner 400ml",
    "image_url": "https://cdn1.woolworths.media/content/wowproductimages/large/660863.jpg",
    "source_id": "Woolworths - 660863",
    "barcode": "8001090222510",
    "category_id": "1_894D0A8",
    "shop": "Woolworths",
    "weight": "100ML",
    "prices": [
      {
        "state": "NSW",
        "price": "1350",
        "price_per_unit": "338",
        "price_unit": "ML"
      },
      {
        "state": "VIC",
        "price": "1350",
        "price_per_unit": "338",
        "price_unit": "ML"
      },
      {
        "state": "QLD",
        "price": "1350",
        "price_per_unit": "338",
        "price_unit": "ML"
      },
      {
        "state": "WA",
        "price": "1350",
        "price_per_unit": "338",
        "price_unit": "ML"
      },
      {
        "state": "SA",
        "price": "1350",
        "price_per_unit": "338",
        "price_unit": "ML"
      },
      {
        "state": "TAS",
        "price": "1350",
        "price_per_unit": "338",
        "price_unit": "ML"
      },
      {
        "state": "ACT",
        "price": "1350",
        "price_per_unit": "338",
        "price_unit": "ML"
      },
      {
        "state": "NT",
        "price": "1485",
        "price_per_unit": "371",
        "price_unit": "ML"
      }
    ]
  },
  {
    "source_url": "https://www.woolworths.com.au/shop/productdetails/660884/herbal-essences-bio-renew-white-grapefruit-mint-volumising-shampoo",
    "name": "Herbal Essences Bio:Renew White Grapefruit & Mint Volumising Shampoo 400ml",
    "image_url": "https://cdn1.woolworths.media/content/wowproductimages/large/660884.jpg",
    "source_id": "Woolworths - 660884",
    "barcode": "8001090222480",
    "category_id": "1_894D0A8",
    "shop": "Woolworths",
    "weight": "100ML",
    "prices": [
      {
        "state": "NSW",
        "price": "1350",
        "price_per_unit": "338",
        "price_unit": "ML"
      },
      {
        "state": "VIC",
        "price": "1350",
        "price_per_unit": "338",
        "price_unit": "ML"
      },
      {
        "state": "QLD",
        "price": "1350",
        "price_per_unit": "338",
        "price_unit": "ML"
      },
      {
        "state": "WA",
        "price": "1350",
        "price_per_unit": "338",
        "price_unit": "ML"
      },
      {
        "state": "SA",
        "price": "1350",
        "price_per_unit": "338",
        "price_unit": "ML"
      },
      {
        "state": "TAS",
        "price": "1350",
        "price_per_unit": "338",
        "price_unit": "ML"
      },
      {
        "state": "ACT",
        "price": "1350",
        "price_per_unit": "338",
        "price_unit": "ML"
      },
      {
        "state": "NT",
        "price": "1485",
        "price_per_unit": "371",
        "price_unit": "ML"
      }
    ]
  },
  {
    "source_url": "https://www.woolworths.com.au/shop/productdetails/265820/herbal-essences-classic-chamomile-shampoo",
    "name": "Herbal Essences Classic Chamomile Shampoo 400ml",
    "image_url": "https://cdn1.woolworths.media/content/wowproductimages/large/265820.jpg",
    "source_id": "Woolworths - 265820",
    "barcode": "4987176162168",
    "category_id": "1_894D0A8",
    "shop": "Woolworths",
    "weight": "100ML",
    "prices": [
      {
        "state": "NSW",
        "price": "1050",
        "price_per_unit": "263",
        "price_unit": "ML"
      },
      {
        "state": "VIC",
        "price": "1050",
        "price_per_unit": "263",
        "price_unit": "ML"
      },
      {
        "state": "QLD",
        "price": "1050",
        "price_per_unit": "263",
        "price_unit": "ML"
      },
      {
        "state": "WA",
        "price": "1050",
        "price_per_unit": "263",
        "price_unit": "ML"
      },
      {
        "state": "SA",
        "price": "1050",
        "price_per_unit": "263",
        "price_unit": "ML"
      },
      {
        "state": "TAS",
        "price": "1050",
        "price_per_unit": "263",
        "price_unit": "ML"
      },
      {
        "state": "ACT",
        "price": "1050",
        "price_per_unit": "263",
        "price_unit": "ML"
      },
      {
        "state": "NT",
        "price": "1155",
        "price_per_unit": "289",
        "price_unit": "ML"
      }
    ]
  },
  {
    "source_url": "https://www.woolworths.com.au/shop/productdetails/265923/herbal-essences-classic-coconut-conditioner",
    "name": "Herbal Essences Classic Coconut Conditioner 400ml",
    "image_url": "https://cdn1.woolworths.media/content/wowproductimages/large/265923.jpg",
    "source_id": "Woolworths - 265923",
    "barcode": "4987176166203",
    "category_id": "1_894D0A8",
    "shop": "Woolworths",
    "weight": "100ML",
    "prices": [
      {
        "state": "NSW",
        "price": "1050",
        "price_per_unit": "263",
        "price_unit": "ML"
      },
      {
        "state": "VIC",
        "price": "1050",
        "price_per_unit": "263",
        "price_unit": "ML"
      },
      {
        "state": "QLD",
        "price": "1050",
        "price_per_unit": "263",
        "price_unit": "ML"
      },
      {
        "state": "WA",
        "price": "1050",
        "price_per_unit": "263",
        "price_unit": "ML"
      },
      {
        "state": "SA",
        "price": "1050",
        "price_per_unit": "263",
        "price_unit": "ML"
      },
      {
        "state": "TAS",
        "price": "1050",
        "price_per_unit": "263",
        "price_unit": "ML"
      },
      {
        "state": "ACT",
        "price": "1050",
        "price_per_unit": "263",
        "price_unit": "ML"
      },
      {
        "state": "NT",
        "price": "1155",
        "price_per_unit": "289",
        "price_unit": "ML"
      }
    ]
  },
  {
    "source_url": "https://www.woolworths.com.au/shop/productdetails/265922/herbal-essences-classic-coconut-shampoo",
    "name": "Herbal Essences Classic Coconut Shampoo 400ml",
    "image_url": "https://cdn1.woolworths.media/content/wowproductimages/large/265922.jpg",
    "source_id": "Woolworths - 265922",
    "barcode": "4987176166210",
    "category_id": "1_894D0A8",
    "shop": "Woolworths",
    "weight": "100ML",
    "prices": [
      {
        "state": "NSW",
        "price": "1050",
        "price_per_unit": "263",
        "price_unit": "ML"
      },
      {
        "state": "VIC",
        "price": "1050",
        "price_per_unit": "263",
        "price_unit": "ML"
      },
      {
        "state": "QLD",
        "price": "1050",
        "price_per_unit": "263",
        "price_unit": "ML"
      },
      {
        "state": "WA",
        "price": "1050",
        "price_per_unit": "263",
        "price_unit": "ML"
      },
      {
        "state": "SA",
        "price": "1050",
        "price_per_unit": "263",
        "price_unit": "ML"
      },
      {
        "state": "TAS",
        "price": "1050",
        "price_per_unit": "263",
        "price_unit": "ML"
      },
      {
        "state": "ACT",
        "price": "1050",
        "price_per_unit": "263",
        "price_unit": "ML"
      },
      {
        "state": "NT",
        "price": "1155",
        "price_per_unit": "289",
        "price_unit": "ML"
      }
    ]
  },
  {
    "source_url": "https://www.woolworths.com.au/shop/productdetails/265920/herbal-essences-classic-lavender-conditioner",
    "name": "Herbal Essences Classic Lavender Conditioner 400ml",
    "image_url": "https://cdn1.woolworths.media/content/wowproductimages/large/265920.jpg",
    "source_id": "Woolworths - 265920",
    "barcode": "4987176166227",
    "category_id": "1_894D0A8",
    "shop": "Woolworths",
    "weight": "100ML",
    "prices": [
      {
        "state": "NSW",
        "price": "1050",
        "price_per_unit": "263",
        "price_unit": "ML"
      },
      {
        "state": "VIC",
        "price": "1050",
        "price_per_unit": "263",
        "price_unit": "ML"
      },
      {
        "state": "WA",
        "price": "1050",
        "price_per_unit": "263",
        "price_unit": "ML"
      },
      {
        "state": "SA",
        "price": "1050",
        "price_per_unit": "263",
        "price_unit": "ML"
      },
      {
        "state": "TAS",
        "price": "1050",
        "price_per_unit": "263",
        "price_unit": "ML"
      },
      {
        "state": "ACT",
        "price": "1050",
        "price_per_unit": "263",
        "price_unit": "ML"
      },
      {
        "state": "NT",
        "price": "1155",
        "price_per_unit": "289",
        "price_unit": "ML"
      }
    ]
  },
  {
    "source_url": "https://www.woolworths.com.au/shop/productdetails/590000/herbal-essences-classic-normal-hair-moisture-balancing-shampoo",
    "name": "Herbal Essences Classic Normal Hair Moisture Balancing Shampoo 600mL",
    "image_url": "https://cdn1.woolworths.media/content/wowproductimages/large/590000.jpg",
    "source_id": "Woolworths - 590000",
    "barcode": "4987176229595",
    "category_id": "1_894D0A8",
    "shop": "Woolworths",
    "weight": "100ML",
    "prices": [
      {
        "state": "NSW",
        "price": "1500",
        "price_per_unit": "250",
        "price_unit": "ML"
      },
      {
        "state": "VIC",
        "price": "1500",
        "price_per_unit": "250",
        "price_unit": "ML"
      },
      {
        "state": "QLD",
        "price": "1500",
        "price_per_unit": "250",
        "price_unit": "ML"
      },
      {
        "state": "SA",
        "price": "1500",
        "price_per_unit": "250",
        "price_unit": "ML"
      },
      {
        "state": "TAS",
        "price": "1500",
        "price_per_unit": "250",
        "price_unit": "ML"
      },
      {
        "state": "ACT",
        "price": "1500",
        "price_per_unit": "250",
        "price_unit": "ML"
      },
      {
        "state": "NT",
        "price": "1575",
        "price_per_unit": "263",
        "price_unit": "ML"
      }
    ]
  },
  {
    "source_url": "https://www.woolworths.com.au/shop/productdetails/590002/herbal-essences-classic-normal-hair-moisturising-conditioner",
    "name": "Herbal Essences Classic Normal Hair Moisturising Conditioner 600mL",
    "image_url": "https://cdn1.woolworths.media/content/wowproductimages/large/590002.jpg",
    "source_id": "Woolworths - 590002",
    "barcode": "4987176229571",
    "category_id": "1_894D0A8",
    "shop": "Woolworths",
    "weight": "100ML",
    "prices": [
      {
        "state": "NSW",
        "price": "1500",
        "price_per_unit": "250",
        "price_unit": "ML"
      },
      {
        "state": "VIC",
        "price": "1500",
        "price_per_unit": "250",
        "price_unit": "ML"
      },
      {
        "state": "QLD",
        "price": "1500",
        "price_per_unit": "250",
        "price_unit": "ML"
      },
      {
        "state": "WA",
        "price": "1500",
        "price_per_unit": "250",
        "price_unit": "ML"
      },
      {
        "state": "SA",
        "price": "1500",
        "price_per_unit": "250",
        "price_unit": "ML"
      },
      {
        "state": "TAS",
        "price": "1500",
        "price_per_unit": "250",
        "price_unit": "ML"
      },
      {
        "state": "ACT",
        "price": "1500",
        "price_per_unit": "250",
        "price_unit": "ML"
      },
      {
        "state": "NT",
        "price": "1575",
        "price_per_unit": "263",
        "price_unit": "ML"
      }
    ]
  },
  {
    "source_url": "https://www.woolworths.com.au/shop/productdetails/583227/herbal-essences-classic-replenishing-conditioner",
    "name": "Herbal Essences Classic Replenishing Conditioner 600mL",
    "image_url": "https://cdn1.woolworths.media/content/wowproductimages/large/583227.jpg",
    "source_id": "Woolworths - 583227",
    "barcode": "4987176229588",
    "category_id": "1_894D0A8",
    "shop": "Woolworths",
    "weight": "100ML",
    "prices": [
      {
        "state": "NSW",
        "price": "1500",
        "price_per_unit": "250",
        "price_unit": "ML"
      },
      {
        "state": "VIC",
        "price": "1500",
        "price_per_unit": "250",
        "price_unit": "ML"
      },
      {
        "state": "SA",
        "price": "1500",
        "price_per_unit": "250",
        "price_unit": "ML"
      },
      {
        "state": "TAS",
        "price": "1500",
        "price_per_unit": "250",
        "price_unit": "ML"
      },
      {
        "state": "ACT",
        "price": "1500",
        "price_per_unit": "250",
        "price_unit": "ML"
      },
      {
        "state": "NT",
        "price": "1575",
        "price_per_unit": "263",
        "price_unit": "ML"
      }
    ]
  },
  {
    "source_url": "https://www.woolworths.com.au/shop/productdetails/589604/herbal-essences-classic-replenishing-shampoo",
    "name": "Herbal Essences Classic Replenishing Shampoo 600mL",
    "image_url": "https://cdn1.woolworths.media/content/wowproductimages/large/589604.jpg",
    "source_id": "Woolworths - 589604",
    "barcode": "4987176229601",
    "category_id": "1_894D0A8",
    "shop": "Woolworths",
    "weight": "100ML",
    "prices": [
      {
        "state": "NSW",
        "price": "1500",
        "price_per_unit": "250",
        "price_unit": "ML"
      },
      {
        "state": "VIC",
        "price": "1500",
        "price_per_unit": "250",
        "price_unit": "ML"
      },
      {
        "state": "WA",
        "price": "1500",
        "price_per_unit": "250",
        "price_unit": "ML"
      },
      {
        "state": "SA",
        "price": "1500",
        "price_per_unit": "250",
        "price_unit": "ML"
      },
      {
        "state": "TAS",
        "price": "1500",
        "price_per_unit": "250",
        "price_unit": "ML"
      },
      {
        "state": "ACT",
        "price": "1500",
        "price_per_unit": "250",
        "price_unit": "ML"
      },
      {
        "state": "NT",
        "price": "1575",
        "price_per_unit": "263",
        "price_unit": "ML"
      }
    ]
  },
  {
    "source_url": "https://www.woolworths.com.au/shop/productdetails/265818/herbal-essences-classic-rosehip-conditioner",
    "name": "Herbal Essences Classic Rosehip Conditioner 400ml",
    "image_url": "https://cdn1.woolworths.media/content/wowproductimages/large/265818.jpg",
    "source_id": "Woolworths - 265818",
    "barcode": "4987176162182",
    "category_id": "1_894D0A8",
    "shop": "Woolworths",
    "weight": "100ML",
    "prices": [
      {
        "state": "NSW",
        "price": "1050",
        "price_per_unit": "263",
        "price_unit": "ML"
      },
      {
        "state": "VIC",
        "price": "1050",
        "price_per_unit": "263",
        "price_unit": "ML"
      },
      {
        "state": "QLD",
        "price": "1050",
        "price_per_unit": "263",
        "price_unit": "ML"
      },
      {
        "state": "WA",
        "price": "1050",
        "price_per_unit": "263",
        "price_unit": "ML"
      },
      {
        "state": "SA",
        "price": "1050",
        "price_per_unit": "263",
        "price_unit": "ML"
      },
      {
        "state": "TAS",
        "price": "1050",
        "price_per_unit": "263",
        "price_unit": "ML"
      },
      {
        "state": "ACT",
        "price": "1050",
        "price_per_unit": "263",
        "price_unit": "ML"
      },
      {
        "state": "NT",
        "price": "1155",
        "price_per_unit": "289",
        "price_unit": "ML"
      }
    ]
  },
  {
    "source_url": "https://www.woolworths.com.au/shop/productdetails/265817/herbal-essences-classic-rosehip-shampoo",
    "name": "Herbal Essences Classic Rosehip Shampoo 400ml",
    "image_url": "https://cdn1.woolworths.media/content/wowproductimages/large/265817.jpg",
    "source_id": "Woolworths - 265817",
    "barcode": "4987176162175",
    "category_id": "1_894D0A8",
    "shop": "Woolworths",
    "weight": "100ML",
    "prices": [
      {
        "state": "NSW",
        "price": "1050",
        "price_per_unit": "263",
        "price_unit": "ML"
      },
      {
        "state": "VIC",
        "price": "1050",
        "price_per_unit": "263",
        "price_unit": "ML"
      },
      {
        "state": "QLD",
        "price": "1050",
        "price_per_unit": "263",
        "price_unit": "ML"
      },
      {
        "state": "SA",
        "price": "1050",
        "price_per_unit": "263",
        "price_unit": "ML"
      },
      {
        "state": "TAS",
        "price": "1050",
        "price_per_unit": "263",
        "price_unit": "ML"
      },
      {
        "state": "ACT",
        "price": "1050",
        "price_per_unit": "263",
        "price_unit": "ML"
      },
      {
        "state": "NT",
        "price": "1155",
        "price_per_unit": "289",
        "price_unit": "ML"
      }
    ]
  },
  {
    "source_url": "https://www.woolworths.com.au/shop/productdetails/261349/herbal-essences-conditioner-hello-hydration",
    "name": "Herbal Essences Conditioner Hello Hydration 300ml",
    "image_url": "https://cdn1.woolworths.media/content/wowproductimages/large/261349.jpg",
    "source_id": "Woolworths - 261349",
    "barcode": "4902430118651",
    "category_id": "1_894D0A8",
    "shop": "Woolworths",
    "weight": "100ML",
    "prices": [
      {
        "state": "NSW",
        "price": "600",
        "price_per_unit": "200",
        "price_unit": "ML"
      },
      {
        "state": "VIC",
        "price": "600",
        "price_per_unit": "200",
        "price_unit": "ML"
      },
      {
        "state": "QLD",
        "price": "600",
        "price_per_unit": "200",
        "price_unit": "ML"
      },
      {
        "state": "WA",
        "price": "600",
        "price_per_unit": "200",
        "price_unit": "ML"
      },
      {
        "state": "SA",
        "price": "600",
        "price_per_unit": "200",
        "price_unit": "ML"
      },
      {
        "state": "TAS",
        "price": "600",
        "price_per_unit": "200",
        "price_unit": "ML"
      },
      {
        "state": "ACT",
        "price": "600",
        "price_per_unit": "200",
        "price_unit": "ML"
      },
      {
        "state": "NT",
        "price": "600",
        "price_per_unit": "200",
        "price_unit": "ML"
      }
    ]
  },
  {
    "source_url": "https://www.woolworths.com.au/shop/productdetails/265821/herbal-essences-conditioner-normal-hair",
    "name": "Herbal Essences Conditioner Normal Hair 400ml",
    "image_url": "https://cdn1.woolworths.media/content/wowproductimages/large/265821.jpg",
    "source_id": "Woolworths - 265821",
    "barcode": "4987176162151",
    "category_id": "1_894D0A8",
    "shop": "Woolworths",
    "weight": "100ML",
    "prices": [
      {
        "state": "NSW",
        "price": "1050",
        "price_per_unit": "263",
        "price_unit": "ML"
      },
      {
        "state": "VIC",
        "price": "1050",
        "price_per_unit": "263",
        "price_unit": "ML"
      },
      {
        "state": "QLD",
        "price": "1050",
        "price_per_unit": "263",
        "price_unit": "ML"
      },
      {
        "state": "WA",
        "price": "1050",
        "price_per_unit": "263",
        "price_unit": "ML"
      },
      {
        "state": "SA",
        "price": "1050",
        "price_per_unit": "263",
        "price_unit": "ML"
      },
      {
        "state": "TAS",
        "price": "1050",
        "price_per_unit": "263",
        "price_unit": "ML"
      },
      {
        "state": "ACT",
        "price": "1050",
        "price_per_unit": "263",
        "price_unit": "ML"
      },
      {
        "state": "NT",
        "price": "1155",
        "price_per_unit": "289",
        "price_unit": "ML"
      }
    ]
  },
  {
    "source_url": "https://www.woolworths.com.au/shop/productdetails/265916/herbal-essences-shampoo-classic-lavender",
    "name": "Herbal Essences Shampoo Classic Lavender 400ml",
    "image_url": "https://cdn1.woolworths.media/content/wowproductimages/large/265916.jpg",
    "source_id": "Woolworths - 265916",
    "barcode": "4987176166234",
    "category_id": "1_894D0A8",
    "shop": "Woolworths",
    "weight": "100ML",
    "prices": [
      {
        "state": "NSW",
        "price": "1050",
        "price_per_unit": "263",
        "price_unit": "ML"
      },
      {
        "state": "VIC",
        "price": "1050",
        "price_per_unit": "263",
        "price_unit": "ML"
      },
      {
        "state": "WA",
        "price": "1050",
        "price_per_unit": "263",
        "price_unit": "ML"
      },
      {
        "state": "SA",
        "price": "1050",
        "price_per_unit": "263",
        "price_unit": "ML"
      },
      {
        "state": "TAS",
        "price": "1050",
        "price_per_unit": "263",
        "price_unit": "ML"
      },
      {
        "state": "ACT",
        "price": "1050",
        "price_per_unit": "263",
        "price_unit": "ML"
      },
      {
        "state": "NT",
        "price": "1155",
        "price_per_unit": "289",
        "price_unit": "ML"
      }
    ]
  },
  {
    "source_url": "https://www.woolworths.com.au/shop/productdetails/261343/herbal-essences-shampoo-hello-hydration",
    "name": "Herbal Essences Shampoo Hello Hydration 300ml",
    "image_url": "https://cdn1.woolworths.media/content/wowproductimages/large/261343.jpg",
    "source_id": "Woolworths - 261343",
    "barcode": "4902430118798",
    "category_id": "1_894D0A8",
    "shop": "Woolworths",
    "weight": "100ML",
    "prices": [
      {
        "state": "NSW",
        "price": "600",
        "price_per_unit": "200",
        "price_unit": "ML"
      },
      {
        "state": "VIC",
        "price": "600",
        "price_per_unit": "200",
        "price_unit": "ML"
      },
      {
        "state": "QLD",
        "price": "600",
        "price_per_unit": "200",
        "price_unit": "ML"
      },
      {
        "state": "WA",
        "price": "600",
        "price_per_unit": "200",
        "price_unit": "ML"
      },
      {
        "state": "SA",
        "price": "600",
        "price_per_unit": "200",
        "price_unit": "ML"
      },
      {
        "state": "TAS",
        "price": "600",
        "price_per_unit": "200",
        "price_unit": "ML"
      },
      {
        "state": "ACT",
        "price": "600",
        "price_per_unit": "200",
        "price_unit": "ML"
      },
      {
        "state": "NT",
        "price": "600",
        "price_per_unit": "200",
        "price_unit": "ML"
      }
    ]
  },
  {
    "source_url": "https://www.woolworths.com.au/shop/productdetails/612949/john-frieda-blonde-repair-bond-building-conditioner-step-3",
    "name": "John Frieda Blonde Repair Bond Building Conditioner Step 3 250mL",
    "image_url": "https://cdn1.woolworths.media/content/wowproductimages/large/612949.jpg",
    "source_id": "Woolworths - 612949",
    "barcode": "5037156292220",
    "category_id": "1_894D0A8",
    "shop": "Woolworths",
    "weight": "100ML",
    "prices": [
      {
        "state": "NSW",
        "price": "2100",
        "price_per_unit": "840",
        "price_unit": "ML"
      },
      {
        "state": "VIC",
        "price": "2100",
        "price_per_unit": "840",
        "price_unit": "ML"
      },
      {
        "state": "QLD",
        "price": "2100",
        "price_per_unit": "840",
        "price_unit": "ML"
      },
      {
        "state": "WA",
        "price": "2100",
        "price_per_unit": "840",
        "price_unit": "ML"
      },
      {
        "state": "SA",
        "price": "2100",
        "price_per_unit": "840",
        "price_unit": "ML"
      },
      {
        "state": "TAS",
        "price": "2100",
        "price_per_unit": "840",
        "price_unit": "ML"
      },
      {
        "state": "ACT",
        "price": "2100",
        "price_per_unit": "840",
        "price_unit": "ML"
      },
      {
        "state": "NT",
        "price": "2300",
        "price_per_unit": "920",
        "price_unit": "ML"
      }
    ]
  },
  {
    "source_url": "https://www.woolworths.com.au/shop/productdetails/612988/john-frieda-blonde-repair-bonding-shampoo",
    "name": "John Frieda Blonde Repair Bonding Shampoo 250mL",
    "image_url": "https://cdn1.woolworths.media/content/wowproductimages/large/612988.jpg",
    "source_id": "Woolworths - 612988",
    "barcode": "5037156292190",
    "category_id": "1_894D0A8",
    "shop": "Woolworths",
    "weight": "100ML",
    "prices": [
      {
        "state": "NSW",
        "price": "2100",
        "price_per_unit": "840",
        "price_unit": "ML"
      },
      {
        "state": "VIC",
        "price": "2100",
        "price_per_unit": "840",
        "price_unit": "ML"
      },
      {
        "state": "QLD",
        "price": "2100",
        "price_per_unit": "840",
        "price_unit": "ML"
      },
      {
        "state": "WA",
        "price": "2100",
        "price_per_unit": "840",
        "price_unit": "ML"
      },
      {
        "state": "SA",
        "price": "2100",
        "price_per_unit": "840",
        "price_unit": "ML"
      },
      {
        "state": "TAS",
        "price": "2100",
        "price_per_unit": "840",
        "price_unit": "ML"
      },
      {
        "state": "ACT",
        "price": "2100",
        "price_per_unit": "840",
        "price_unit": "ML"
      },
      {
        "state": "NT",
        "price": "2300",
        "price_per_unit": "920",
        "price_unit": "ML"
      }
    ]
  },
  {
    "source_url": "https://www.woolworths.com.au/shop/productdetails/219061/john-frieda-brilliant-brunette-colour-protect-moisturising-shampoo",
    "name": "John Frieda Brilliant Brunette Colour Protect Moisturising Shampoo 250ml",
    "image_url": "https://cdn1.woolworths.media/content/wowproductimages/large/219061.jpg",
    "source_id": "Woolworths - 219061",
    "barcode": "717226013041",
    "category_id": "1_894D0A8",
    "shop": "Woolworths",
    "weight": "100ML",
    "prices": [
      {
        "state": "NSW",
        "price": "2100",
        "price_per_unit": "840",
        "price_unit": "ML"
      },
      {
        "state": "VIC",
        "price": "2100",
        "price_per_unit": "840",
        "price_unit": "ML"
      },
      {
        "state": "QLD",
        "price": "2100",
        "price_per_unit": "840",
        "price_unit": "ML"
      },
      {
        "state": "WA",
        "price": "2100",
        "price_per_unit": "840",
        "price_unit": "ML"
      },
      {
        "state": "SA",
        "price": "2100",
        "price_per_unit": "840",
        "price_unit": "ML"
      },
      {
        "state": "TAS",
        "price": "2100",
        "price_per_unit": "840",
        "price_unit": "ML"
      },
      {
        "state": "ACT",
        "price": "2100",
        "price_per_unit": "840",
        "price_unit": "ML"
      },
      {
        "state": "NT",
        "price": "2300",
        "price_per_unit": "920",
        "price_unit": "ML"
      }
    ]
  },
  {
    "source_url": "https://www.woolworths.com.au/shop/productdetails/233784/john-frieda-brilliant-brunette-protecting-moisturising-conditioner",
    "name": "John Frieda Brilliant Brunette Protecting Moisturising Conditioner 250ml",
    "image_url": "https://cdn1.woolworths.media/content/wowproductimages/large/233784.jpg",
    "source_id": "Woolworths - 233784",
    "barcode": "717226013102",
    "category_id": "1_894D0A8",
    "shop": "Woolworths",
    "weight": "100ML",
    "prices": [
      {
        "state": "NSW",
        "price": "2100",
        "price_per_unit": "840",
        "price_unit": "ML"
      },
      {
        "state": "VIC",
        "price": "2100",
        "price_per_unit": "840",
        "price_unit": "ML"
      },
      {
        "state": "QLD",
        "price": "2100",
        "price_per_unit": "840",
        "price_unit": "ML"
      },
      {
        "state": "WA",
        "price": "2100",
        "price_per_unit": "840",
        "price_unit": "ML"
      },
      {
        "state": "SA",
        "price": "2100",
        "price_per_unit": "840",
        "price_unit": "ML"
      },
      {
        "state": "TAS",
        "price": "2100",
        "price_per_unit": "840",
        "price_unit": "ML"
      },
      {
        "state": "ACT",
        "price": "2100",
        "price_per_unit": "840",
        "price_unit": "ML"
      },
      {
        "state": "NT",
        "price": "2300",
        "price_per_unit": "920",
        "price_unit": "ML"
      }
    ]
  },
  {
    "source_url": "https://www.woolworths.com.au/shop/productdetails/152457/john-frieda-frizz-ease-dream-curls-conditioner",
    "name": "John Frieda Frizz Ease Dream Curls Conditioner 250ml",
    "image_url": "https://cdn1.woolworths.media/content/wowproductimages/large/152457.jpg",
    "source_id": "Woolworths - 152457",
    "barcode": "717226271861",
    "category_id": "1_894D0A8",
    "shop": "Woolworths",
    "weight": "100ML",
    "prices": [
      {
        "state": "NSW",
        "price": "2100",
        "price_per_unit": "840",
        "price_unit": "ML"
      },
      {
        "state": "VIC",
        "price": "2100",
        "price_per_unit": "840",
        "price_unit": "ML"
      },
      {
        "state": "QLD",
        "price": "2100",
        "price_per_unit": "840",
        "price_unit": "ML"
      },
      {
        "state": "WA",
        "price": "2100",
        "price_per_unit": "840",
        "price_unit": "ML"
      },
      {
        "state": "SA",
        "price": "2100",
        "price_per_unit": "840",
        "price_unit": "ML"
      },
      {
        "state": "TAS",
        "price": "2100",
        "price_per_unit": "840",
        "price_unit": "ML"
      },
      {
        "state": "ACT",
        "price": "2100",
        "price_per_unit": "840",
        "price_unit": "ML"
      },
      {
        "state": "NT",
        "price": "2300",
        "price_per_unit": "920",
        "price_unit": "ML"
      }
    ]
  },
  {
    "source_url": "https://www.woolworths.com.au/shop/productdetails/152637/john-frieda-frizz-ease-dream-curls-shampoo",
    "name": "John Frieda Frizz Ease Dream Curls Shampoo 250ml",
    "image_url": "https://cdn1.woolworths.media/content/wowproductimages/large/152637.jpg",
    "source_id": "Woolworths - 152637",
    "barcode": "717226271854",
    "category_id": "1_894D0A8",
    "shop": "Woolworths",
    "weight": "100ML",
    "prices": [
      {
        "state": "NSW",
        "price": "2100",
        "price_per_unit": "840",
        "price_unit": "ML"
      },
      {
        "state": "VIC",
        "price": "2100",
        "price_per_unit": "840",
        "price_unit": "ML"
      },
      {
        "state": "QLD",
        "price": "2100",
        "price_per_unit": "840",
        "price_unit": "ML"
      },
      {
        "state": "WA",
        "price": "2100",
        "price_per_unit": "840",
        "price_unit": "ML"
      },
      {
        "state": "SA",
        "price": "2100",
        "price_per_unit": "840",
        "price_unit": "ML"
      },
      {
        "state": "TAS",
        "price": "2100",
        "price_per_unit": "840",
        "price_unit": "ML"
      },
      {
        "state": "ACT",
        "price": "2100",
        "price_per_unit": "840",
        "price_unit": "ML"
      },
      {
        "state": "NT",
        "price": "2300",
        "price_per_unit": "920",
        "price_unit": "ML"
      }
    ]
  },
  {
    "source_url": "https://www.woolworths.com.au/shop/productdetails/845595/john-frieda-frizz-ease-forever-smooth-conditioner",
    "name": "John Frieda Frizz Ease Forever Smooth Conditioner 250ml",
    "image_url": "https://cdn1.woolworths.media/content/wowproductimages/large/845595.jpg",
    "source_id": "Woolworths - 845595",
    "barcode": "717226217654",
    "category_id": "1_894D0A8",
    "shop": "Woolworths",
    "weight": "100ML",
    "prices": [
      {
        "state": "NSW",
        "price": "2100",
        "price_per_unit": "840",
        "price_unit": "ML"
      },
      {
        "state": "VIC",
        "price": "2100",
        "price_per_unit": "840",
        "price_unit": "ML"
      },
      {
        "state": "QLD",
        "price": "2100",
        "price_per_unit": "840",
        "price_unit": "ML"
      },
      {
        "state": "WA",
        "price": "2100",
        "price_per_unit": "840",
        "price_unit": "ML"
      },
      {
        "state": "SA",
        "price": "2100",
        "price_per_unit": "840",
        "price_unit": "ML"
      },
      {
        "state": "TAS",
        "price": "2100",
        "price_per_unit": "840",
        "price_unit": "ML"
      },
      {
        "state": "ACT",
        "price": "2100",
        "price_per_unit": "840",
        "price_unit": "ML"
      },
      {
        "state": "NT",
        "price": "2300",
        "price_per_unit": "920",
        "price_unit": "ML"
      }
    ]
  },
  {
    "source_url": "https://www.woolworths.com.au/shop/productdetails/845599/john-frieda-frizz-ease-forever-smooth-shampoo",
    "name": "John Frieda Frizz Ease Forever Smooth Shampoo 250ml",
    "image_url": "https://cdn1.woolworths.media/content/wowproductimages/large/845599.jpg",
    "source_id": "Woolworths - 845599",
    "barcode": "717226217647",
    "category_id": "1_894D0A8",
    "shop": "Woolworths",
    "weight": "100ML",
    "prices": [
      {
        "state": "NSW",
        "price": "2100",
        "price_per_unit": "840",
        "price_unit": "ML"
      },
      {
        "state": "VIC",
        "price": "2100",
        "price_per_unit": "840",
        "price_unit": "ML"
      },
      {
        "state": "QLD",
        "price": "2100",
        "price_per_unit": "840",
        "price_unit": "ML"
      },
      {
        "state": "WA",
        "price": "2100",
        "price_per_unit": "840",
        "price_unit": "ML"
      },
      {
        "state": "SA",
        "price": "2100",
        "price_per_unit": "840",
        "price_unit": "ML"
      },
      {
        "state": "TAS",
        "price": "2100",
        "price_per_unit": "840",
        "price_unit": "ML"
      },
      {
        "state": "ACT",
        "price": "2100",
        "price_per_unit": "840",
        "price_unit": "ML"
      },
      {
        "state": "NT",
        "price": "2300",
        "price_per_unit": "920",
        "price_unit": "ML"
      }
    ]
  },
  {
    "source_url": "https://www.woolworths.com.au/shop/productdetails/347455/john-frieda-frizz-ease-miraculous-recovery-conditioner",
    "name": "John Frieda Frizz Ease Miraculous Recovery Conditioner 250ml",
    "image_url": "https://cdn1.woolworths.media/content/wowproductimages/large/347455.jpg",
    "source_id": "Woolworths - 347455",
    "barcode": "717226212871",
    "category_id": "1_894D0A8",
    "shop": "Woolworths",
    "weight": "100ML",
    "prices": [
      {
        "state": "NSW",
        "price": "2100",
        "price_per_unit": "840",
        "price_unit": "ML"
      },
      {
        "state": "VIC",
        "price": "2100",
        "price_per_unit": "840",
        "price_unit": "ML"
      },
      {
        "state": "QLD",
        "price": "2100",
        "price_per_unit": "840",
        "price_unit": "ML"
      },
      {
        "state": "WA",
        "price": "2100",
        "price_per_unit": "840",
        "price_unit": "ML"
      },
      {
        "state": "SA",
        "price": "2100",
        "price_per_unit": "840",
        "price_unit": "ML"
      },
      {
        "state": "TAS",
        "price": "2100",
        "price_per_unit": "840",
        "price_unit": "ML"
      },
      {
        "state": "ACT",
        "price": "2100",
        "price_per_unit": "840",
        "price_unit": "ML"
      },
      {
        "state": "NT",
        "price": "2300",
        "price_per_unit": "920",
        "price_unit": "ML"
      }
    ]
  },
  {
    "source_url": "https://www.woolworths.com.au/shop/productdetails/347454/john-frieda-frizz-ease-repairing-shampoo",
    "name": "John Frieda Frizz Ease Repairing Shampoo 250ml",
    "image_url": "https://cdn1.woolworths.media/content/wowproductimages/large/347454.jpg",
    "source_id": "Woolworths - 347454",
    "barcode": "717226212864",
    "category_id": "1_894D0A8",
    "shop": "Woolworths",
    "weight": "100ML",
    "prices": [
      {
        "state": "NSW",
        "price": "2100",
        "price_per_unit": "840",
        "price_unit": "ML"
      },
      {
        "state": "VIC",
        "price": "2100",
        "price_per_unit": "840",
        "price_unit": "ML"
      },
      {
        "state": "QLD",
        "price": "2100",
        "price_per_unit": "840",
        "price_unit": "ML"
      },
      {
        "state": "WA",
        "price": "2100",
        "price_per_unit": "840",
        "price_unit": "ML"
      },
      {
        "state": "SA",
        "price": "2100",
        "price_per_unit": "840",
        "price_unit": "ML"
      },
      {
        "state": "TAS",
        "price": "2100",
        "price_per_unit": "840",
        "price_unit": "ML"
      },
      {
        "state": "ACT",
        "price": "2100",
        "price_per_unit": "840",
        "price_unit": "ML"
      },
      {
        "state": "NT",
        "price": "2300",
        "price_per_unit": "920",
        "price_unit": "ML"
      }
    ]
  },
  {
    "source_url": "https://www.woolworths.com.au/shop/productdetails/388832/john-frieda-profiller-thickening-conditioner-for-fine-hair",
    "name": "John Frieda Profiller + Thickening Conditioner For Fine Hair 250ml",
    "image_url": "https://cdn1.woolworths.media/content/wowproductimages/large/388832.jpg",
    "source_id": "Woolworths - 388832",
    "barcode": "5037156285345",
    "category_id": "1_894D0A8",
    "shop": "Woolworths",
    "weight": "100ML",
    "prices": [
      {
        "state": "NSW",
        "price": "2100",
        "price_per_unit": "840",
        "price_unit": "ML"
      },
      {
        "state": "VIC",
        "price": "2100",
        "price_per_unit": "840",
        "price_unit": "ML"
      },
      {
        "state": "QLD",
        "price": "2100",
        "price_per_unit": "840",
        "price_unit": "ML"
      },
      {
        "state": "WA",
        "price": "2100",
        "price_per_unit": "840",
        "price_unit": "ML"
      },
      {
        "state": "SA",
        "price": "2100",
        "price_per_unit": "840",
        "price_unit": "ML"
      },
      {
        "state": "TAS",
        "price": "2100",
        "price_per_unit": "840",
        "price_unit": "ML"
      },
      {
        "state": "ACT",
        "price": "2100",
        "price_per_unit": "840",
        "price_unit": "ML"
      },
      {
        "state": "NT",
        "price": "2300",
        "price_per_unit": "920",
        "price_unit": "ML"
      }
    ]
  },
  {
    "source_url": "https://www.woolworths.com.au/shop/productdetails/388474/john-frieda-profiller-thickening-shampoo-for-fine-hair",
    "name": "John Frieda Profiller + Thickening Shampoo For Fine Hair 250ml",
    "image_url": "https://cdn1.woolworths.media/content/wowproductimages/large/388474.jpg",
    "source_id": "Woolworths - 388474",
    "barcode": "5037156285314",
    "category_id": "1_894D0A8",
    "shop": "Woolworths",
    "weight": "100ML",
    "prices": [
      {
        "state": "NSW",
        "price": "2100",
        "price_per_unit": "840",
        "price_unit": "ML"
      },
      {
        "state": "VIC",
        "price": "2100",
        "price_per_unit": "840",
        "price_unit": "ML"
      },
      {
        "state": "QLD",
        "price": "2100",
        "price_per_unit": "840",
        "price_unit": "ML"
      },
      {
        "state": "WA",
        "price": "2100",
        "price_per_unit": "840",
        "price_unit": "ML"
      },
      {
        "state": "SA",
        "price": "2100",
        "price_per_unit": "840",
        "price_unit": "ML"
      },
      {
        "state": "TAS",
        "price": "2100",
        "price_per_unit": "840",
        "price_unit": "ML"
      },
      {
        "state": "ACT",
        "price": "2100",
        "price_per_unit": "840",
        "price_unit": "ML"
      },
      {
        "state": "NT",
        "price": "2300",
        "price_per_unit": "920",
        "price_unit": "ML"
      }
    ]
  },
  {
    "source_url": "https://www.woolworths.com.au/shop/productdetails/233730/john-frieda-sheer-highlight-activating-moisturising-conditioner",
    "name": "John Frieda Sheer Highlight Activating Moisturising Conditioner 250ml",
    "image_url": "https://cdn1.woolworths.media/content/wowproductimages/large/233730.jpg",
    "source_id": "Woolworths - 233730",
    "barcode": "717226005077",
    "category_id": "1_894D0A8",
    "shop": "Woolworths",
    "weight": "100ML",
    "prices": [
      {
        "state": "NSW",
        "price": "2100",
        "price_per_unit": "840",
        "price_unit": "ML"
      },
      {
        "state": "VIC",
        "price": "2100",
        "price_per_unit": "840",
        "price_unit": "ML"
      },
      {
        "state": "QLD",
        "price": "2100",
        "price_per_unit": "840",
        "price_unit": "ML"
      },
      {
        "state": "WA",
        "price": "2100",
        "price_per_unit": "840",
        "price_unit": "ML"
      },
      {
        "state": "SA",
        "price": "2100",
        "price_per_unit": "840",
        "price_unit": "ML"
      },
      {
        "state": "TAS",
        "price": "2100",
        "price_per_unit": "840",
        "price_unit": "ML"
      },
      {
        "state": "ACT",
        "price": "2100",
        "price_per_unit": "840",
        "price_unit": "ML"
      },
      {
        "state": "NT",
        "price": "2300",
        "price_per_unit": "920",
        "price_unit": "ML"
      }
    ]
  },
  {
    "source_url": "https://www.woolworths.com.au/shop/productdetails/173047/john-frieda-sheer-hightlight-activating-moisturising-shampoo",
    "name": "John Frieda Sheer Hightlight Activating Moisturising Shampoo 250ml",
    "image_url": "https://cdn1.woolworths.media/content/wowproductimages/large/173047.jpg",
    "source_id": "Woolworths - 173047",
    "barcode": "717226505256",
    "category_id": "1_894D0A8",
    "shop": "Woolworths",
    "weight": "100ML",
    "prices": [
      {
        "state": "NSW",
        "price": "2100",
        "price_per_unit": "840",
        "price_unit": "ML"
      },
      {
        "state": "VIC",
        "price": "2100",
        "price_per_unit": "840",
        "price_unit": "ML"
      },
      {
        "state": "QLD",
        "price": "2100",
        "price_per_unit": "840",
        "price_unit": "ML"
      },
      {
        "state": "WA",
        "price": "2100",
        "price_per_unit": "840",
        "price_unit": "ML"
      },
      {
        "state": "SA",
        "price": "2100",
        "price_per_unit": "840",
        "price_unit": "ML"
      },
      {
        "state": "TAS",
        "price": "2100",
        "price_per_unit": "840",
        "price_unit": "ML"
      },
      {
        "state": "ACT",
        "price": "2100",
        "price_per_unit": "840",
        "price_unit": "ML"
      },
      {
        "state": "NT",
        "price": "2300",
        "price_per_unit": "920",
        "price_unit": "ML"
      }
    ]
  },
  {
    "source_url": "https://www.woolworths.com.au/shop/productdetails/62575/john-frieda-violet-crush-intense-purple-shampoo",
    "name": "John Frieda Violet Crush Intense Purple Shampoo 250ml",
    "image_url": "https://cdn1.woolworths.media/content/wowproductimages/large/062575.jpg",
    "source_id": "Woolworths - 62575",
    "barcode": "717226262845",
    "category_id": "1_894D0A8",
    "shop": "Woolworths",
    "weight": "100ML",
    "prices": [
      {
        "state": "NSW",
        "price": "2100",
        "price_per_unit": "840",
        "price_unit": "ML"
      },
      {
        "state": "VIC",
        "price": "2100",
        "price_per_unit": "840",
        "price_unit": "ML"
      },
      {
        "state": "QLD",
        "price": "2100",
        "price_per_unit": "840",
        "price_unit": "ML"
      },
      {
        "state": "SA",
        "price": "2100",
        "price_per_unit": "840",
        "price_unit": "ML"
      },
      {
        "state": "TAS",
        "price": "2100",
        "price_per_unit": "840",
        "price_unit": "ML"
      },
      {
        "state": "ACT",
        "price": "2100",
        "price_per_unit": "840",
        "price_unit": "ML"
      },
      {
        "state": "NT",
        "price": "2300",
        "price_per_unit": "920",
        "price_unit": "ML"
      }
    ]
  },
  {
    "source_url": "https://www.woolworths.com.au/shop/productdetails/325765/john-frieda-violet-crush-purple-conditioner",
    "name": "John Frieda Violet Crush Purple Conditioner 250ml",
    "image_url": "https://cdn1.woolworths.media/content/wowproductimages/large/325765.jpg",
    "source_id": "Woolworths - 325765",
    "barcode": "717226155444",
    "category_id": "1_894D0A8",
    "shop": "Woolworths",
    "weight": "100ML",
    "prices": [
      {
        "state": "NSW",
        "price": "2100",
        "price_per_unit": "840",
        "price_unit": "ML"
      },
      {
        "state": "VIC",
        "price": "2100",
        "price_per_unit": "840",
        "price_unit": "ML"
      },
      {
        "state": "QLD",
        "price": "2100",
        "price_per_unit": "840",
        "price_unit": "ML"
      },
      {
        "state": "WA",
        "price": "2100",
        "price_per_unit": "840",
        "price_unit": "ML"
      },
      {
        "state": "SA",
        "price": "2100",
        "price_per_unit": "840",
        "price_unit": "ML"
      },
      {
        "state": "TAS",
        "price": "2100",
        "price_per_unit": "840",
        "price_unit": "ML"
      },
      {
        "state": "ACT",
        "price": "2100",
        "price_per_unit": "840",
        "price_unit": "ML"
      },
      {
        "state": "NT",
        "price": "2300",
        "price_per_unit": "920",
        "price_unit": "ML"
      }
    ]
  },
  {
    "source_url": "https://www.woolworths.com.au/shop/productdetails/325764/john-frieda-violet-crush-purple-shampoo",
    "name": "John Frieda Violet Crush Purple Shampoo 250ml",
    "image_url": "https://cdn1.woolworths.media/content/wowproductimages/large/325764.jpg",
    "source_id": "Woolworths - 325764",
    "barcode": "717226155437",
    "category_id": "1_894D0A8",
    "shop": "Woolworths",
    "weight": "100ML",
    "prices": [
      {
        "state": "NSW",
        "price": "2100",
        "price_per_unit": "840",
        "price_unit": "ML"
      },
      {
        "state": "VIC",
        "price": "2100",
        "price_per_unit": "840",
        "price_unit": "ML"
      },
      {
        "state": "QLD",
        "price": "2100",
        "price_per_unit": "840",
        "price_unit": "ML"
      },
      {
        "state": "WA",
        "price": "2100",
        "price_per_unit": "840",
        "price_unit": "ML"
      },
      {
        "state": "SA",
        "price": "2100",
        "price_per_unit": "840",
        "price_unit": "ML"
      },
      {
        "state": "TAS",
        "price": "2100",
        "price_per_unit": "840",
        "price_unit": "ML"
      },
      {
        "state": "ACT",
        "price": "2100",
        "price_per_unit": "840",
        "price_unit": "ML"
      },
      {
        "state": "NT",
        "price": "2300",
        "price_per_unit": "920",
        "price_unit": "ML"
      }
    ]
  },
  {
    "source_url": "https://www.woolworths.com.au/shop/productdetails/138023/l-oreal-elvive-colour-protecting-conditioner",
    "name": "L'Oreal Elvive Colour Protecting Conditioner 300ml",
    "image_url": "https://cdn1.woolworths.media/content/wowproductimages/large/138023.jpg",
    "source_id": "Woolworths - 138023",
    "barcode": "3600523971879",
    "category_id": "1_894D0A8",
    "shop": "Woolworths",
    "weight": "100ML",
    "prices": [
      {
        "state": "NSW",
        "price": "850",
        "price_per_unit": "283",
        "price_unit": "ML"
      },
      {
        "state": "VIC",
        "price": "850",
        "price_per_unit": "283",
        "price_unit": "ML"
      },
      {
        "state": "QLD",
        "price": "850",
        "price_per_unit": "283",
        "price_unit": "ML"
      },
      {
        "state": "WA",
        "price": "850",
        "price_per_unit": "283",
        "price_unit": "ML"
      },
      {
        "state": "SA",
        "price": "850",
        "price_per_unit": "283",
        "price_unit": "ML"
      },
      {
        "state": "TAS",
        "price": "850",
        "price_per_unit": "283",
        "price_unit": "ML"
      },
      {
        "state": "ACT",
        "price": "850",
        "price_per_unit": "283",
        "price_unit": "ML"
      },
      {
        "state": "NT",
        "price": "935",
        "price_per_unit": "312",
        "price_unit": "ML"
      }
    ]
  },
  {
    "source_url": "https://www.woolworths.com.au/shop/productdetails/138022/l-oreal-elvive-colour-protecting-shampoo",
    "name": "L'Oreal Elvive Colour Protecting Shampoo 300ml",
    "image_url": "https://cdn1.woolworths.media/content/wowproductimages/large/138022.jpg",
    "source_id": "Woolworths - 138022",
    "barcode": "3600523971886",
    "category_id": "1_894D0A8",
    "shop": "Woolworths",
    "weight": "100ML",
    "prices": [
      {
        "state": "NSW",
        "price": "850",
        "price_per_unit": "283",
        "price_unit": "ML"
      },
      {
        "state": "VIC",
        "price": "850",
        "price_per_unit": "283",
        "price_unit": "ML"
      },
      {
        "state": "QLD",
        "price": "850",
        "price_per_unit": "283",
        "price_unit": "ML"
      },
      {
        "state": "WA",
        "price": "850",
        "price_per_unit": "283",
        "price_unit": "ML"
      },
      {
        "state": "SA",
        "price": "850",
        "price_per_unit": "283",
        "price_unit": "ML"
      },
      {
        "state": "TAS",
        "price": "850",
        "price_per_unit": "283",
        "price_unit": "ML"
      },
      {
        "state": "ACT",
        "price": "850",
        "price_per_unit": "283",
        "price_unit": "ML"
      },
      {
        "state": "NT",
        "price": "935",
        "price_per_unit": "312",
        "price_unit": "ML"
      }
    ]
  },
  {
    "source_url": "https://www.woolworths.com.au/shop/productdetails/138027/l-oreal-elvive-dream-lengths-super-detangling-conditioner",
    "name": "L'Oreal Elvive Dream Lengths Super Detangling Conditioner 300ml",
    "image_url": "https://cdn1.woolworths.media/content/wowproductimages/large/138027.jpg",
    "source_id": "Woolworths - 138027",
    "barcode": "3600523972197",
    "category_id": "1_894D0A8",
    "shop": "Woolworths",
    "weight": "100ML",
    "prices": [
      {
        "state": "NSW",
        "price": "850",
        "price_per_unit": "283",
        "price_unit": "ML"
      },
      {
        "state": "VIC",
        "price": "850",
        "price_per_unit": "283",
        "price_unit": "ML"
      },
      {
        "state": "QLD",
        "price": "850",
        "price_per_unit": "283",
        "price_unit": "ML"
      },
      {
        "state": "WA",
        "price": "850",
        "price_per_unit": "283",
        "price_unit": "ML"
      },
      {
        "state": "SA",
        "price": "850",
        "price_per_unit": "283",
        "price_unit": "ML"
      },
      {
        "state": "TAS",
        "price": "850",
        "price_per_unit": "283",
        "price_unit": "ML"
      },
      {
        "state": "NT",
        "price": "935",
        "price_per_unit": "312",
        "price_unit": "ML"
      }
    ]
  },
  {
    "source_url": "https://www.woolworths.com.au/shop/productdetails/277592/l-oreal-paris-elvive-bond-repair-conditioner",
    "name": "L'Oreal Paris Elvive Bond Repair Conditioner 150mL",
    "image_url": "https://cdn1.woolworths.media/content/wowproductimages/large/277592.jpg",
    "source_id": "Woolworths - 277592",
    "barcode": "3600524080099",
    "category_id": "1_894D0A8",
    "shop": "Woolworths",
    "weight": "100ML",
    "prices": [
      {
        "state": "NSW",
        "price": "1900",
        "price_per_unit": "1267",
        "price_unit": "ML"
      },
      {
        "state": "VIC",
        "price": "1900",
        "price_per_unit": "1267",
        "price_unit": "ML"
      },
      {
        "state": "QLD",
        "price": "1900",
        "price_per_unit": "1267",
        "price_unit": "ML"
      },
      {
        "state": "WA",
        "price": "1900",
        "price_per_unit": "1267",
        "price_unit": "ML"
      },
      {
        "state": "SA",
        "price": "1900",
        "price_per_unit": "1267",
        "price_unit": "ML"
      },
      {
        "state": "TAS",
        "price": "1900",
        "price_per_unit": "1267",
        "price_unit": "ML"
      },
      {
        "state": "ACT",
        "price": "1900",
        "price_per_unit": "1267",
        "price_unit": "ML"
      },
      {
        "state": "NT",
        "price": "1995",
        "price_per_unit": "1330",
        "price_unit": "ML"
      }
    ]
  },
  {
    "source_url": "https://www.woolworths.com.au/shop/productdetails/280404/l-oreal-paris-elvive-bond-repair-shampoo",
    "name": "L'Oreal Paris Elvive Bond Repair Shampoo 200mL",
    "image_url": "https://cdn1.woolworths.media/content/wowproductimages/large/280404.jpg",
    "source_id": "Woolworths - 280404",
    "barcode": "3600524080082",
    "category_id": "1_894D0A8",
    "shop": "Woolworths",
    "weight": "100ML",
    "prices": [
      {
        "state": "NSW",
        "price": "1900",
        "price_per_unit": "950",
        "price_unit": "ML"
      },
      {
        "state": "QLD",
        "price": "1900",
        "price_per_unit": "950",
        "price_unit": "ML"
      },
      {
        "state": "WA",
        "price": "1900",
        "price_per_unit": "950",
        "price_unit": "ML"
      },
      {
        "state": "SA",
        "price": "1900",
        "price_per_unit": "950",
        "price_unit": "ML"
      },
      {
        "state": "TAS",
        "price": "1900",
        "price_per_unit": "950",
        "price_unit": "ML"
      },
      {
        "state": "ACT",
        "price": "1900",
        "price_per_unit": "950",
        "price_unit": "ML"
      },
      {
        "state": "NT",
        "price": "1995",
        "price_per_unit": "998",
        "price_unit": "ML"
      }
    ]
  },
  {
    "source_url": "https://www.woolworths.com.au/shop/productdetails/197831/l-oreal-paris-elvive-colour-protect-shampoo-coloured-or-highlighted-hair",
    "name": "L'Oreal Paris Elvive Colour-Protect Shampoo Coloured Or Highlighted Hair 700ml",
    "image_url": "https://cdn1.woolworths.media/content/wowproductimages/large/197831.jpg",
    "source_id": "Woolworths - 197831",
    "barcode": "8901526599431",
    "category_id": "1_894D0A8",
    "shop": "Woolworths",
    "weight": "100ML",
    "prices": [
      {
        "state": "NSW",
        "price": "1200",
        "price_per_unit": "171",
        "price_unit": "ML"
      },
      {
        "state": "VIC",
        "price": "1200",
        "price_per_unit": "171",
        "price_unit": "ML"
      },
      {
        "state": "WA",
        "price": "1200",
        "price_per_unit": "171",
        "price_unit": "ML"
      },
      {
        "state": "SA",
        "price": "1200",
        "price_per_unit": "171",
        "price_unit": "ML"
      },
      {
        "state": "TAS",
        "price": "1200",
        "price_per_unit": "171",
        "price_unit": "ML"
      },
      {
        "state": "ACT",
        "price": "1200",
        "price_per_unit": "171",
        "price_unit": "ML"
      },
      {
        "state": "NT",
        "price": "1200",
        "price_per_unit": "171",
        "price_unit": "ML"
      }
    ]
  },
  {
    "source_url": "https://www.woolworths.com.au/shop/productdetails/202644/l-oreal-paris-elvive-dream-lengths-super-detangling-conditioner",
    "name": "L'Oreal Paris Elvive Dream Lengths Super Detangling Conditioner 700ml",
    "image_url": "https://cdn1.woolworths.media/content/wowproductimages/large/202644.jpg",
    "source_id": "Woolworths - 202644",
    "barcode": "3600524033743",
    "category_id": "1_894D0A8",
    "shop": "Woolworths",
    "weight": "100ML",
    "prices": [
      {
        "state": "NSW",
        "price": "1200",
        "price_per_unit": "171",
        "price_unit": "ML"
      },
      {
        "state": "VIC",
        "price": "1200",
        "price_per_unit": "171",
        "price_unit": "ML"
      },
      {
        "state": "WA",
        "price": "1200",
        "price_per_unit": "171",
        "price_unit": "ML"
      },
      {
        "state": "SA",
        "price": "1200",
        "price_per_unit": "171",
        "price_unit": "ML"
      },
      {
        "state": "TAS",
        "price": "1200",
        "price_per_unit": "171",
        "price_unit": "ML"
      },
      {
        "state": "ACT",
        "price": "1200",
        "price_per_unit": "171",
        "price_unit": "ML"
      },
      {
        "state": "NT",
        "price": "1200",
        "price_per_unit": "171",
        "price_unit": "ML"
      }
    ]
  },
  {
    "source_url": "https://www.woolworths.com.au/shop/productdetails/197834/l-oreal-paris-elvive-extraordinary-oil-conditioner",
    "name": "L'Oreal Paris Elvive Extraordinary Oil Conditioner 700ml",
    "image_url": "https://cdn1.woolworths.media/content/wowproductimages/large/197834.jpg",
    "source_id": "Woolworths - 197834",
    "barcode": "8901526599400",
    "category_id": "1_894D0A8",
    "shop": "Woolworths",
    "weight": "100ML",
    "prices": [
      {
        "state": "NSW",
        "price": "1200",
        "price_per_unit": "171",
        "price_unit": "ML"
      },
      {
        "state": "VIC",
        "price": "1200",
        "price_per_unit": "171",
        "price_unit": "ML"
      },
      {
        "state": "WA",
        "price": "1200",
        "price_per_unit": "171",
        "price_unit": "ML"
      },
      {
        "state": "SA",
        "price": "1200",
        "price_per_unit": "171",
        "price_unit": "ML"
      },
      {
        "state": "TAS",
        "price": "1200",
        "price_per_unit": "171",
        "price_unit": "ML"
      },
      {
        "state": "ACT",
        "price": "1200",
        "price_per_unit": "171",
        "price_unit": "ML"
      },
      {
        "state": "NT",
        "price": "1200",
        "price_per_unit": "171",
        "price_unit": "ML"
      }
    ]
  },
  {
    "source_url": "https://www.woolworths.com.au/shop/productdetails/567554/l-oreal-paris-elvive-glycolic-gloss-conditioner",
    "name": "L'Oreal Paris Elvive Glycolic Gloss Conditioner 150mL",
    "image_url": "https://cdn1.woolworths.media/content/wowproductimages/large/567554.jpg",
    "source_id": "Woolworths - 567554",
    "barcode": "3600524143886",
    "category_id": "1_894D0A8",
    "shop": "Woolworths",
    "weight": "100ML",
    "prices": [
      {
        "state": "NSW",
        "price": "1900",
        "price_per_unit": "1267",
        "price_unit": "ML"
      },
      {
        "state": "VIC",
        "price": "1900",
        "price_per_unit": "1267",
        "price_unit": "ML"
      },
      {
        "state": "QLD",
        "price": "1900",
        "price_per_unit": "1267",
        "price_unit": "ML"
      },
      {
        "state": "WA",
        "price": "1900",
        "price_per_unit": "1267",
        "price_unit": "ML"
      },
      {
        "state": "SA",
        "price": "1900",
        "price_per_unit": "1267",
        "price_unit": "ML"
      },
      {
        "state": "TAS",
        "price": "1900",
        "price_per_unit": "1267",
        "price_unit": "ML"
      },
      {
        "state": "ACT",
        "price": "1900",
        "price_per_unit": "1267",
        "price_unit": "ML"
      },
      {
        "state": "NT",
        "price": "1995",
        "price_per_unit": "1330",
        "price_unit": "ML"
      }
    ]
  },
  {
    "source_url": "https://www.woolworths.com.au/shop/productdetails/567585/l-oreal-paris-elvive-glycolic-gloss-shampoo",
    "name": "L'Oreal Paris Elvive Glycolic Gloss Shampoo 200mL",
    "image_url": "https://cdn1.woolworths.media/content/wowproductimages/large/567585.jpg",
    "source_id": "Woolworths - 567585",
    "barcode": "3600524127893",
    "category_id": "1_894D0A8",
    "shop": "Woolworths",
    "weight": "100ML",
    "prices": [
      {
        "state": "NSW",
        "price": "1900",
        "price_per_unit": "950",
        "price_unit": "ML"
      },
      {
        "state": "VIC",
        "price": "1900",
        "price_per_unit": "950",
        "price_unit": "ML"
      },
      {
        "state": "QLD",
        "price": "1900",
        "price_per_unit": "950",
        "price_unit": "ML"
      },
      {
        "state": "WA",
        "price": "1900",
        "price_per_unit": "950",
        "price_unit": "ML"
      },
      {
        "state": "SA",
        "price": "1900",
        "price_per_unit": "950",
        "price_unit": "ML"
      },
      {
        "state": "TAS",
        "price": "1900",
        "price_per_unit": "950",
        "price_unit": "ML"
      },
      {
        "state": "ACT",
        "price": "1900",
        "price_per_unit": "950",
        "price_unit": "ML"
      },
      {
        "state": "NT",
        "price": "1995",
        "price_per_unit": "998",
        "price_unit": "ML"
      }
    ]
  },
  {
    "source_url": "https://www.woolworths.com.au/shop/productdetails/200168/l-oreal-paris-hyaluron-plump-spray-2-moisture-plump-serum",
    "name": "L'Oreal Paris Hyaluron Plump Spray 2% Moisture Plump Serum 150ml",
    "image_url": "https://cdn1.woolworths.media/content/wowproductimages/large/200168.jpg",
    "source_id": "Woolworths - 200168",
    "barcode": "3600524034955",
    "category_id": "1_894D0A8",
    "shop": "Woolworths",
    "weight": "100ML",
    "prices": [
      {
        "state": "NSW",
        "price": "2200",
        "price_per_unit": "1467",
        "price_unit": "ML"
      },
      {
        "state": "VIC",
        "price": "2200",
        "price_per_unit": "1467",
        "price_unit": "ML"
      },
      {
        "state": "QLD",
        "price": "2200",
        "price_per_unit": "1467",
        "price_unit": "ML"
      },
      {
        "state": "WA",
        "price": "2200",
        "price_per_unit": "1467",
        "price_unit": "ML"
      },
      {
        "state": "SA",
        "price": "2200",
        "price_per_unit": "1467",
        "price_unit": "ML"
      },
      {
        "state": "TAS",
        "price": "2200",
        "price_per_unit": "1467",
        "price_unit": "ML"
      },
      {
        "state": "ACT",
        "price": "2200",
        "price_per_unit": "1467",
        "price_unit": "ML"
      },
      {
        "state": "NT",
        "price": "2420",
        "price_per_unit": "1613",
        "price_unit": "ML"
      }
    ]
  },
  {
    "source_url": "https://www.woolworths.com.au/shop/productdetails/674039/maui-moisture-coconut-oil-conditioner-for-curly-hair",
    "name": "Maui Moisture Coconut Oil Conditioner For Curly Hair 385ml",
    "image_url": "https://cdn1.woolworths.media/content/wowproductimages/large/674039.jpg",
    "source_id": "Woolworths - 674039",
    "barcode": "22796180025",
    "category_id": "1_894D0A8",
    "shop": "Woolworths",
    "weight": "100ML",
    "prices": [
      {
        "state": "NSW",
        "price": "2600",
        "price_per_unit": "675",
        "price_unit": "ML"
      },
      {
        "state": "VIC",
        "price": "2600",
        "price_per_unit": "675",
        "price_unit": "ML"
      },
      {
        "state": "QLD",
        "price": "2600",
        "price_per_unit": "675",
        "price_unit": "ML"
      },
      {
        "state": "WA",
        "price": "2600",
        "price_per_unit": "675",
        "price_unit": "ML"
      },
      {
        "state": "SA",
        "price": "2600",
        "price_per_unit": "675",
        "price_unit": "ML"
      },
      {
        "state": "TAS",
        "price": "2600",
        "price_per_unit": "675",
        "price_unit": "ML"
      },
      {
        "state": "ACT",
        "price": "2600",
        "price_per_unit": "675",
        "price_unit": "ML"
      },
      {
        "state": "NT",
        "price": "2730",
        "price_per_unit": "709",
        "price_unit": "ML"
      }
    ]
  },
  {
    "source_url": "https://www.woolworths.com.au/shop/productdetails/674062/maui-moisture-coconut-oil-shampoo-for-curly-hair",
    "name": "Maui Moisture Coconut Oil Shampoo For Curly Hair 385ml",
    "image_url": "https://cdn1.woolworths.media/content/wowproductimages/large/674062.jpg",
    "source_id": "Woolworths - 674062",
    "barcode": "22796180018",
    "category_id": "1_894D0A8",
    "shop": "Woolworths",
    "weight": "100ML",
    "prices": [
      {
        "state": "NSW",
        "price": "2600",
        "price_per_unit": "675",
        "price_unit": "ML"
      },
      {
        "state": "VIC",
        "price": "2600",
        "price_per_unit": "675",
        "price_unit": "ML"
      },
      {
        "state": "QLD",
        "price": "2600",
        "price_per_unit": "675",
        "price_unit": "ML"
      },
      {
        "state": "WA",
        "price": "2600",
        "price_per_unit": "675",
        "price_unit": "ML"
      },
      {
        "state": "SA",
        "price": "2600",
        "price_per_unit": "675",
        "price_unit": "ML"
      },
      {
        "state": "TAS",
        "price": "2600",
        "price_per_unit": "675",
        "price_unit": "ML"
      },
      {
        "state": "ACT",
        "price": "2600",
        "price_per_unit": "675",
        "price_unit": "ML"
      },
      {
        "state": "NT",
        "price": "2730",
        "price_per_unit": "709",
        "price_unit": "ML"
      }
    ]
  },
  {
    "source_url": "https://www.woolworths.com.au/shop/productdetails/674065/maui-moisture-heal-hydrate-shea-butter-conditioner-for-damaged-hair",
    "name": "Maui Moisture Heal & Hydrate Shea Butter Conditioner For Damaged Hair 385ml",
    "image_url": "https://cdn1.woolworths.media/content/wowproductimages/large/674065.jpg",
    "source_id": "Woolworths - 674065",
    "barcode": "22796180124",
    "category_id": "1_894D0A8",
    "shop": "Woolworths",
    "weight": "100ML",
    "prices": [
      {
        "state": "NSW",
        "price": "2600",
        "price_per_unit": "675",
        "price_unit": "ML"
      },
      {
        "state": "VIC",
        "price": "2600",
        "price_per_unit": "675",
        "price_unit": "ML"
      },
      {
        "state": "QLD",
        "price": "2600",
        "price_per_unit": "675",
        "price_unit": "ML"
      },
      {
        "state": "WA",
        "price": "2600",
        "price_per_unit": "675",
        "price_unit": "ML"
      },
      {
        "state": "SA",
        "price": "2600",
        "price_per_unit": "675",
        "price_unit": "ML"
      },
      {
        "state": "TAS",
        "price": "2600",
        "price_per_unit": "675",
        "price_unit": "ML"
      },
      {
        "state": "ACT",
        "price": "2600",
        "price_per_unit": "675",
        "price_unit": "ML"
      },
      {
        "state": "NT",
        "price": "2730",
        "price_per_unit": "709",
        "price_unit": "ML"
      }
    ]
  },
  {
    "source_url": "https://www.woolworths.com.au/shop/productdetails/674034/maui-moisture-heal-hydrate-shea-butter-shampoo-for-damaged-hair",
    "name": "Maui Moisture Heal & Hydrate Shea Butter Shampoo For Damaged Hair 385ml",
    "image_url": "https://cdn1.woolworths.media/content/wowproductimages/large/674034.jpg",
    "source_id": "Woolworths - 674034",
    "barcode": "22796180117",
    "category_id": "1_894D0A8",
    "shop": "Woolworths",
    "weight": "100ML",
    "prices": [
      {
        "state": "NSW",
        "price": "2600",
        "price_per_unit": "675",
        "price_unit": "ML"
      },
      {
        "state": "VIC",
        "price": "2600",
        "price_per_unit": "675",
        "price_unit": "ML"
      },
      {
        "state": "QLD",
        "price": "2600",
        "price_per_unit": "675",
        "price_unit": "ML"
      },
      {
        "state": "WA",
        "price": "2600",
        "price_per_unit": "675",
        "price_unit": "ML"
      },
      {
        "state": "SA",
        "price": "2600",
        "price_per_unit": "675",
        "price_unit": "ML"
      },
      {
        "state": "TAS",
        "price": "2600",
        "price_per_unit": "675",
        "price_unit": "ML"
      },
      {
        "state": "ACT",
        "price": "2600",
        "price_per_unit": "675",
        "price_unit": "ML"
      },
      {
        "state": "NT",
        "price": "2730",
        "price_per_unit": "709",
        "price_unit": "ML"
      }
    ]
  },
  {
    "source_url": "https://www.woolworths.com.au/shop/productdetails/242549/my-soda-conditioner-smooth",
    "name": "My Soda Conditioner Smooth 800ml",
    "image_url": "https://cdn1.woolworths.media/content/wowproductimages/large/242549.jpg",
    "source_id": "Woolworths - 242549",
    "barcode": "9310692831686",
    "category_id": "1_894D0A8",
    "shop": "Woolworths",
    "weight": "100ML",
    "prices": [
      {
        "state": "NSW",
        "price": "2000",
        "price_per_unit": "250",
        "price_unit": "ML"
      },
      {
        "state": "VIC",
        "price": "2000",
        "price_per_unit": "250",
        "price_unit": "ML"
      },
      {
        "state": "QLD",
        "price": "2000",
        "price_per_unit": "250",
        "price_unit": "ML"
      },
      {
        "state": "WA",
        "price": "2000",
        "price_per_unit": "250",
        "price_unit": "ML"
      },
      {
        "state": "SA",
        "price": "2000",
        "price_per_unit": "250",
        "price_unit": "ML"
      },
      {
        "state": "TAS",
        "price": "2000",
        "price_per_unit": "250",
        "price_unit": "ML"
      },
      {
        "state": "ACT",
        "price": "2000",
        "price_per_unit": "250",
        "price_unit": "ML"
      },
      {
        "state": "NT",
        "price": "2200",
        "price_per_unit": "275",
        "price_unit": "ML"
      }
    ]
  },
  {
    "source_url": "https://www.woolworths.com.au/shop/productdetails/268278/my-soda-happy-scalp-shampoo",
    "name": "My Soda Happy Scalp Shampoo 350ml",
    "image_url": "https://cdn1.woolworths.media/content/wowproductimages/large/268278.jpg",
    "source_id": "Woolworths - 268278",
    "barcode": "9310692832133",
    "category_id": "1_894D0A8",
    "shop": "Woolworths",
    "weight": "100ML",
    "prices": [
      {
        "state": "NSW",
        "price": "1000",
        "price_per_unit": "286",
        "price_unit": "ML"
      },
      {
        "state": "VIC",
        "price": "1000",
        "price_per_unit": "286",
        "price_unit": "ML"
      },
      {
        "state": "QLD",
        "price": "1000",
        "price_per_unit": "286",
        "price_unit": "ML"
      },
      {
        "state": "WA",
        "price": "1000",
        "price_per_unit": "286",
        "price_unit": "ML"
      },
      {
        "state": "SA",
        "price": "1000",
        "price_per_unit": "286",
        "price_unit": "ML"
      },
      {
        "state": "TAS",
        "price": "1000",
        "price_per_unit": "286",
        "price_unit": "ML"
      },
      {
        "state": "ACT",
        "price": "1000",
        "price_per_unit": "286",
        "price_unit": "ML"
      },
      {
        "state": "NT",
        "price": "1100",
        "price_per_unit": "314",
        "price_unit": "ML"
      }
    ]
  },
  {
    "source_url": "https://www.woolworths.com.au/shop/productdetails/150176/my-soda-hydrate-conditioner",
    "name": "My Soda Hydrate Conditioner 350ml",
    "image_url": "https://cdn1.woolworths.media/content/wowproductimages/large/150176.jpg",
    "source_id": "Woolworths - 150176",
    "barcode": "9310692831235",
    "category_id": "1_894D0A8",
    "shop": "Woolworths",
    "weight": "100ML",
    "prices": [
      {
        "state": "NSW",
        "price": "1000",
        "price_per_unit": "286",
        "price_unit": "ML"
      },
      {
        "state": "VIC",
        "price": "1000",
        "price_per_unit": "286",
        "price_unit": "ML"
      },
      {
        "state": "QLD",
        "price": "1000",
        "price_per_unit": "286",
        "price_unit": "ML"
      },
      {
        "state": "WA",
        "price": "1000",
        "price_per_unit": "286",
        "price_unit": "ML"
      },
      {
        "state": "SA",
        "price": "1000",
        "price_per_unit": "286",
        "price_unit": "ML"
      },
      {
        "state": "TAS",
        "price": "1000",
        "price_per_unit": "286",
        "price_unit": "ML"
      },
      {
        "state": "ACT",
        "price": "1000",
        "price_per_unit": "286",
        "price_unit": "ML"
      },
      {
        "state": "NT",
        "price": "1100",
        "price_per_unit": "314",
        "price_unit": "ML"
      }
    ]
  },
  {
    "source_url": "https://www.woolworths.com.au/shop/productdetails/242738/my-soda-hydrate-conditioner",
    "name": "My Soda Hydrate Conditioner 800ml",
    "image_url": "https://cdn1.woolworths.media/content/wowproductimages/large/242738.jpg",
    "source_id": "Woolworths - 242738",
    "barcode": "9310692831280",
    "category_id": "1_894D0A8",
    "shop": "Woolworths",
    "weight": "100ML",
    "prices": [
      {
        "state": "NSW",
        "price": "2000",
        "price_per_unit": "250",
        "price_unit": "ML"
      },
      {
        "state": "VIC",
        "price": "2000",
        "price_per_unit": "250",
        "price_unit": "ML"
      },
      {
        "state": "QLD",
        "price": "2000",
        "price_per_unit": "250",
        "price_unit": "ML"
      },
      {
        "state": "WA",
        "price": "2000",
        "price_per_unit": "250",
        "price_unit": "ML"
      },
      {
        "state": "SA",
        "price": "2000",
        "price_per_unit": "250",
        "price_unit": "ML"
      },
      {
        "state": "TAS",
        "price": "2000",
        "price_per_unit": "250",
        "price_unit": "ML"
      },
      {
        "state": "ACT",
        "price": "2000",
        "price_per_unit": "250",
        "price_unit": "ML"
      },
      {
        "state": "NT",
        "price": "2200",
        "price_per_unit": "275",
        "price_unit": "ML"
      }
    ]
  },
  {
    "source_url": "https://www.woolworths.com.au/shop/productdetails/387501/my-soda-hydrate-conditioner-refill",
    "name": "My Soda Hydrate Conditioner Refill 700ml",
    "image_url": "https://cdn1.woolworths.media/content/wowproductimages/large/387501.jpg",
    "source_id": "Woolworths - 387501",
    "barcode": "9310692831273",
    "category_id": "1_894D0A8",
    "shop": "Woolworths",
    "weight": "100ML",
    "prices": [
      {
        "state": "NSW",
        "price": "1400",
        "price_per_unit": "200",
        "price_unit": "ML"
      },
      {
        "state": "VIC",
        "price": "1400",
        "price_per_unit": "200",
        "price_unit": "ML"
      },
      {
        "state": "QLD",
        "price": "1400",
        "price_per_unit": "200",
        "price_unit": "ML"
      },
      {
        "state": "WA",
        "price": "1400",
        "price_per_unit": "200",
        "price_unit": "ML"
      },
      {
        "state": "SA",
        "price": "1400",
        "price_per_unit": "200",
        "price_unit": "ML"
      },
      {
        "state": "TAS",
        "price": "1400",
        "price_per_unit": "200",
        "price_unit": "ML"
      },
      {
        "state": "ACT",
        "price": "1400",
        "price_per_unit": "200",
        "price_unit": "ML"
      },
      {
        "state": "NT",
        "price": "1540",
        "price_per_unit": "220",
        "price_unit": "ML"
      }
    ]
  },
  {
    "source_url": "https://www.woolworths.com.au/shop/productdetails/157034/my-soda-hydrate-shampoo",
    "name": "My Soda Hydrate Shampoo 350ml",
    "image_url": "https://cdn1.woolworths.media/content/wowproductimages/large/157034.jpg",
    "source_id": "Woolworths - 157034",
    "barcode": "9310692831136",
    "category_id": "1_894D0A8",
    "shop": "Woolworths",
    "weight": "100ML",
    "prices": [
      {
        "state": "NSW",
        "price": "1000",
        "price_per_unit": "286",
        "price_unit": "ML"
      },
      {
        "state": "VIC",
        "price": "1000",
        "price_per_unit": "286",
        "price_unit": "ML"
      },
      {
        "state": "QLD",
        "price": "1000",
        "price_per_unit": "286",
        "price_unit": "ML"
      },
      {
        "state": "WA",
        "price": "1000",
        "price_per_unit": "286",
        "price_unit": "ML"
      },
      {
        "state": "SA",
        "price": "1000",
        "price_per_unit": "286",
        "price_unit": "ML"
      },
      {
        "state": "TAS",
        "price": "1000",
        "price_per_unit": "286",
        "price_unit": "ML"
      },
      {
        "state": "ACT",
        "price": "1000",
        "price_per_unit": "286",
        "price_unit": "ML"
      },
      {
        "state": "NT",
        "price": "1100",
        "price_per_unit": "314",
        "price_unit": "ML"
      }
    ]
  },
  {
    "source_url": "https://www.woolworths.com.au/shop/productdetails/242934/my-soda-hydrate-shampoo",
    "name": "My Soda Hydrate Shampoo 800ml",
    "image_url": "https://cdn1.woolworths.media/content/wowproductimages/large/242934.jpg",
    "source_id": "Woolworths - 242934",
    "barcode": "9310692831181",
    "category_id": "1_894D0A8",
    "shop": "Woolworths",
    "weight": "100ML",
    "prices": [
      {
        "state": "NSW",
        "price": "2000",
        "price_per_unit": "250",
        "price_unit": "ML"
      },
      {
        "state": "VIC",
        "price": "2000",
        "price_per_unit": "250",
        "price_unit": "ML"
      },
      {
        "state": "QLD",
        "price": "2000",
        "price_per_unit": "250",
        "price_unit": "ML"
      },
      {
        "state": "WA",
        "price": "2000",
        "price_per_unit": "250",
        "price_unit": "ML"
      },
      {
        "state": "SA",
        "price": "2000",
        "price_per_unit": "250",
        "price_unit": "ML"
      },
      {
        "state": "TAS",
        "price": "2000",
        "price_per_unit": "250",
        "price_unit": "ML"
      },
      {
        "state": "ACT",
        "price": "2000",
        "price_per_unit": "250",
        "price_unit": "ML"
      },
      {
        "state": "NT",
        "price": "2200",
        "price_per_unit": "275",
        "price_unit": "ML"
      }
    ]
  },
  {
    "source_url": "https://www.woolworths.com.au/shop/productdetails/387051/my-soda-hydrate-shampoo-refill",
    "name": "My Soda Hydrate Shampoo Refill 700ml",
    "image_url": "https://cdn1.woolworths.media/content/wowproductimages/large/387051.jpg",
    "source_id": "Woolworths - 387051",
    "barcode": "9310692831174",
    "category_id": "1_894D0A8",
    "shop": "Woolworths",
    "weight": "100ML",
    "prices": [
      {
        "state": "NSW",
        "price": "1400",
        "price_per_unit": "200",
        "price_unit": "ML"
      },
      {
        "state": "VIC",
        "price": "1400",
        "price_per_unit": "200",
        "price_unit": "ML"
      },
      {
        "state": "QLD",
        "price": "1400",
        "price_per_unit": "200",
        "price_unit": "ML"
      },
      {
        "state": "WA",
        "price": "1400",
        "price_per_unit": "200",
        "price_unit": "ML"
      },
      {
        "state": "SA",
        "price": "1400",
        "price_per_unit": "200",
        "price_unit": "ML"
      },
      {
        "state": "TAS",
        "price": "1400",
        "price_per_unit": "200",
        "price_unit": "ML"
      },
      {
        "state": "ACT",
        "price": "1400",
        "price_per_unit": "200",
        "price_unit": "ML"
      },
      {
        "state": "NT",
        "price": "1540",
        "price_per_unit": "220",
        "price_unit": "ML"
      }
    ]
  },
  {
    "source_url": "https://www.woolworths.com.au/shop/productdetails/242318/my-soda-purple-toning-blonde-conditioner",
    "name": "My Soda Purple Toning Blonde Conditioner 350ml",
    "image_url": "https://cdn1.woolworths.media/content/wowproductimages/large/242318.jpg",
    "source_id": "Woolworths - 242318",
    "barcode": "9310692831839",
    "category_id": "1_894D0A8",
    "shop": "Woolworths",
    "weight": "100ML",
    "prices": [
      {
        "state": "NSW",
        "price": "1000",
        "price_per_unit": "286",
        "price_unit": "ML"
      },
      {
        "state": "VIC",
        "price": "1000",
        "price_per_unit": "286",
        "price_unit": "ML"
      },
      {
        "state": "QLD",
        "price": "1000",
        "price_per_unit": "286",
        "price_unit": "ML"
      },
      {
        "state": "WA",
        "price": "1000",
        "price_per_unit": "286",
        "price_unit": "ML"
      },
      {
        "state": "SA",
        "price": "1000",
        "price_per_unit": "286",
        "price_unit": "ML"
      },
      {
        "state": "TAS",
        "price": "1000",
        "price_per_unit": "286",
        "price_unit": "ML"
      },
      {
        "state": "ACT",
        "price": "1000",
        "price_per_unit": "286",
        "price_unit": "ML"
      },
      {
        "state": "NT",
        "price": "1100",
        "price_per_unit": "314",
        "price_unit": "ML"
      }
    ]
  },
  {
    "source_url": "https://www.woolworths.com.au/shop/productdetails/242935/my-soda-purple-toning-blonde-shampoo",
    "name": "My Soda Purple Toning Blonde Shampoo 350ml",
    "image_url": "https://cdn1.woolworths.media/content/wowproductimages/large/242935.jpg",
    "source_id": "Woolworths - 242935",
    "barcode": "9310692831730",
    "category_id": "1_894D0A8",
    "shop": "Woolworths",
    "weight": "100ML",
    "prices": [
      {
        "state": "NSW",
        "price": "1000",
        "price_per_unit": "286",
        "price_unit": "ML"
      },
      {
        "state": "VIC",
        "price": "1000",
        "price_per_unit": "286",
        "price_unit": "ML"
      },
      {
        "state": "QLD",
        "price": "1000",
        "price_per_unit": "286",
        "price_unit": "ML"
      },
      {
        "state": "WA",
        "price": "1000",
        "price_per_unit": "286",
        "price_unit": "ML"
      },
      {
        "state": "SA",
        "price": "1000",
        "price_per_unit": "286",
        "price_unit": "ML"
      },
      {
        "state": "TAS",
        "price": "1000",
        "price_per_unit": "286",
        "price_unit": "ML"
      },
      {
        "state": "ACT",
        "price": "1000",
        "price_per_unit": "286",
        "price_unit": "ML"
      },
      {
        "state": "NT",
        "price": "1100",
        "price_per_unit": "314",
        "price_unit": "ML"
      }
    ]
  },
  {
    "source_url": "https://www.woolworths.com.au/shop/productdetails/155231/my-soda-smooth-conditioner",
    "name": "My Soda Smooth Conditioner 350ml",
    "image_url": "https://cdn1.woolworths.media/content/wowproductimages/large/155231.jpg",
    "source_id": "Woolworths - 155231",
    "barcode": "9310692831631",
    "category_id": "1_894D0A8",
    "shop": "Woolworths",
    "weight": "100ML",
    "prices": [
      {
        "state": "NSW",
        "price": "1000",
        "price_per_unit": "286",
        "price_unit": "ML"
      },
      {
        "state": "VIC",
        "price": "1000",
        "price_per_unit": "286",
        "price_unit": "ML"
      },
      {
        "state": "QLD",
        "price": "1000",
        "price_per_unit": "286",
        "price_unit": "ML"
      },
      {
        "state": "WA",
        "price": "1000",
        "price_per_unit": "286",
        "price_unit": "ML"
      },
      {
        "state": "SA",
        "price": "1000",
        "price_per_unit": "286",
        "price_unit": "ML"
      },
      {
        "state": "TAS",
        "price": "1000",
        "price_per_unit": "286",
        "price_unit": "ML"
      },
      {
        "state": "ACT",
        "price": "1000",
        "price_per_unit": "286",
        "price_unit": "ML"
      },
      {
        "state": "NT",
        "price": "1100",
        "price_per_unit": "314",
        "price_unit": "ML"
      }
    ]
  },
  {
    "source_url": "https://www.woolworths.com.au/shop/productdetails/149997/my-soda-smooth-shampoo",
    "name": "My Soda Smooth Shampoo 350ml",
    "image_url": "https://cdn1.woolworths.media/content/wowproductimages/large/149997.jpg",
    "source_id": "Woolworths - 149997",
    "barcode": "9310692831532",
    "category_id": "1_894D0A8",
    "shop": "Woolworths",
    "weight": "100ML",
    "prices": [
      {
        "state": "NSW",
        "price": "1000",
        "price_per_unit": "286",
        "price_unit": "ML"
      },
      {
        "state": "VIC",
        "price": "1000",
        "price_per_unit": "286",
        "price_unit": "ML"
      },
      {
        "state": "QLD",
        "price": "1000",
        "price_per_unit": "286",
        "price_unit": "ML"
      },
      {
        "state": "WA",
        "price": "1000",
        "price_per_unit": "286",
        "price_unit": "ML"
      },
      {
        "state": "SA",
        "price": "1000",
        "price_per_unit": "286",
        "price_unit": "ML"
      },
      {
        "state": "TAS",
        "price": "1000",
        "price_per_unit": "286",
        "price_unit": "ML"
      },
      {
        "state": "ACT",
        "price": "1000",
        "price_per_unit": "286",
        "price_unit": "ML"
      },
      {
        "state": "NT",
        "price": "1100",
        "price_per_unit": "314",
        "price_unit": "ML"
      }
    ]
  },
  {
    "source_url": "https://www.woolworths.com.au/shop/productdetails/242916/my-soda-smooth-shampoo",
    "name": "My Soda Smooth Shampoo 800ml",
    "image_url": "https://cdn1.woolworths.media/content/wowproductimages/large/242916.jpg",
    "source_id": "Woolworths - 242916",
    "barcode": "9310692831587",
    "category_id": "1_894D0A8",
    "shop": "Woolworths",
    "weight": "100ML",
    "prices": [
      {
        "state": "NSW",
        "price": "2000",
        "price_per_unit": "250",
        "price_unit": "ML"
      },
      {
        "state": "VIC",
        "price": "2000",
        "price_per_unit": "250",
        "price_unit": "ML"
      },
      {
        "state": "QLD",
        "price": "2000",
        "price_per_unit": "250",
        "price_unit": "ML"
      },
      {
        "state": "WA",
        "price": "2000",
        "price_per_unit": "250",
        "price_unit": "ML"
      },
      {
        "state": "SA",
        "price": "2000",
        "price_per_unit": "250",
        "price_unit": "ML"
      },
      {
        "state": "TAS",
        "price": "2000",
        "price_per_unit": "250",
        "price_unit": "ML"
      },
      {
        "state": "ACT",
        "price": "2000",
        "price_per_unit": "250",
        "price_unit": "ML"
      },
      {
        "state": "NT",
        "price": "2200",
        "price_per_unit": "275",
        "price_unit": "ML"
      }
    ]
  },
  {
    "source_url": "https://www.woolworths.com.au/shop/productdetails/577192/my-soda-volume-conditioner",
    "name": "My Soda Volume Conditioner 350mL",
    "image_url": "https://cdn1.woolworths.media/content/wowproductimages/large/577192.jpg",
    "source_id": "Woolworths - 577192",
    "barcode": "9310692831037",
    "category_id": "1_894D0A8",
    "shop": "Woolworths",
    "weight": "100ML",
    "prices": [
      {
        "state": "NSW",
        "price": "1000",
        "price_per_unit": "286",
        "price_unit": "ML"
      },
      {
        "state": "QLD",
        "price": "1000",
        "price_per_unit": "286",
        "price_unit": "ML"
      },
      {
        "state": "WA",
        "price": "1000",
        "price_per_unit": "286",
        "price_unit": "ML"
      },
      {
        "state": "SA",
        "price": "1000",
        "price_per_unit": "286",
        "price_unit": "ML"
      },
      {
        "state": "TAS",
        "price": "1000",
        "price_per_unit": "286",
        "price_unit": "ML"
      },
      {
        "state": "ACT",
        "price": "1000",
        "price_per_unit": "286",
        "price_unit": "ML"
      },
      {
        "state": "NT",
        "price": "1100",
        "price_per_unit": "314",
        "price_unit": "ML"
      }
    ]
  },
  {
    "source_url": "https://www.woolworths.com.au/shop/productdetails/577082/my-soda-volume-shampoo",
    "name": "My Soda Volume Shampoo 350mL",
    "image_url": "https://cdn1.woolworths.media/content/wowproductimages/large/577082.jpg",
    "source_id": "Woolworths - 577082",
    "barcode": "9310692831938",
    "category_id": "1_894D0A8",
    "shop": "Woolworths",
    "weight": "100ML",
    "prices": [
      {
        "state": "VIC",
        "price": "1000",
        "price_per_unit": "286",
        "price_unit": "ML"
      },
      {
        "state": "QLD",
        "price": "1000",
        "price_per_unit": "286",
        "price_unit": "ML"
      },
      {
        "state": "WA",
        "price": "1000",
        "price_per_unit": "286",
        "price_unit": "ML"
      },
      {
        "state": "SA",
        "price": "1000",
        "price_per_unit": "286",
        "price_unit": "ML"
      },
      {
        "state": "TAS",
        "price": "1000",
        "price_per_unit": "286",
        "price_unit": "ML"
      },
      {
        "state": "ACT",
        "price": "1000",
        "price_per_unit": "286",
        "price_unit": "ML"
      },
      {
        "state": "NT",
        "price": "1100",
        "price_per_unit": "314",
        "price_unit": "ML"
      }
    ]
  },
  {
    "source_url": "https://www.woolworths.com.au/shop/productdetails/104199/natures-organics-fruits-conditioner-balance-apple-fresh",
    "name": "Natures Organics Fruits Conditioner Balance Apple Fresh 500ml",
    "image_url": "https://cdn1.woolworths.media/content/wowproductimages/large/104199.jpg",
    "source_id": "Woolworths - 104199",
    "barcode": "9310692031253",
    "category_id": "1_894D0A8",
    "shop": "Woolworths",
    "weight": "100ML",
    "prices": [
      {
        "state": "NSW",
        "price": "200",
        "price_per_unit": "40",
        "price_unit": "ML"
      },
      {
        "state": "VIC",
        "price": "200",
        "price_per_unit": "40",
        "price_unit": "ML"
      },
      {
        "state": "QLD",
        "price": "200",
        "price_per_unit": "40",
        "price_unit": "ML"
      },
      {
        "state": "WA",
        "price": "200",
        "price_per_unit": "40",
        "price_unit": "ML"
      },
      {
        "state": "SA",
        "price": "200",
        "price_per_unit": "40",
        "price_unit": "ML"
      },
      {
        "state": "TAS",
        "price": "200",
        "price_per_unit": "40",
        "price_unit": "ML"
      },
      {
        "state": "ACT",
        "price": "200",
        "price_per_unit": "40",
        "price_unit": "ML"
      },
      {
        "state": "NT",
        "price": "200",
        "price_per_unit": "40",
        "price_unit": "ML"
      }
    ]
  },
  {
    "source_url": "https://www.woolworths.com.au/shop/productdetails/683389/natures-organics-fruits-conditioner-restore-coconut-lime",
    "name": "Natures Organics Fruits Conditioner Restore Coconut Lime 500ml",
    "image_url": "https://cdn1.woolworths.media/content/wowproductimages/large/683389.jpg",
    "source_id": "Woolworths - 683389",
    "barcode": "9310692039259",
    "category_id": "1_894D0A8",
    "shop": "Woolworths",
    "weight": "100ML",
    "prices": [
      {
        "state": "NSW",
        "price": "200",
        "price_per_unit": "40",
        "price_unit": "ML"
      },
      {
        "state": "VIC",
        "price": "200",
        "price_per_unit": "40",
        "price_unit": "ML"
      },
      {
        "state": "QLD",
        "price": "200",
        "price_per_unit": "40",
        "price_unit": "ML"
      },
      {
        "state": "WA",
        "price": "200",
        "price_per_unit": "40",
        "price_unit": "ML"
      },
      {
        "state": "SA",
        "price": "200",
        "price_per_unit": "40",
        "price_unit": "ML"
      },
      {
        "state": "TAS",
        "price": "200",
        "price_per_unit": "40",
        "price_unit": "ML"
      },
      {
        "state": "ACT",
        "price": "200",
        "price_per_unit": "40",
        "price_unit": "ML"
      },
      {
        "state": "NT",
        "price": "200",
        "price_per_unit": "40",
        "price_unit": "ML"
      }
    ]
  },
  {
    "source_url": "https://www.woolworths.com.au/shop/productdetails/104200/natures-organics-fruits-conditioner-shine-wild-berry",
    "name": "Natures Organics Fruits Conditioner Shine Wild Berry 500ml",
    "image_url": "https://cdn1.woolworths.media/content/wowproductimages/large/104200.jpg",
    "source_id": "Woolworths - 104200",
    "barcode": "9310692034254",
    "category_id": "1_894D0A8",
    "shop": "Woolworths",
    "weight": "100ML",
    "prices": [
      {
        "state": "NSW",
        "price": "200",
        "price_per_unit": "40",
        "price_unit": "ML"
      },
      {
        "state": "VIC",
        "price": "200",
        "price_per_unit": "40",
        "price_unit": "ML"
      },
      {
        "state": "QLD",
        "price": "200",
        "price_per_unit": "40",
        "price_unit": "ML"
      },
      {
        "state": "WA",
        "price": "200",
        "price_per_unit": "40",
        "price_unit": "ML"
      },
      {
        "state": "SA",
        "price": "200",
        "price_per_unit": "40",
        "price_unit": "ML"
      },
      {
        "state": "TAS",
        "price": "200",
        "price_per_unit": "40",
        "price_unit": "ML"
      },
      {
        "state": "ACT",
        "price": "200",
        "price_per_unit": "40",
        "price_unit": "ML"
      },
      {
        "state": "NT",
        "price": "200",
        "price_per_unit": "40",
        "price_unit": "ML"
      }
    ]
  },
  {
    "source_url": "https://www.woolworths.com.au/shop/productdetails/104193/natures-organics-fruits-shampoo-balance-apple-fresh",
    "name": "Natures Organics Fruits Shampoo Balance Apple Fresh 500ml",
    "image_url": "https://cdn1.woolworths.media/content/wowproductimages/large/104193.jpg",
    "source_id": "Woolworths - 104193",
    "barcode": "9310692031154",
    "category_id": "1_894D0A8",
    "shop": "Woolworths",
    "weight": "100ML",
    "prices": [
      {
        "state": "NSW",
        "price": "200",
        "price_per_unit": "40",
        "price_unit": "ML"
      },
      {
        "state": "VIC",
        "price": "200",
        "price_per_unit": "40",
        "price_unit": "ML"
      },
      {
        "state": "QLD",
        "price": "200",
        "price_per_unit": "40",
        "price_unit": "ML"
      },
      {
        "state": "WA",
        "price": "200",
        "price_per_unit": "40",
        "price_unit": "ML"
      },
      {
        "state": "SA",
        "price": "200",
        "price_per_unit": "40",
        "price_unit": "ML"
      },
      {
        "state": "TAS",
        "price": "200",
        "price_per_unit": "40",
        "price_unit": "ML"
      },
      {
        "state": "ACT",
        "price": "200",
        "price_per_unit": "40",
        "price_unit": "ML"
      },
      {
        "state": "NT",
        "price": "200",
        "price_per_unit": "40",
        "price_unit": "ML"
      }
    ]
  },
  {
    "source_url": "https://www.woolworths.com.au/shop/productdetails/683388/natures-organics-fruits-shampoo-restore-coconut-lime",
    "name": "Natures Organics Fruits Shampoo Restore Coconut Lime 500ml",
    "image_url": "https://cdn1.woolworths.media/content/wowproductimages/large/683388.jpg",
    "source_id": "Woolworths - 683388",
    "barcode": "9310692039150",
    "category_id": "1_894D0A8",
    "shop": "Woolworths",
    "weight": "100ML",
    "prices": [
      {
        "state": "NSW",
        "price": "200",
        "price_per_unit": "40",
        "price_unit": "ML"
      },
      {
        "state": "VIC",
        "price": "200",
        "price_per_unit": "40",
        "price_unit": "ML"
      },
      {
        "state": "QLD",
        "price": "200",
        "price_per_unit": "40",
        "price_unit": "ML"
      },
      {
        "state": "WA",
        "price": "200",
        "price_per_unit": "40",
        "price_unit": "ML"
      },
      {
        "state": "SA",
        "price": "200",
        "price_per_unit": "40",
        "price_unit": "ML"
      },
      {
        "state": "TAS",
        "price": "200",
        "price_per_unit": "40",
        "price_unit": "ML"
      },
      {
        "state": "ACT",
        "price": "200",
        "price_per_unit": "40",
        "price_unit": "ML"
      },
      {
        "state": "NT",
        "price": "200",
        "price_per_unit": "40",
        "price_unit": "ML"
      }
    ]
  },
  {
    "source_url": "https://www.woolworths.com.au/shop/productdetails/104197/natures-organics-fruits-shampoo-shine-wild-berry",
    "name": "Natures Organics Fruits Shampoo Shine Wild Berry 500ml",
    "image_url": "https://cdn1.woolworths.media/content/wowproductimages/large/104197.jpg",
    "source_id": "Woolworths - 104197",
    "barcode": "9310692034155",
    "category_id": "1_894D0A8",
    "shop": "Woolworths",
    "weight": "100ML",
    "prices": [
      {
        "state": "NSW",
        "price": "200",
        "price_per_unit": "40",
        "price_unit": "ML"
      },
      {
        "state": "VIC",
        "price": "200",
        "price_per_unit": "40",
        "price_unit": "ML"
      },
      {
        "state": "QLD",
        "price": "200",
        "price_per_unit": "40",
        "price_unit": "ML"
      },
      {
        "state": "WA",
        "price": "200",
        "price_per_unit": "40",
        "price_unit": "ML"
      },
      {
        "state": "SA",
        "price": "200",
        "price_per_unit": "40",
        "price_unit": "ML"
      },
      {
        "state": "TAS",
        "price": "200",
        "price_per_unit": "40",
        "price_unit": "ML"
      },
      {
        "state": "ACT",
        "price": "200",
        "price_per_unit": "40",
        "price_unit": "ML"
      },
      {
        "state": "NT",
        "price": "200",
        "price_per_unit": "40",
        "price_unit": "ML"
      }
    ]
  },
  {
    "source_url": "https://www.woolworths.com.au/shop/productdetails/66751/natures-organics-turning-point-2-in-1-normal",
    "name": "Natures Organics Turning Point 2-In-1 Normal 400ml",
    "image_url": "https://cdn1.woolworths.media/content/wowproductimages/large/066751.jpg",
    "source_id": "Woolworths - 66751",
    "barcode": "9310692301141",
    "category_id": "1_894D0A8",
    "shop": "Woolworths",
    "weight": "100ML",
    "prices": [
      {
        "state": "NSW",
        "price": "300",
        "price_per_unit": "75",
        "price_unit": "ML"
      },
      {
        "state": "VIC",
        "price": "300",
        "price_per_unit": "75",
        "price_unit": "ML"
      },
      {
        "state": "QLD",
        "price": "300",
        "price_per_unit": "75",
        "price_unit": "ML"
      },
      {
        "state": "WA",
        "price": "300",
        "price_per_unit": "75",
        "price_unit": "ML"
      },
      {
        "state": "SA",
        "price": "300",
        "price_per_unit": "75",
        "price_unit": "ML"
      },
      {
        "state": "TAS",
        "price": "300",
        "price_per_unit": "75",
        "price_unit": "ML"
      },
      {
        "state": "ACT",
        "price": "300",
        "price_per_unit": "75",
        "price_unit": "ML"
      },
      {
        "state": "NT",
        "price": "330",
        "price_per_unit": "83",
        "price_unit": "ML"
      }
    ]
  },
  {
    "source_url": "https://www.woolworths.com.au/shop/productdetails/96387/oc-naturals-anti-dandruff-2-in-1",
    "name": "OC Naturals Anti Dandruff 2-In-1 400ml",
    "image_url": "https://cdn1.woolworths.media/content/wowproductimages/large/096387.jpg",
    "source_id": "Woolworths - 96387",
    "barcode": "9310692415145",
    "category_id": "1_894D0A8",
    "shop": "Woolworths",
    "weight": "100ML",
    "prices": [
      {
        "state": "NSW",
        "price": "370",
        "price_per_unit": "93",
        "price_unit": "ML"
      },
      {
        "state": "VIC",
        "price": "370",
        "price_per_unit": "93",
        "price_unit": "ML"
      },
      {
        "state": "QLD",
        "price": "370",
        "price_per_unit": "93",
        "price_unit": "ML"
      },
      {
        "state": "WA",
        "price": "370",
        "price_per_unit": "93",
        "price_unit": "ML"
      },
      {
        "state": "SA",
        "price": "370",
        "price_per_unit": "93",
        "price_unit": "ML"
      },
      {
        "state": "TAS",
        "price": "370",
        "price_per_unit": "93",
        "price_unit": "ML"
      },
      {
        "state": "ACT",
        "price": "370",
        "price_per_unit": "93",
        "price_unit": "ML"
      },
      {
        "state": "NT",
        "price": "400",
        "price_per_unit": "100",
        "price_unit": "ML"
      }
    ]
  },
  {
    "source_url": "https://www.woolworths.com.au/shop/productdetails/683771/oc-naturals-conditioner-coco-repair",
    "name": "OC Naturals Conditioner Coco Repair 400ml",
    "image_url": "https://cdn1.woolworths.media/content/wowproductimages/large/683771.jpg",
    "source_id": "Woolworths - 683771",
    "barcode": "9310692429241",
    "category_id": "1_894D0A8",
    "shop": "Woolworths",
    "weight": "100ML",
    "prices": [
      {
        "state": "NSW",
        "price": "370",
        "price_per_unit": "93",
        "price_unit": "ML"
      },
      {
        "state": "VIC",
        "price": "370",
        "price_per_unit": "93",
        "price_unit": "ML"
      },
      {
        "state": "QLD",
        "price": "370",
        "price_per_unit": "93",
        "price_unit": "ML"
      },
      {
        "state": "WA",
        "price": "370",
        "price_per_unit": "93",
        "price_unit": "ML"
      },
      {
        "state": "SA",
        "price": "370",
        "price_per_unit": "93",
        "price_unit": "ML"
      },
      {
        "state": "TAS",
        "price": "370",
        "price_per_unit": "93",
        "price_unit": "ML"
      },
      {
        "state": "ACT",
        "price": "370",
        "price_per_unit": "93",
        "price_unit": "ML"
      },
      {
        "state": "NT",
        "price": "400",
        "price_per_unit": "100",
        "price_unit": "ML"
      }
    ]
  },
  {
    "source_url": "https://www.woolworths.com.au/shop/productdetails/759605/oc-naturals-conditioner-dry-nourish",
    "name": "OC Naturals Conditioner Dry Nourish 725ml",
    "image_url": "https://cdn1.woolworths.media/content/wowproductimages/large/759605.jpg",
    "source_id": "Woolworths - 759605",
    "barcode": "9310692422273",
    "category_id": "1_894D0A8",
    "shop": "Woolworths",
    "weight": "100ML",
    "prices": [
      {
        "state": "NSW",
        "price": "640",
        "price_per_unit": "88",
        "price_unit": "ML"
      },
      {
        "state": "VIC",
        "price": "640",
        "price_per_unit": "88",
        "price_unit": "ML"
      },
      {
        "state": "QLD",
        "price": "640",
        "price_per_unit": "88",
        "price_unit": "ML"
      },
      {
        "state": "WA",
        "price": "640",
        "price_per_unit": "88",
        "price_unit": "ML"
      },
      {
        "state": "SA",
        "price": "640",
        "price_per_unit": "88",
        "price_unit": "ML"
      },
      {
        "state": "TAS",
        "price": "640",
        "price_per_unit": "88",
        "price_unit": "ML"
      },
      {
        "state": "ACT",
        "price": "640",
        "price_per_unit": "88",
        "price_unit": "ML"
      },
      {
        "state": "NT",
        "price": "672",
        "price_per_unit": "93",
        "price_unit": "ML"
      }
    ]
  },
  {
    "source_url": "https://www.woolworths.com.au/shop/productdetails/8058/oc-naturals-conditioner-normal-balance",
    "name": "OC Naturals Conditioner Normal Balance 400ml",
    "image_url": "https://cdn1.woolworths.media/content/wowproductimages/large/008058.jpg",
    "source_id": "Woolworths - 8058",
    "barcode": "9310692421245",
    "category_id": "1_894D0A8",
    "shop": "Woolworths",
    "weight": "100ML",
    "prices": [
      {
        "state": "NSW",
        "price": "370",
        "price_per_unit": "93",
        "price_unit": "ML"
      },
      {
        "state": "VIC",
        "price": "370",
        "price_per_unit": "93",
        "price_unit": "ML"
      },
      {
        "state": "QLD",
        "price": "370",
        "price_per_unit": "93",
        "price_unit": "ML"
      },
      {
        "state": "WA",
        "price": "370",
        "price_per_unit": "93",
        "price_unit": "ML"
      },
      {
        "state": "SA",
        "price": "370",
        "price_per_unit": "93",
        "price_unit": "ML"
      },
      {
        "state": "TAS",
        "price": "370",
        "price_per_unit": "93",
        "price_unit": "ML"
      },
      {
        "state": "ACT",
        "price": "370",
        "price_per_unit": "93",
        "price_unit": "ML"
      },
      {
        "state": "NT",
        "price": "400",
        "price_per_unit": "100",
        "price_unit": "ML"
      }
    ]
  },
  {
    "source_url": "https://www.woolworths.com.au/shop/productdetails/759589/oc-naturals-conditioner-normal-balance",
    "name": "OC Naturals Conditioner Normal Balance 725ml",
    "image_url": "https://cdn1.woolworths.media/content/wowproductimages/large/759589.jpg",
    "source_id": "Woolworths - 759589",
    "barcode": "9310692421276",
    "category_id": "1_894D0A8",
    "shop": "Woolworths",
    "weight": "100ML",
    "prices": [
      {
        "state": "NSW",
        "price": "640",
        "price_per_unit": "88",
        "price_unit": "ML"
      },
      {
        "state": "VIC",
        "price": "640",
        "price_per_unit": "88",
        "price_unit": "ML"
      },
      {
        "state": "QLD",
        "price": "640",
        "price_per_unit": "88",
        "price_unit": "ML"
      },
      {
        "state": "WA",
        "price": "640",
        "price_per_unit": "88",
        "price_unit": "ML"
      },
      {
        "state": "SA",
        "price": "640",
        "price_per_unit": "88",
        "price_unit": "ML"
      },
      {
        "state": "TAS",
        "price": "640",
        "price_per_unit": "88",
        "price_unit": "ML"
      }
    ]
  },
  {
    "source_url": "https://www.woolworths.com.au/shop/productdetails/325782/oc-naturals-kids-3-in-1-fruit-berry-bliss",
    "name": "OC Naturals Kids 3-In-1 Fruit Berry Bliss 400ml",
    "image_url": "https://cdn1.woolworths.media/content/wowproductimages/large/325782.jpg",
    "source_id": "Woolworths - 325782",
    "barcode": "9310692481140",
    "category_id": "1_894D0A8",
    "shop": "Woolworths",
    "weight": "100ML",
    "prices": [
      {
        "state": "NSW",
        "price": "400",
        "price_per_unit": "100",
        "price_unit": "ML"
      },
      {
        "state": "VIC",
        "price": "400",
        "price_per_unit": "100",
        "price_unit": "ML"
      },
      {
        "state": "QLD",
        "price": "400",
        "price_per_unit": "100",
        "price_unit": "ML"
      },
      {
        "state": "WA",
        "price": "400",
        "price_per_unit": "100",
        "price_unit": "ML"
      },
      {
        "state": "SA",
        "price": "400",
        "price_per_unit": "100",
        "price_unit": "ML"
      },
      {
        "state": "TAS",
        "price": "400",
        "price_per_unit": "100",
        "price_unit": "ML"
      },
      {
        "state": "ACT",
        "price": "400",
        "price_per_unit": "100",
        "price_unit": "ML"
      },
      {
        "state": "NT",
        "price": "440",
        "price_per_unit": "110",
        "price_unit": "ML"
      }
    ]
  },
  {
    "source_url": "https://www.woolworths.com.au/shop/productdetails/325785/oc-naturals-kids-3-in-1-fruit-blast",
    "name": "OC Naturals Kids 3-In-1 Fruit Blast 400ml",
    "image_url": "https://cdn1.woolworths.media/content/wowproductimages/large/325785.jpg",
    "source_id": "Woolworths - 325785",
    "barcode": "9310692481249",
    "category_id": "1_894D0A8",
    "shop": "Woolworths",
    "weight": "100ML",
    "prices": [
      {
        "state": "NSW",
        "price": "400",
        "price_per_unit": "100",
        "price_unit": "ML"
      },
      {
        "state": "VIC",
        "price": "400",
        "price_per_unit": "100",
        "price_unit": "ML"
      },
      {
        "state": "QLD",
        "price": "400",
        "price_per_unit": "100",
        "price_unit": "ML"
      },
      {
        "state": "WA",
        "price": "400",
        "price_per_unit": "100",
        "price_unit": "ML"
      },
      {
        "state": "SA",
        "price": "400",
        "price_per_unit": "100",
        "price_unit": "ML"
      },
      {
        "state": "TAS",
        "price": "400",
        "price_per_unit": "100",
        "price_unit": "ML"
      },
      {
        "state": "ACT",
        "price": "400",
        "price_per_unit": "100",
        "price_unit": "ML"
      },
      {
        "state": "NT",
        "price": "440",
        "price_per_unit": "110",
        "price_unit": "ML"
      }
    ]
  },
  {
    "source_url": "https://www.woolworths.com.au/shop/productdetails/336212/oc-naturals-kids-detangling-spray",
    "name": "OC Naturals Kids Detangling Spray 250ml",
    "image_url": "https://cdn1.woolworths.media/content/wowproductimages/large/336212.jpg",
    "source_id": "Woolworths - 336212",
    "barcode": "9310692491125",
    "category_id": "1_894D0A8",
    "shop": "Woolworths",
    "weight": "100ML",
    "prices": [
      {
        "state": "NSW",
        "price": "390",
        "price_per_unit": "156",
        "price_unit": "ML"
      },
      {
        "state": "VIC",
        "price": "390",
        "price_per_unit": "156",
        "price_unit": "ML"
      },
      {
        "state": "QLD",
        "price": "390",
        "price_per_unit": "156",
        "price_unit": "ML"
      },
      {
        "state": "WA",
        "price": "390",
        "price_per_unit": "156",
        "price_unit": "ML"
      },
      {
        "state": "SA",
        "price": "390",
        "price_per_unit": "156",
        "price_unit": "ML"
      },
      {
        "state": "TAS",
        "price": "390",
        "price_per_unit": "156",
        "price_unit": "ML"
      },
      {
        "state": "ACT",
        "price": "390",
        "price_per_unit": "156",
        "price_unit": "ML"
      },
      {
        "state": "NT",
        "price": "420",
        "price_per_unit": "168",
        "price_unit": "ML"
      }
    ]
  },
  {
    "source_url": "https://www.woolworths.com.au/shop/productdetails/683735/oc-naturals-shampoo-coco-repair",
    "name": "OC Naturals Shampoo Coco Repair 400ml",
    "image_url": "https://cdn1.woolworths.media/content/wowproductimages/large/683735.jpg",
    "source_id": "Woolworths - 683735",
    "barcode": "9310692429142",
    "category_id": "1_894D0A8",
    "shop": "Woolworths",
    "weight": "100ML",
    "prices": [
      {
        "state": "NSW",
        "price": "370",
        "price_per_unit": "93",
        "price_unit": "ML"
      },
      {
        "state": "VIC",
        "price": "370",
        "price_per_unit": "93",
        "price_unit": "ML"
      },
      {
        "state": "QLD",
        "price": "370",
        "price_per_unit": "93",
        "price_unit": "ML"
      },
      {
        "state": "WA",
        "price": "370",
        "price_per_unit": "93",
        "price_unit": "ML"
      },
      {
        "state": "SA",
        "price": "370",
        "price_per_unit": "93",
        "price_unit": "ML"
      },
      {
        "state": "TAS",
        "price": "370",
        "price_per_unit": "93",
        "price_unit": "ML"
      },
      {
        "state": "ACT",
        "price": "370",
        "price_per_unit": "93",
        "price_unit": "ML"
      },
      {
        "state": "NT",
        "price": "400",
        "price_per_unit": "100",
        "price_unit": "ML"
      }
    ]
  },
  {
    "source_url": "https://www.woolworths.com.au/shop/productdetails/759539/oc-naturals-shampoo-dry-nourish",
    "name": "OC Naturals Shampoo Dry Nourish 725ml",
    "image_url": "https://cdn1.woolworths.media/content/wowproductimages/large/759539.jpg",
    "source_id": "Woolworths - 759539",
    "barcode": "9310692422174",
    "category_id": "1_894D0A8",
    "shop": "Woolworths",
    "weight": "100ML",
    "prices": [
      {
        "state": "NSW",
        "price": "640",
        "price_per_unit": "88",
        "price_unit": "ML"
      },
      {
        "state": "VIC",
        "price": "640",
        "price_per_unit": "88",
        "price_unit": "ML"
      },
      {
        "state": "QLD",
        "price": "640",
        "price_per_unit": "88",
        "price_unit": "ML"
      },
      {
        "state": "WA",
        "price": "640",
        "price_per_unit": "88",
        "price_unit": "ML"
      },
      {
        "state": "SA",
        "price": "640",
        "price_per_unit": "88",
        "price_unit": "ML"
      },
      {
        "state": "TAS",
        "price": "640",
        "price_per_unit": "88",
        "price_unit": "ML"
      },
      {
        "state": "ACT",
        "price": "640",
        "price_per_unit": "88",
        "price_unit": "ML"
      },
      {
        "state": "NT",
        "price": "672",
        "price_per_unit": "93",
        "price_unit": "ML"
      }
    ]
  },
  {
    "source_url": "https://www.woolworths.com.au/shop/productdetails/6768/oc-naturals-shampoo-normal-balance",
    "name": "OC Naturals Shampoo Normal Balance 400ml",
    "image_url": "https://cdn1.woolworths.media/content/wowproductimages/large/006768.jpg",
    "source_id": "Woolworths - 6768",
    "barcode": "9310692421146",
    "category_id": "1_894D0A8",
    "shop": "Woolworths",
    "weight": "100ML",
    "prices": [
      {
        "state": "NSW",
        "price": "370",
        "price_per_unit": "93",
        "price_unit": "ML"
      },
      {
        "state": "VIC",
        "price": "370",
        "price_per_unit": "93",
        "price_unit": "ML"
      },
      {
        "state": "QLD",
        "price": "370",
        "price_per_unit": "93",
        "price_unit": "ML"
      },
      {
        "state": "WA",
        "price": "370",
        "price_per_unit": "93",
        "price_unit": "ML"
      },
      {
        "state": "SA",
        "price": "370",
        "price_per_unit": "93",
        "price_unit": "ML"
      },
      {
        "state": "TAS",
        "price": "370",
        "price_per_unit": "93",
        "price_unit": "ML"
      },
      {
        "state": "ACT",
        "price": "370",
        "price_per_unit": "93",
        "price_unit": "ML"
      }
    ]
  },
  {
    "source_url": "https://www.woolworths.com.au/shop/productdetails/759611/oc-naturals-shampoo-normal-balance",
    "name": "OC Naturals Shampoo Normal Balance 725ml",
    "image_url": "https://cdn1.woolworths.media/content/wowproductimages/large/759611.jpg",
    "source_id": "Woolworths - 759611",
    "barcode": "9310692421177",
    "category_id": "1_894D0A8",
    "shop": "Woolworths",
    "weight": "100ML",
    "prices": [
      {
        "state": "NSW",
        "price": "640",
        "price_per_unit": "88",
        "price_unit": "ML"
      },
      {
        "state": "VIC",
        "price": "640",
        "price_per_unit": "88",
        "price_unit": "ML"
      },
      {
        "state": "QLD",
        "price": "640",
        "price_per_unit": "88",
        "price_unit": "ML"
      },
      {
        "state": "WA",
        "price": "640",
        "price_per_unit": "88",
        "price_unit": "ML"
      },
      {
        "state": "SA",
        "price": "640",
        "price_per_unit": "88",
        "price_unit": "ML"
      },
      {
        "state": "TAS",
        "price": "640",
        "price_per_unit": "88",
        "price_unit": "ML"
      },
      {
        "state": "ACT",
        "price": "640",
        "price_per_unit": "88",
        "price_unit": "ML"
      },
      {
        "state": "NT",
        "price": "672",
        "price_per_unit": "93",
        "price_unit": "ML"
      }
    ]
  },
  {
    "source_url": "https://www.woolworths.com.au/shop/productdetails/725754/ogx-argan-oil-conditioner-for-dry-damaged-hair",
    "name": "OGX Argan Oil Conditioner For Dry & Damaged Hair 385mL",
    "image_url": "https://cdn1.woolworths.media/content/wowproductimages/large/725754.jpg",
    "source_id": "Woolworths - 725754",
    "barcode": "22796916129",
    "category_id": "1_894D0A8",
    "shop": "Woolworths",
    "weight": "100ML",
    "prices": [
      {
        "state": "NSW",
        "price": "2300",
        "price_per_unit": "597",
        "price_unit": "ML"
      },
      {
        "state": "VIC",
        "price": "2300",
        "price_per_unit": "597",
        "price_unit": "ML"
      },
      {
        "state": "QLD",
        "price": "2300",
        "price_per_unit": "597",
        "price_unit": "ML"
      },
      {
        "state": "WA",
        "price": "2300",
        "price_per_unit": "597",
        "price_unit": "ML"
      },
      {
        "state": "SA",
        "price": "2300",
        "price_per_unit": "597",
        "price_unit": "ML"
      },
      {
        "state": "TAS",
        "price": "2300",
        "price_per_unit": "597",
        "price_unit": "ML"
      },
      {
        "state": "ACT",
        "price": "2300",
        "price_per_unit": "597",
        "price_unit": "ML"
      }
    ]
  },
  {
    "source_url": "https://www.woolworths.com.au/shop/productdetails/698245/ogx-argan-oil-conditioner-for-dry-damaged-hair",
    "name": "OGX Argan Oil Conditioner For Dry & Damaged Hair 88.7mL",
    "image_url": "https://cdn1.woolworths.media/content/wowproductimages/large/698245.jpg",
    "source_id": "Woolworths - 698245",
    "barcode": "22796913128",
    "category_id": "1_894D0A8",
    "shop": "Woolworths",
    "weight": "100ML",
    "prices": [
      {
        "state": "NSW",
        "price": "600",
        "price_per_unit": "674",
        "price_unit": "ML"
      },
      {
        "state": "VIC",
        "price": "600",
        "price_per_unit": "674",
        "price_unit": "ML"
      },
      {
        "state": "QLD",
        "price": "600",
        "price_per_unit": "674",
        "price_unit": "ML"
      },
      {
        "state": "WA",
        "price": "600",
        "price_per_unit": "674",
        "price_unit": "ML"
      },
      {
        "state": "SA",
        "price": "600",
        "price_per_unit": "674",
        "price_unit": "ML"
      },
      {
        "state": "TAS",
        "price": "600",
        "price_per_unit": "674",
        "price_unit": "ML"
      },
      {
        "state": "ACT",
        "price": "600",
        "price_per_unit": "674",
        "price_unit": "ML"
      },
      {
        "state": "NT",
        "price": "600",
        "price_per_unit": "674",
        "price_unit": "ML"
      }
    ]
  },
  {
    "source_url": "https://www.woolworths.com.au/shop/productdetails/486575/ogx-argan-oil-extra-strength-conditioner-for-damaged-hair",
    "name": "OGX Argan Oil Extra Strength Conditioner For Damaged Hair 385mL",
    "image_url": "https://cdn1.woolworths.media/content/wowproductimages/large/486575.jpg",
    "source_id": "Woolworths - 486575",
    "barcode": "22796900111",
    "category_id": "1_894D0A8",
    "shop": "Woolworths",
    "weight": "100ML",
    "prices": [
      {
        "state": "NSW",
        "price": "2500",
        "price_per_unit": "649",
        "price_unit": "ML"
      },
      {
        "state": "VIC",
        "price": "2500",
        "price_per_unit": "649",
        "price_unit": "ML"
      },
      {
        "state": "QLD",
        "price": "2500",
        "price_per_unit": "649",
        "price_unit": "ML"
      },
      {
        "state": "WA",
        "price": "2500",
        "price_per_unit": "649",
        "price_unit": "ML"
      },
      {
        "state": "SA",
        "price": "2500",
        "price_per_unit": "649",
        "price_unit": "ML"
      },
      {
        "state": "TAS",
        "price": "2500",
        "price_per_unit": "649",
        "price_unit": "ML"
      },
      {
        "state": "ACT",
        "price": "2500",
        "price_per_unit": "649",
        "price_unit": "ML"
      },
      {
        "state": "NT",
        "price": "2600",
        "price_per_unit": "675",
        "price_unit": "ML"
      }
    ]
  },
  {
    "source_url": "https://www.woolworths.com.au/shop/productdetails/486585/ogx-argan-oil-extra-strength-shampoo-for-damaged-hair",
    "name": "OGX Argan Oil Extra Strength Shampoo For Damaged Hair 385mL",
    "image_url": "https://cdn1.woolworths.media/content/wowproductimages/large/486585.jpg",
    "source_id": "Woolworths - 486585",
    "barcode": "22796900104",
    "category_id": "1_894D0A8",
    "shop": "Woolworths",
    "weight": "100ML",
    "prices": [
      {
        "state": "NSW",
        "price": "2500",
        "price_per_unit": "649",
        "price_unit": "ML"
      },
      {
        "state": "VIC",
        "price": "2500",
        "price_per_unit": "649",
        "price_unit": "ML"
      },
      {
        "state": "QLD",
        "price": "2500",
        "price_per_unit": "649",
        "price_unit": "ML"
      },
      {
        "state": "WA",
        "price": "2500",
        "price_per_unit": "649",
        "price_unit": "ML"
      },
      {
        "state": "SA",
        "price": "2500",
        "price_per_unit": "649",
        "price_unit": "ML"
      },
      {
        "state": "TAS",
        "price": "2500",
        "price_per_unit": "649",
        "price_unit": "ML"
      },
      {
        "state": "ACT",
        "price": "2500",
        "price_per_unit": "649",
        "price_unit": "ML"
      },
      {
        "state": "NT",
        "price": "2600",
        "price_per_unit": "675",
        "price_unit": "ML"
      }
    ]
  },
  {
    "source_url": "https://www.woolworths.com.au/shop/productdetails/590324/ogx-argan-oil-lightweight-conditioner",
    "name": "OGX Argan Oil Lightweight Conditioner 385mL",
    "image_url": "https://cdn1.woolworths.media/content/wowproductimages/large/590324.jpg",
    "source_id": "Woolworths - 590324",
    "barcode": "3574661681719",
    "category_id": "1_894D0A8",
    "shop": "Woolworths",
    "weight": "100ML",
    "prices": [
      {
        "state": "NSW",
        "price": "2300",
        "price_per_unit": "597",
        "price_unit": "ML"
      },
      {
        "state": "VIC",
        "price": "2300",
        "price_per_unit": "597",
        "price_unit": "ML"
      },
      {
        "state": "QLD",
        "price": "2300",
        "price_per_unit": "597",
        "price_unit": "ML"
      },
      {
        "state": "WA",
        "price": "2300",
        "price_per_unit": "597",
        "price_unit": "ML"
      },
      {
        "state": "SA",
        "price": "2300",
        "price_per_unit": "597",
        "price_unit": "ML"
      },
      {
        "state": "TAS",
        "price": "2300",
        "price_per_unit": "597",
        "price_unit": "ML"
      },
      {
        "state": "ACT",
        "price": "2300",
        "price_per_unit": "597",
        "price_unit": "ML"
      },
      {
        "state": "NT",
        "price": "2400",
        "price_per_unit": "623",
        "price_unit": "ML"
      }
    ]
  },
  {
    "source_url": "https://www.woolworths.com.au/shop/productdetails/591507/ogx-argan-oil-of-morocco-lightweight-shampoo",
    "name": "OGX Argan Oil Of Morocco Lightweight Shampoo 385mL",
    "image_url": "https://cdn1.woolworths.media/content/wowproductimages/large/591507.jpg",
    "source_id": "Woolworths - 591507",
    "barcode": "3574661681092",
    "category_id": "1_894D0A8",
    "shop": "Woolworths",
    "weight": "100ML",
    "prices": [
      {
        "state": "NSW",
        "price": "2300",
        "price_per_unit": "597",
        "price_unit": "ML"
      },
      {
        "state": "VIC",
        "price": "2300",
        "price_per_unit": "597",
        "price_unit": "ML"
      },
      {
        "state": "QLD",
        "price": "2300",
        "price_per_unit": "597",
        "price_unit": "ML"
      },
      {
        "state": "WA",
        "price": "2300",
        "price_per_unit": "597",
        "price_unit": "ML"
      },
      {
        "state": "SA",
        "price": "2300",
        "price_per_unit": "597",
        "price_unit": "ML"
      },
      {
        "state": "TAS",
        "price": "2300",
        "price_per_unit": "597",
        "price_unit": "ML"
      },
      {
        "state": "ACT",
        "price": "2300",
        "price_per_unit": "597",
        "price_unit": "ML"
      },
      {
        "state": "NT",
        "price": "2400",
        "price_per_unit": "623",
        "price_unit": "ML"
      }
    ]
  },
  {
    "source_url": "https://www.woolworths.com.au/shop/productdetails/725753/ogx-argan-oil-shampoo-for-dry-damaged-hair",
    "name": "OGX Argan Oil Shampoo For Dry & Damaged Hair 385mL",
    "image_url": "https://cdn1.woolworths.media/content/wowproductimages/large/725753.jpg",
    "source_id": "Woolworths - 725753",
    "barcode": "22796916112",
    "category_id": "1_894D0A8",
    "shop": "Woolworths",
    "weight": "100ML",
    "prices": [
      {
        "state": "NSW",
        "price": "2300",
        "price_per_unit": "597",
        "price_unit": "ML"
      },
      {
        "state": "VIC",
        "price": "2300",
        "price_per_unit": "597",
        "price_unit": "ML"
      },
      {
        "state": "QLD",
        "price": "2300",
        "price_per_unit": "597",
        "price_unit": "ML"
      },
      {
        "state": "WA",
        "price": "2300",
        "price_per_unit": "597",
        "price_unit": "ML"
      },
      {
        "state": "SA",
        "price": "2300",
        "price_per_unit": "597",
        "price_unit": "ML"
      },
      {
        "state": "TAS",
        "price": "2300",
        "price_per_unit": "597",
        "price_unit": "ML"
      },
      {
        "state": "ACT",
        "price": "2300",
        "price_per_unit": "597",
        "price_unit": "ML"
      },
      {
        "state": "NT",
        "price": "2400",
        "price_per_unit": "623",
        "price_unit": "ML"
      }
    ]
  },
  {
    "source_url": "https://www.woolworths.com.au/shop/productdetails/699862/ogx-biotin-collagen-conditioner-for-fine-hair",
    "name": "OGX Biotin & Collagen Conditioner For Fine Hair 385mL",
    "image_url": "https://cdn1.woolworths.media/content/wowproductimages/large/699862.jpg",
    "source_id": "Woolworths - 699862",
    "barcode": "22796916716",
    "category_id": "1_894D0A8",
    "shop": "Woolworths",
    "weight": "100ML",
    "prices": [
      {
        "state": "NSW",
        "price": "2300",
        "price_per_unit": "597",
        "price_unit": "ML"
      },
      {
        "state": "VIC",
        "price": "2300",
        "price_per_unit": "597",
        "price_unit": "ML"
      },
      {
        "state": "QLD",
        "price": "2300",
        "price_per_unit": "597",
        "price_unit": "ML"
      },
      {
        "state": "WA",
        "price": "2300",
        "price_per_unit": "597",
        "price_unit": "ML"
      },
      {
        "state": "SA",
        "price": "2300",
        "price_per_unit": "597",
        "price_unit": "ML"
      },
      {
        "state": "TAS",
        "price": "2300",
        "price_per_unit": "597",
        "price_unit": "ML"
      },
      {
        "state": "ACT",
        "price": "2300",
        "price_per_unit": "597",
        "price_unit": "ML"
      },
      {
        "state": "NT",
        "price": "2400",
        "price_per_unit": "623",
        "price_unit": "ML"
      }
    ]
  },
  {
    "source_url": "https://www.woolworths.com.au/shop/productdetails/699861/ogx-biotin-collagen-shampoo-for-fine-hair",
    "name": "OGX Biotin & Collagen Shampoo For Fine Hair 385mL",
    "image_url": "https://cdn1.woolworths.media/content/wowproductimages/large/699861.jpg",
    "source_id": "Woolworths - 699861",
    "barcode": "22796916709",
    "category_id": "1_894D0A8",
    "shop": "Woolworths",
    "weight": "100ML",
    "prices": [
      {
        "state": "NSW",
        "price": "2300",
        "price_per_unit": "597",
        "price_unit": "ML"
      },
      {
        "state": "VIC",
        "price": "2300",
        "price_per_unit": "597",
        "price_unit": "ML"
      },
      {
        "state": "QLD",
        "price": "2300",
        "price_per_unit": "597",
        "price_unit": "ML"
      },
      {
        "state": "WA",
        "price": "2300",
        "price_per_unit": "597",
        "price_unit": "ML"
      },
      {
        "state": "SA",
        "price": "2300",
        "price_per_unit": "597",
        "price_unit": "ML"
      },
      {
        "state": "TAS",
        "price": "2300",
        "price_per_unit": "597",
        "price_unit": "ML"
      },
      {
        "state": "ACT",
        "price": "2300",
        "price_per_unit": "597",
        "price_unit": "ML"
      },
      {
        "state": "NT",
        "price": "2400",
        "price_per_unit": "623",
        "price_unit": "ML"
      }
    ]
  },
  {
    "source_url": "https://www.woolworths.com.au/shop/productdetails/104159/ogx-bond-protein-conditioner",
    "name": "OGX Bond Protein Conditioner 385mL",
    "image_url": "https://cdn1.woolworths.media/content/wowproductimages/large/104159.jpg",
    "source_id": "Woolworths - 104159",
    "barcode": "52800681941",
    "category_id": "1_894D0A8",
    "shop": "Woolworths",
    "weight": "100ML",
    "prices": [
      {
        "state": "NSW",
        "price": "2500",
        "price_per_unit": "649",
        "price_unit": "ML"
      },
      {
        "state": "VIC",
        "price": "2500",
        "price_per_unit": "649",
        "price_unit": "ML"
      },
      {
        "state": "QLD",
        "price": "2500",
        "price_per_unit": "649",
        "price_unit": "ML"
      },
      {
        "state": "WA",
        "price": "2500",
        "price_per_unit": "649",
        "price_unit": "ML"
      },
      {
        "state": "SA",
        "price": "2500",
        "price_per_unit": "649",
        "price_unit": "ML"
      },
      {
        "state": "TAS",
        "price": "2500",
        "price_per_unit": "649",
        "price_unit": "ML"
      },
      {
        "state": "ACT",
        "price": "2500",
        "price_per_unit": "649",
        "price_unit": "ML"
      },
      {
        "state": "NT",
        "price": "2600",
        "price_per_unit": "675",
        "price_unit": "ML"
      }
    ]
  },
  {
    "source_url": "https://www.woolworths.com.au/shop/productdetails/104115/ogx-bond-protein-shampoo",
    "name": "OGX Bond Protein Shampoo 385mL",
    "image_url": "https://cdn1.woolworths.media/content/wowproductimages/large/104115.jpg",
    "source_id": "Woolworths - 104115",
    "barcode": "52800681910",
    "category_id": "1_894D0A8",
    "shop": "Woolworths",
    "weight": "100ML",
    "prices": [
      {
        "state": "NSW",
        "price": "2500",
        "price_per_unit": "649",
        "price_unit": "ML"
      },
      {
        "state": "VIC",
        "price": "2500",
        "price_per_unit": "649",
        "price_unit": "ML"
      },
      {
        "state": "QLD",
        "price": "2500",
        "price_per_unit": "649",
        "price_unit": "ML"
      },
      {
        "state": "WA",
        "price": "2500",
        "price_per_unit": "649",
        "price_unit": "ML"
      },
      {
        "state": "SA",
        "price": "2500",
        "price_per_unit": "649",
        "price_unit": "ML"
      },
      {
        "state": "TAS",
        "price": "2500",
        "price_per_unit": "649",
        "price_unit": "ML"
      },
      {
        "state": "ACT",
        "price": "2500",
        "price_per_unit": "649",
        "price_unit": "ML"
      },
      {
        "state": "NT",
        "price": "2600",
        "price_per_unit": "675",
        "price_unit": "ML"
      }
    ]
  },
  {
    "source_url": "https://www.woolworths.com.au/shop/productdetails/376591/ogx-brazilian-keratin-therapy-conditioner-for-dull-hair",
    "name": "OGX Brazilian Keratin Therapy Conditioner For Dull Hair 385mL",
    "image_url": "https://cdn1.woolworths.media/content/wowproductimages/large/376591.jpg",
    "source_id": "Woolworths - 376591",
    "barcode": "22796916020",
    "category_id": "1_894D0A8",
    "shop": "Woolworths",
    "weight": "100ML",
    "prices": [
      {
        "state": "NSW",
        "price": "2300",
        "price_per_unit": "597",
        "price_unit": "ML"
      },
      {
        "state": "VIC",
        "price": "2300",
        "price_per_unit": "597",
        "price_unit": "ML"
      },
      {
        "state": "QLD",
        "price": "2300",
        "price_per_unit": "597",
        "price_unit": "ML"
      },
      {
        "state": "WA",
        "price": "2300",
        "price_per_unit": "597",
        "price_unit": "ML"
      },
      {
        "state": "SA",
        "price": "2300",
        "price_per_unit": "597",
        "price_unit": "ML"
      },
      {
        "state": "TAS",
        "price": "2300",
        "price_per_unit": "597",
        "price_unit": "ML"
      },
      {
        "state": "ACT",
        "price": "2300",
        "price_per_unit": "597",
        "price_unit": "ML"
      },
      {
        "state": "NT",
        "price": "2400",
        "price_per_unit": "623",
        "price_unit": "ML"
      }
    ]
  },
  {
    "source_url": "https://www.woolworths.com.au/shop/productdetails/376590/ogx-brazilian-keratin-therapy-shampoo-for-dull-hair",
    "name": "OGX Brazilian Keratin Therapy Shampoo For Dull Hair 385mL",
    "image_url": "https://cdn1.woolworths.media/content/wowproductimages/large/376590.jpg",
    "source_id": "Woolworths - 376590",
    "barcode": "22796916013",
    "category_id": "1_894D0A8",
    "shop": "Woolworths",
    "weight": "100ML",
    "prices": [
      {
        "state": "NSW",
        "price": "2300",
        "price_per_unit": "597",
        "price_unit": "ML"
      },
      {
        "state": "VIC",
        "price": "2300",
        "price_per_unit": "597",
        "price_unit": "ML"
      },
      {
        "state": "QLD",
        "price": "2300",
        "price_per_unit": "597",
        "price_unit": "ML"
      },
      {
        "state": "WA",
        "price": "2300",
        "price_per_unit": "597",
        "price_unit": "ML"
      },
      {
        "state": "SA",
        "price": "2300",
        "price_per_unit": "597",
        "price_unit": "ML"
      },
      {
        "state": "TAS",
        "price": "2300",
        "price_per_unit": "597",
        "price_unit": "ML"
      },
      {
        "state": "ACT",
        "price": "2300",
        "price_per_unit": "597",
        "price_unit": "ML"
      },
      {
        "state": "NT",
        "price": "2400",
        "price_per_unit": "623",
        "price_unit": "ML"
      }
    ]
  },
  {
    "source_url": "https://www.woolworths.com.au/shop/productdetails/892991/ogx-cherry-blossom-conditioner-for-thin-fine-hair",
    "name": "OGX Cherry Blossom Conditioner For Thin & Fine Hair 385mL",
    "image_url": "https://cdn1.woolworths.media/content/wowproductimages/large/892991.jpg",
    "source_id": "Woolworths - 892991",
    "barcode": "22796900814",
    "category_id": "1_894D0A8",
    "shop": "Woolworths",
    "weight": "100ML",
    "prices": [
      {
        "state": "NSW",
        "price": "2300",
        "price_per_unit": "597",
        "price_unit": "ML"
      },
      {
        "state": "VIC",
        "price": "2300",
        "price_per_unit": "597",
        "price_unit": "ML"
      },
      {
        "state": "QLD",
        "price": "2300",
        "price_per_unit": "597",
        "price_unit": "ML"
      },
      {
        "state": "WA",
        "price": "2300",
        "price_per_unit": "597",
        "price_unit": "ML"
      },
      {
        "state": "SA",
        "price": "2300",
        "price_per_unit": "597",
        "price_unit": "ML"
      },
      {
        "state": "TAS",
        "price": "2300",
        "price_per_unit": "597",
        "price_unit": "ML"
      },
      {
        "state": "ACT",
        "price": "2300",
        "price_per_unit": "597",
        "price_unit": "ML"
      },
      {
        "state": "NT",
        "price": "2400",
        "price_per_unit": "623",
        "price_unit": "ML"
      }
    ]
  },
  {
    "source_url": "https://www.woolworths.com.au/shop/productdetails/892988/ogx-cherry-blossom-shampoo-for-thin-fine-hair",
    "name": "OGX Cherry Blossom Shampoo For Thin & Fine Hair 385mL",
    "image_url": "https://cdn1.woolworths.media/content/wowproductimages/large/892988.jpg",
    "source_id": "Woolworths - 892988",
    "barcode": "22796900807",
    "category_id": "1_894D0A8",
    "shop": "Woolworths",
    "weight": "100ML",
    "prices": [
      {
        "state": "NSW",
        "price": "2300",
        "price_per_unit": "597",
        "price_unit": "ML"
      },
      {
        "state": "VIC",
        "price": "2300",
        "price_per_unit": "597",
        "price_unit": "ML"
      },
      {
        "state": "QLD",
        "price": "2300",
        "price_per_unit": "597",
        "price_unit": "ML"
      },
      {
        "state": "WA",
        "price": "2300",
        "price_per_unit": "597",
        "price_unit": "ML"
      },
      {
        "state": "SA",
        "price": "2300",
        "price_per_unit": "597",
        "price_unit": "ML"
      },
      {
        "state": "TAS",
        "price": "2300",
        "price_per_unit": "597",
        "price_unit": "ML"
      },
      {
        "state": "ACT",
        "price": "2300",
        "price_per_unit": "597",
        "price_unit": "ML"
      },
      {
        "state": "NT",
        "price": "2400",
        "price_per_unit": "623",
        "price_unit": "ML"
      }
    ]
  },
  {
    "source_url": "https://www.woolworths.com.au/shop/productdetails/486571/ogx-coconut-curls-conditioner-for-curly-hair",
    "name": "OGX Coconut Curls Conditioner For Curly Hair 385mL",
    "image_url": "https://cdn1.woolworths.media/content/wowproductimages/large/486571.jpg",
    "source_id": "Woolworths - 486571",
    "barcode": "22796900920",
    "category_id": "1_894D0A8",
    "shop": "Woolworths",
    "weight": "100ML",
    "prices": [
      {
        "state": "NSW",
        "price": "2300",
        "price_per_unit": "597",
        "price_unit": "ML"
      },
      {
        "state": "VIC",
        "price": "2300",
        "price_per_unit": "597",
        "price_unit": "ML"
      },
      {
        "state": "QLD",
        "price": "2300",
        "price_per_unit": "597",
        "price_unit": "ML"
      },
      {
        "state": "WA",
        "price": "2300",
        "price_per_unit": "597",
        "price_unit": "ML"
      },
      {
        "state": "SA",
        "price": "2300",
        "price_per_unit": "597",
        "price_unit": "ML"
      },
      {
        "state": "TAS",
        "price": "2300",
        "price_per_unit": "597",
        "price_unit": "ML"
      },
      {
        "state": "ACT",
        "price": "2300",
        "price_per_unit": "597",
        "price_unit": "ML"
      },
      {
        "state": "NT",
        "price": "2400",
        "price_per_unit": "623",
        "price_unit": "ML"
      }
    ]
  },
  {
    "source_url": "https://www.woolworths.com.au/shop/productdetails/486567/ogx-coconut-curls-shampoo-for-curly-hair",
    "name": "OGX Coconut Curls Shampoo For Curly Hair 385mL",
    "image_url": "https://cdn1.woolworths.media/content/wowproductimages/large/486567.jpg",
    "source_id": "Woolworths - 486567",
    "barcode": "22796900906",
    "category_id": "1_894D0A8",
    "shop": "Woolworths",
    "weight": "100ML",
    "prices": [
      {
        "state": "NSW",
        "price": "2300",
        "price_per_unit": "597",
        "price_unit": "ML"
      },
      {
        "state": "VIC",
        "price": "2300",
        "price_per_unit": "597",
        "price_unit": "ML"
      },
      {
        "state": "QLD",
        "price": "2300",
        "price_per_unit": "597",
        "price_unit": "ML"
      },
      {
        "state": "WA",
        "price": "2300",
        "price_per_unit": "597",
        "price_unit": "ML"
      },
      {
        "state": "SA",
        "price": "2300",
        "price_per_unit": "597",
        "price_unit": "ML"
      },
      {
        "state": "TAS",
        "price": "2300",
        "price_per_unit": "597",
        "price_unit": "ML"
      },
      {
        "state": "ACT",
        "price": "2300",
        "price_per_unit": "597",
        "price_unit": "ML"
      },
      {
        "state": "NT",
        "price": "2400",
        "price_per_unit": "623",
        "price_unit": "ML"
      }
    ]
  },
  {
    "source_url": "https://www.woolworths.com.au/shop/productdetails/325774/ogx-coconut-milk-conditioner-for-dry-hair",
    "name": "OGX Coconut Milk Conditioner For Dry Hair 385mL",
    "image_url": "https://cdn1.woolworths.media/content/wowproductimages/large/325774.jpg",
    "source_id": "Woolworths - 325774",
    "barcode": "22796910066",
    "category_id": "1_894D0A8",
    "shop": "Woolworths",
    "weight": "100ML",
    "prices": [
      {
        "state": "NSW",
        "price": "2300",
        "price_per_unit": "597",
        "price_unit": "ML"
      },
      {
        "state": "VIC",
        "price": "2300",
        "price_per_unit": "597",
        "price_unit": "ML"
      },
      {
        "state": "QLD",
        "price": "2300",
        "price_per_unit": "597",
        "price_unit": "ML"
      },
      {
        "state": "WA",
        "price": "2300",
        "price_per_unit": "597",
        "price_unit": "ML"
      },
      {
        "state": "SA",
        "price": "2300",
        "price_per_unit": "597",
        "price_unit": "ML"
      },
      {
        "state": "TAS",
        "price": "2300",
        "price_per_unit": "597",
        "price_unit": "ML"
      },
      {
        "state": "ACT",
        "price": "2300",
        "price_per_unit": "597",
        "price_unit": "ML"
      },
      {
        "state": "NT",
        "price": "2400",
        "price_per_unit": "623",
        "price_unit": "ML"
      }
    ]
  },
  {
    "source_url": "https://www.woolworths.com.au/shop/productdetails/325771/ogx-coconut-milk-shampoo-shampoo-for-dry-hair",
    "name": "OGX Coconut Milk Shampoo Shampoo For Dry Hair 385mL",
    "image_url": "https://cdn1.woolworths.media/content/wowproductimages/large/325771.jpg",
    "source_id": "Woolworths - 325771",
    "barcode": "22796910059",
    "category_id": "1_894D0A8",
    "shop": "Woolworths",
    "weight": "100ML",
    "prices": [
      {
        "state": "NSW",
        "price": "2300",
        "price_per_unit": "597",
        "price_unit": "ML"
      },
      {
        "state": "VIC",
        "price": "2300",
        "price_per_unit": "597",
        "price_unit": "ML"
      },
      {
        "state": "QLD",
        "price": "2300",
        "price_per_unit": "597",
        "price_unit": "ML"
      },
      {
        "state": "WA",
        "price": "2300",
        "price_per_unit": "597",
        "price_unit": "ML"
      },
      {
        "state": "SA",
        "price": "2300",
        "price_per_unit": "597",
        "price_unit": "ML"
      },
      {
        "state": "TAS",
        "price": "2300",
        "price_per_unit": "597",
        "price_unit": "ML"
      },
      {
        "state": "ACT",
        "price": "2300",
        "price_per_unit": "597",
        "price_unit": "ML"
      },
      {
        "state": "NT",
        "price": "2400",
        "price_per_unit": "623",
        "price_unit": "ML"
      }
    ]
  },
  {
    "source_url": "https://www.woolworths.com.au/shop/productdetails/601150/ogx-extra-strength-coconut-miracle-oil-conditioner-dry",
    "name": "OGX Extra Strength Coconut Miracle Oil Conditioner - Dry 385mL",
    "image_url": "https://cdn1.woolworths.media/content/wowproductimages/large/601150.jpg",
    "source_id": "Woolworths - 601150",
    "barcode": "9300607470024",
    "category_id": "1_894D0A8",
    "shop": "Woolworths",
    "weight": "100ML",
    "prices": [
      {
        "state": "NSW",
        "price": "2500",
        "price_per_unit": "649",
        "price_unit": "ML"
      },
      {
        "state": "VIC",
        "price": "2500",
        "price_per_unit": "649",
        "price_unit": "ML"
      },
      {
        "state": "QLD",
        "price": "2500",
        "price_per_unit": "649",
        "price_unit": "ML"
      },
      {
        "state": "WA",
        "price": "2500",
        "price_per_unit": "649",
        "price_unit": "ML"
      },
      {
        "state": "SA",
        "price": "2500",
        "price_per_unit": "649",
        "price_unit": "ML"
      },
      {
        "state": "TAS",
        "price": "2500",
        "price_per_unit": "649",
        "price_unit": "ML"
      },
      {
        "state": "ACT",
        "price": "2500",
        "price_per_unit": "649",
        "price_unit": "ML"
      },
      {
        "state": "NT",
        "price": "2600",
        "price_per_unit": "675",
        "price_unit": "ML"
      }
    ]
  },
  {
    "source_url": "https://www.woolworths.com.au/shop/productdetails/600932/ogx-extra-strength-coconut-miracle-oil-shampoo-dry-hair",
    "name": "OGX Extra Strength Coconut Miracle Oil Shampoo - Dry Hair 385mL",
    "image_url": "https://cdn1.woolworths.media/content/wowproductimages/large/600932.jpg",
    "source_id": "Woolworths - 600932",
    "barcode": "22796901200",
    "category_id": "1_894D0A8",
    "shop": "Woolworths",
    "weight": "100ML",
    "prices": [
      {
        "state": "NSW",
        "price": "2500",
        "price_per_unit": "649",
        "price_unit": "ML"
      },
      {
        "state": "VIC",
        "price": "2500",
        "price_per_unit": "649",
        "price_unit": "ML"
      },
      {
        "state": "QLD",
        "price": "2500",
        "price_per_unit": "649",
        "price_unit": "ML"
      },
      {
        "state": "WA",
        "price": "2500",
        "price_per_unit": "649",
        "price_unit": "ML"
      },
      {
        "state": "SA",
        "price": "2500",
        "price_per_unit": "649",
        "price_unit": "ML"
      },
      {
        "state": "TAS",
        "price": "2500",
        "price_per_unit": "649",
        "price_unit": "ML"
      },
      {
        "state": "ACT",
        "price": "2500",
        "price_per_unit": "649",
        "price_unit": "ML"
      },
      {
        "state": "NT",
        "price": "2600",
        "price_per_unit": "675",
        "price_unit": "ML"
      }
    ]
  },
  {
    "source_url": "https://www.woolworths.com.au/shop/productdetails/591532/ogx-extra-strength-teatree-mint-shampoo",
    "name": "OGX Extra Strength Teatree Mint Shampoo 385mL",
    "image_url": "https://cdn1.woolworths.media/content/wowproductimages/large/591532.jpg",
    "source_id": "Woolworths - 591532",
    "barcode": "22796670717",
    "category_id": "1_894D0A8",
    "shop": "Woolworths",
    "weight": "100ML",
    "prices": [
      {
        "state": "NSW",
        "price": "2500",
        "price_per_unit": "649",
        "price_unit": "ML"
      },
      {
        "state": "VIC",
        "price": "2500",
        "price_per_unit": "649",
        "price_unit": "ML"
      },
      {
        "state": "QLD",
        "price": "2500",
        "price_per_unit": "649",
        "price_unit": "ML"
      },
      {
        "state": "WA",
        "price": "2500",
        "price_per_unit": "649",
        "price_unit": "ML"
      },
      {
        "state": "SA",
        "price": "2500",
        "price_per_unit": "649",
        "price_unit": "ML"
      },
      {
        "state": "TAS",
        "price": "2500",
        "price_per_unit": "649",
        "price_unit": "ML"
      },
      {
        "state": "ACT",
        "price": "2500",
        "price_per_unit": "649",
        "price_unit": "ML"
      },
      {
        "state": "NT",
        "price": "2600",
        "price_per_unit": "675",
        "price_unit": "ML"
      }
    ]
  },
  {
    "source_url": "https://www.woolworths.com.au/shop/productdetails/203763/ogx-keratin-smoothing-oil-conditioner-for-frizzy-hair",
    "name": "OGX Keratin Smoothing Oil Conditioner For Frizzy Hair 385mL",
    "image_url": "https://cdn1.woolworths.media/content/wowproductimages/large/203763.jpg",
    "source_id": "Woolworths - 203763",
    "barcode": "52800676886",
    "category_id": "1_894D0A8",
    "shop": "Woolworths",
    "weight": "100ML",
    "prices": [
      {
        "state": "NSW",
        "price": "2500",
        "price_per_unit": "649",
        "price_unit": "ML"
      },
      {
        "state": "VIC",
        "price": "2500",
        "price_per_unit": "649",
        "price_unit": "ML"
      },
      {
        "state": "WA",
        "price": "2500",
        "price_per_unit": "649",
        "price_unit": "ML"
      },
      {
        "state": "SA",
        "price": "2500",
        "price_per_unit": "649",
        "price_unit": "ML"
      },
      {
        "state": "TAS",
        "price": "2500",
        "price_per_unit": "649",
        "price_unit": "ML"
      },
      {
        "state": "ACT",
        "price": "2500",
        "price_per_unit": "649",
        "price_unit": "ML"
      },
      {
        "state": "NT",
        "price": "2600",
        "price_per_unit": "675",
        "price_unit": "ML"
      }
    ]
  },
  {
    "source_url": "https://www.woolworths.com.au/shop/productdetails/202821/ogx-keratin-smoothing-oil-shampoo-for-frizzy-hair",
    "name": "OGX Keratin Smoothing Oil Shampoo For Frizzy Hair 385mL",
    "image_url": "https://cdn1.woolworths.media/content/wowproductimages/large/202821.jpg",
    "source_id": "Woolworths - 202821",
    "barcode": "52800676879",
    "category_id": "1_894D0A8",
    "shop": "Woolworths",
    "weight": "100ML",
    "prices": [
      {
        "state": "NSW",
        "price": "2500",
        "price_per_unit": "649",
        "price_unit": "ML"
      },
      {
        "state": "VIC",
        "price": "2500",
        "price_per_unit": "649",
        "price_unit": "ML"
      },
      {
        "state": "WA",
        "price": "2500",
        "price_per_unit": "649",
        "price_unit": "ML"
      },
      {
        "state": "SA",
        "price": "2500",
        "price_per_unit": "649",
        "price_unit": "ML"
      },
      {
        "state": "TAS",
        "price": "2500",
        "price_per_unit": "649",
        "price_unit": "ML"
      },
      {
        "state": "ACT",
        "price": "2500",
        "price_per_unit": "649",
        "price_unit": "ML"
      }
    ]
  },
  {
    "source_url": "https://www.woolworths.com.au/shop/productdetails/842530/palmolive-2in1-shampoo-conditioner-naturals-anti-dandruff",
    "name": "Palmolive 2In1 Shampoo & Conditioner Naturals Anti Dandruff 350mL",
    "image_url": "https://cdn1.woolworths.media/content/wowproductimages/large/842530.jpg",
    "source_id": "Woolworths - 842530",
    "barcode": "8850006493137",
    "category_id": "1_894D0A8",
    "shop": "Woolworths",
    "weight": "100ML",
    "prices": [
      {
        "state": "NSW",
        "price": "600",
        "price_per_unit": "171",
        "price_unit": "ML"
      },
      {
        "state": "VIC",
        "price": "600",
        "price_per_unit": "171",
        "price_unit": "ML"
      },
      {
        "state": "QLD",
        "price": "600",
        "price_per_unit": "171",
        "price_unit": "ML"
      },
      {
        "state": "WA",
        "price": "600",
        "price_per_unit": "171",
        "price_unit": "ML"
      },
      {
        "state": "SA",
        "price": "600",
        "price_per_unit": "171",
        "price_unit": "ML"
      },
      {
        "state": "TAS",
        "price": "600",
        "price_per_unit": "171",
        "price_unit": "ML"
      },
      {
        "state": "ACT",
        "price": "600",
        "price_per_unit": "171",
        "price_unit": "ML"
      },
      {
        "state": "NT",
        "price": "630",
        "price_per_unit": "180",
        "price_unit": "ML"
      }
    ]
  },
  {
    "source_url": "https://www.woolworths.com.au/shop/productdetails/265886/palmolive-3-in-1-bluey-kids-shampoo-conditioner-body-wash",
    "name": "Palmolive 3 In 1 Bluey Kids Shampoo Conditioner & Body Wash 350ml",
    "image_url": "https://cdn1.woolworths.media/content/wowproductimages/large/265886.jpg",
    "source_id": "Woolworths - 265886",
    "barcode": "8850006948552",
    "category_id": "1_894D0A8",
    "shop": "Woolworths",
    "weight": "100ML",
    "prices": [
      {
        "state": "NSW",
        "price": "360",
        "price_per_unit": "103",
        "price_unit": "ML"
      },
      {
        "state": "VIC",
        "price": "360",
        "price_per_unit": "103",
        "price_unit": "ML"
      },
      {
        "state": "QLD",
        "price": "360",
        "price_per_unit": "103",
        "price_unit": "ML"
      },
      {
        "state": "WA",
        "price": "360",
        "price_per_unit": "103",
        "price_unit": "ML"
      },
      {
        "state": "SA",
        "price": "360",
        "price_per_unit": "103",
        "price_unit": "ML"
      },
      {
        "state": "TAS",
        "price": "360",
        "price_per_unit": "103",
        "price_unit": "ML"
      },
      {
        "state": "ACT",
        "price": "360",
        "price_per_unit": "103",
        "price_unit": "ML"
      },
      {
        "state": "NT",
        "price": "375",
        "price_per_unit": "107",
        "price_unit": "ML"
      }
    ]
  },
  {
    "source_url": "https://www.woolworths.com.au/shop/productdetails/792531/palmolive-conditioner-luminous-oils-argan-oil",
    "name": "Palmolive Conditioner Luminous Oils Argan Oil 350ml",
    "image_url": "https://cdn1.woolworths.media/content/wowproductimages/large/792531.jpg",
    "source_id": "Woolworths - 792531",
    "barcode": "8850006481356",
    "category_id": "1_894D0A8",
    "shop": "Woolworths",
    "weight": "100ML",
    "prices": [
      {
        "state": "NSW",
        "price": "600",
        "price_per_unit": "171",
        "price_unit": "ML"
      },
      {
        "state": "VIC",
        "price": "600",
        "price_per_unit": "171",
        "price_unit": "ML"
      },
      {
        "state": "QLD",
        "price": "600",
        "price_per_unit": "171",
        "price_unit": "ML"
      },
      {
        "state": "WA",
        "price": "600",
        "price_per_unit": "171",
        "price_unit": "ML"
      },
      {
        "state": "SA",
        "price": "600",
        "price_per_unit": "171",
        "price_unit": "ML"
      },
      {
        "state": "TAS",
        "price": "600",
        "price_per_unit": "171",
        "price_unit": "ML"
      },
      {
        "state": "ACT",
        "price": "600",
        "price_per_unit": "171",
        "price_unit": "ML"
      },
      {
        "state": "NT",
        "price": "630",
        "price_per_unit": "180",
        "price_unit": "ML"
      }
    ]
  },
  {
    "source_url": "https://www.woolworths.com.au/shop/productdetails/111822/palmolive-conditioner-luminous-oils-argan-oil",
    "name": "Palmolive Conditioner Luminous Oils Argan Oil 700ml",
    "image_url": "https://cdn1.woolworths.media/content/wowproductimages/large/111822.jpg",
    "source_id": "Woolworths - 111822",
    "barcode": "8850006931059",
    "category_id": "1_894D0A8",
    "shop": "Woolworths",
    "weight": "100ML",
    "prices": [
      {
        "state": "NSW",
        "price": "1000",
        "price_per_unit": "143",
        "price_unit": "ML"
      },
      {
        "state": "VIC",
        "price": "1000",
        "price_per_unit": "143",
        "price_unit": "ML"
      },
      {
        "state": "QLD",
        "price": "1000",
        "price_per_unit": "143",
        "price_unit": "ML"
      },
      {
        "state": "WA",
        "price": "1000",
        "price_per_unit": "143",
        "price_unit": "ML"
      },
      {
        "state": "SA",
        "price": "1000",
        "price_per_unit": "143",
        "price_unit": "ML"
      },
      {
        "state": "TAS",
        "price": "1000",
        "price_per_unit": "143",
        "price_unit": "ML"
      },
      {
        "state": "ACT",
        "price": "1000",
        "price_per_unit": "143",
        "price_unit": "ML"
      },
      {
        "state": "NT",
        "price": "1100",
        "price_per_unit": "157",
        "price_unit": "ML"
      }
    ]
  },
  {
    "source_url": "https://www.woolworths.com.au/shop/productdetails/165384/palmolive-conditioner-luminous-oils-coco-frangipani",
    "name": "Palmolive Conditioner Luminous Oils Coco Frangipani 700ml",
    "image_url": "https://cdn1.woolworths.media/content/wowproductimages/large/165384.jpg",
    "source_id": "Woolworths - 165384",
    "barcode": "8850006938454",
    "category_id": "1_894D0A8",
    "shop": "Woolworths",
    "weight": "100ML",
    "prices": [
      {
        "state": "NSW",
        "price": "1000",
        "price_per_unit": "143",
        "price_unit": "ML"
      },
      {
        "state": "VIC",
        "price": "1000",
        "price_per_unit": "143",
        "price_unit": "ML"
      },
      {
        "state": "QLD",
        "price": "1000",
        "price_per_unit": "143",
        "price_unit": "ML"
      },
      {
        "state": "WA",
        "price": "1000",
        "price_per_unit": "143",
        "price_unit": "ML"
      },
      {
        "state": "SA",
        "price": "1000",
        "price_per_unit": "143",
        "price_unit": "ML"
      },
      {
        "state": "TAS",
        "price": "1000",
        "price_per_unit": "143",
        "price_unit": "ML"
      },
      {
        "state": "ACT",
        "price": "1000",
        "price_per_unit": "143",
        "price_unit": "ML"
      },
      {
        "state": "NT",
        "price": "1100",
        "price_per_unit": "157",
        "price_unit": "ML"
      }
    ]
  },
  {
    "source_url": "https://www.woolworths.com.au/shop/productdetails/140909/palmolive-conditioner-naturals-active-nourishment",
    "name": "Palmolive Conditioner Naturals Active Nourishment 350ml",
    "image_url": "https://cdn1.woolworths.media/content/wowproductimages/large/140909.jpg",
    "source_id": "Woolworths - 140909",
    "barcode": "8850006935446",
    "category_id": "1_894D0A8",
    "shop": "Woolworths",
    "weight": "100ML",
    "prices": [
      {
        "state": "NSW",
        "price": "600",
        "price_per_unit": "171",
        "price_unit": "ML"
      },
      {
        "state": "VIC",
        "price": "600",
        "price_per_unit": "171",
        "price_unit": "ML"
      },
      {
        "state": "WA",
        "price": "600",
        "price_per_unit": "171",
        "price_unit": "ML"
      },
      {
        "state": "SA",
        "price": "600",
        "price_per_unit": "171",
        "price_unit": "ML"
      },
      {
        "state": "TAS",
        "price": "600",
        "price_per_unit": "171",
        "price_unit": "ML"
      },
      {
        "state": "ACT",
        "price": "600",
        "price_per_unit": "171",
        "price_unit": "ML"
      },
      {
        "state": "NT",
        "price": "630",
        "price_per_unit": "180",
        "price_unit": "ML"
      }
    ]
  },
  {
    "source_url": "https://www.woolworths.com.au/shop/productdetails/46216/palmolive-conditioner-naturals-active-nourishment",
    "name": "Palmolive Conditioner Naturals Active Nourishment 700ml",
    "image_url": "https://cdn1.woolworths.media/content/wowproductimages/large/046216.jpg",
    "source_id": "Woolworths - 46216",
    "barcode": "8850006493373",
    "category_id": "1_894D0A8",
    "shop": "Woolworths",
    "weight": "100ML",
    "prices": [
      {
        "state": "NSW",
        "price": "540",
        "price_per_unit": "77",
        "price_unit": "ML"
      },
      {
        "state": "VIC",
        "price": "540",
        "price_per_unit": "77",
        "price_unit": "ML"
      },
      {
        "state": "QLD",
        "price": "540",
        "price_per_unit": "77",
        "price_unit": "ML"
      },
      {
        "state": "WA",
        "price": "540",
        "price_per_unit": "77",
        "price_unit": "ML"
      },
      {
        "state": "SA",
        "price": "540",
        "price_per_unit": "77",
        "price_unit": "ML"
      },
      {
        "state": "TAS",
        "price": "540",
        "price_per_unit": "77",
        "price_unit": "ML"
      },
      {
        "state": "ACT",
        "price": "540",
        "price_per_unit": "77",
        "price_unit": "ML"
      },
      {
        "state": "NT",
        "price": "540",
        "price_per_unit": "77",
        "price_unit": "ML"
      }
    ]
  },
  {
    "source_url": "https://www.woolworths.com.au/shop/productdetails/140942/palmolive-conditioner-naturals-intensive-moisture",
    "name": "Palmolive Conditioner Naturals Intensive Moisture 350ml",
    "image_url": "https://cdn1.woolworths.media/content/wowproductimages/large/140942.jpg",
    "source_id": "Woolworths - 140942",
    "barcode": "8850006935453",
    "category_id": "1_894D0A8",
    "shop": "Woolworths",
    "weight": "100ML",
    "prices": [
      {
        "state": "NSW",
        "price": "600",
        "price_per_unit": "171",
        "price_unit": "ML"
      },
      {
        "state": "QLD",
        "price": "600",
        "price_per_unit": "171",
        "price_unit": "ML"
      },
      {
        "state": "WA",
        "price": "600",
        "price_per_unit": "171",
        "price_unit": "ML"
      },
      {
        "state": "SA",
        "price": "600",
        "price_per_unit": "171",
        "price_unit": "ML"
      },
      {
        "state": "TAS",
        "price": "600",
        "price_per_unit": "171",
        "price_unit": "ML"
      },
      {
        "state": "ACT",
        "price": "600",
        "price_per_unit": "171",
        "price_unit": "ML"
      },
      {
        "state": "NT",
        "price": "630",
        "price_per_unit": "180",
        "price_unit": "ML"
      }
    ]
  },
  {
    "source_url": "https://www.woolworths.com.au/shop/productdetails/842507/palmolive-kids-3-in-1-funny-honey",
    "name": "Palmolive Kids 3 In 1 Funny Honey 700mL",
    "image_url": "https://cdn1.woolworths.media/content/wowproductimages/large/842507.jpg",
    "source_id": "Woolworths - 842507",
    "barcode": "8850006493281",
    "category_id": "1_894D0A8",
    "shop": "Woolworths",
    "weight": "100ML",
    "prices": [
      {
        "state": "NSW",
        "price": "900",
        "price_per_unit": "129",
        "price_unit": "ML"
      },
      {
        "state": "VIC",
        "price": "900",
        "price_per_unit": "129",
        "price_unit": "ML"
      },
      {
        "state": "QLD",
        "price": "900",
        "price_per_unit": "129",
        "price_unit": "ML"
      },
      {
        "state": "WA",
        "price": "900",
        "price_per_unit": "129",
        "price_unit": "ML"
      },
      {
        "state": "SA",
        "price": "900",
        "price_per_unit": "129",
        "price_unit": "ML"
      },
      {
        "state": "TAS",
        "price": "900",
        "price_per_unit": "129",
        "price_unit": "ML"
      },
      {
        "state": "ACT",
        "price": "900",
        "price_per_unit": "129",
        "price_unit": "ML"
      },
      {
        "state": "NT",
        "price": "900",
        "price_per_unit": "129",
        "price_unit": "ML"
      }
    ]
  },
  {
    "source_url": "https://www.woolworths.com.au/shop/productdetails/46238/palmolive-kids-3-in-1-strawberry-trolls",
    "name": "Palmolive Kids 3 In 1 Strawberry Trolls 700mL",
    "image_url": "https://cdn1.woolworths.media/content/wowproductimages/large/046238.jpg",
    "source_id": "Woolworths - 46238",
    "barcode": "8850006493274",
    "category_id": "1_894D0A8",
    "shop": "Woolworths",
    "weight": "100ML",
    "prices": [
      {
        "state": "NSW",
        "price": "900",
        "price_per_unit": "129",
        "price_unit": "ML"
      },
      {
        "state": "VIC",
        "price": "900",
        "price_per_unit": "129",
        "price_unit": "ML"
      },
      {
        "state": "QLD",
        "price": "900",
        "price_per_unit": "129",
        "price_unit": "ML"
      },
      {
        "state": "WA",
        "price": "900",
        "price_per_unit": "129",
        "price_unit": "ML"
      },
      {
        "state": "SA",
        "price": "900",
        "price_per_unit": "129",
        "price_unit": "ML"
      },
      {
        "state": "TAS",
        "price": "900",
        "price_per_unit": "129",
        "price_unit": "ML"
      },
      {
        "state": "ACT",
        "price": "900",
        "price_per_unit": "129",
        "price_unit": "ML"
      },
      {
        "state": "NT",
        "price": "900",
        "price_per_unit": "129",
        "price_unit": "ML"
      }
    ]
  },
  {
    "source_url": "https://www.woolworths.com.au/shop/productdetails/379099/palmolive-kids-detangling-spray-fashion-girl-rose-kisses",
    "name": "Palmolive Kids Detangling Spray Fashion Girl Rose Kisses 250ml",
    "image_url": "https://cdn1.woolworths.media/content/wowproductimages/large/379099.jpg",
    "source_id": "Woolworths - 379099",
    "barcode": "9300632070374",
    "category_id": "1_894D0A8",
    "shop": "Woolworths",
    "weight": "100ML",
    "prices": [
      {
        "state": "NSW",
        "price": "600",
        "price_per_unit": "240",
        "price_unit": "ML"
      },
      {
        "state": "VIC",
        "price": "600",
        "price_per_unit": "240",
        "price_unit": "ML"
      },
      {
        "state": "QLD",
        "price": "600",
        "price_per_unit": "240",
        "price_unit": "ML"
      },
      {
        "state": "WA",
        "price": "600",
        "price_per_unit": "240",
        "price_unit": "ML"
      },
      {
        "state": "SA",
        "price": "600",
        "price_per_unit": "240",
        "price_unit": "ML"
      },
      {
        "state": "TAS",
        "price": "600",
        "price_per_unit": "240",
        "price_unit": "ML"
      },
      {
        "state": "ACT",
        "price": "600",
        "price_per_unit": "240",
        "price_unit": "ML"
      }
    ]
  },
  {
    "source_url": "https://www.woolworths.com.au/shop/productdetails/423400/palmolive-rosewood-oil-jasmine-conditioner",
    "name": "Palmolive Rosewood Oil & Jasmine Conditioner 350mL",
    "image_url": "https://cdn1.woolworths.media/content/wowproductimages/large/423400.jpg",
    "source_id": "Woolworths - 423400",
    "barcode": "8850006950241",
    "category_id": "1_894D0A8",
    "shop": "Woolworths",
    "weight": "100ML",
    "prices": [
      {
        "state": "NSW",
        "price": "600",
        "price_per_unit": "171",
        "price_unit": "ML"
      },
      {
        "state": "VIC",
        "price": "600",
        "price_per_unit": "171",
        "price_unit": "ML"
      },
      {
        "state": "QLD",
        "price": "600",
        "price_per_unit": "171",
        "price_unit": "ML"
      },
      {
        "state": "WA",
        "price": "600",
        "price_per_unit": "171",
        "price_unit": "ML"
      },
      {
        "state": "SA",
        "price": "600",
        "price_per_unit": "171",
        "price_unit": "ML"
      },
      {
        "state": "TAS",
        "price": "600",
        "price_per_unit": "171",
        "price_unit": "ML"
      },
      {
        "state": "ACT",
        "price": "600",
        "price_per_unit": "171",
        "price_unit": "ML"
      },
      {
        "state": "NT",
        "price": "630",
        "price_per_unit": "180",
        "price_unit": "ML"
      }
    ]
  },
  {
    "source_url": "https://www.woolworths.com.au/shop/productdetails/423360/palmolive-rosewood-oil-jasmine-shampoo",
    "name": "Palmolive Rosewood Oil & Jasmine Shampoo 350mL",
    "image_url": "https://cdn1.woolworths.media/content/wowproductimages/large/423360.jpg",
    "source_id": "Woolworths - 423360",
    "barcode": "8850006950265",
    "category_id": "1_894D0A8",
    "shop": "Woolworths",
    "weight": "100ML",
    "prices": [
      {
        "state": "NSW",
        "price": "600",
        "price_per_unit": "171",
        "price_unit": "ML"
      },
      {
        "state": "VIC",
        "price": "600",
        "price_per_unit": "171",
        "price_unit": "ML"
      },
      {
        "state": "QLD",
        "price": "600",
        "price_per_unit": "171",
        "price_unit": "ML"
      },
      {
        "state": "WA",
        "price": "600",
        "price_per_unit": "171",
        "price_unit": "ML"
      },
      {
        "state": "SA",
        "price": "600",
        "price_per_unit": "171",
        "price_unit": "ML"
      },
      {
        "state": "TAS",
        "price": "600",
        "price_per_unit": "171",
        "price_unit": "ML"
      },
      {
        "state": "ACT",
        "price": "600",
        "price_per_unit": "171",
        "price_unit": "ML"
      },
      {
        "state": "NT",
        "price": "630",
        "price_per_unit": "180",
        "price_unit": "ML"
      }
    ]
  },
  {
    "source_url": "https://www.woolworths.com.au/shop/productdetails/791621/palmolive-shampoo-luminous-oils-argan-oil",
    "name": "Palmolive Shampoo Luminous Oils Argan Oil 350ml",
    "image_url": "https://cdn1.woolworths.media/content/wowproductimages/large/791621.jpg",
    "source_id": "Woolworths - 791621",
    "barcode": "8850006481332",
    "category_id": "1_894D0A8",
    "shop": "Woolworths",
    "weight": "100ML",
    "prices": [
      {
        "state": "NSW",
        "price": "600",
        "price_per_unit": "171",
        "price_unit": "ML"
      },
      {
        "state": "VIC",
        "price": "600",
        "price_per_unit": "171",
        "price_unit": "ML"
      },
      {
        "state": "QLD",
        "price": "600",
        "price_per_unit": "171",
        "price_unit": "ML"
      },
      {
        "state": "WA",
        "price": "600",
        "price_per_unit": "171",
        "price_unit": "ML"
      },
      {
        "state": "SA",
        "price": "600",
        "price_per_unit": "171",
        "price_unit": "ML"
      },
      {
        "state": "TAS",
        "price": "600",
        "price_per_unit": "171",
        "price_unit": "ML"
      },
      {
        "state": "ACT",
        "price": "600",
        "price_per_unit": "171",
        "price_unit": "ML"
      },
      {
        "state": "NT",
        "price": "630",
        "price_per_unit": "180",
        "price_unit": "ML"
      }
    ]
  },
  {
    "source_url": "https://www.woolworths.com.au/shop/productdetails/111461/palmolive-shampoo-luminous-oils-argan-oil",
    "name": "Palmolive Shampoo Luminous Oils Argan Oil 700ml",
    "image_url": "https://cdn1.woolworths.media/content/wowproductimages/large/111461.jpg",
    "source_id": "Woolworths - 111461",
    "barcode": "8850006931073",
    "category_id": "1_894D0A8",
    "shop": "Woolworths",
    "weight": "100ML",
    "prices": [
      {
        "state": "NSW",
        "price": "1000",
        "price_per_unit": "143",
        "price_unit": "ML"
      },
      {
        "state": "VIC",
        "price": "1000",
        "price_per_unit": "143",
        "price_unit": "ML"
      },
      {
        "state": "WA",
        "price": "1000",
        "price_per_unit": "143",
        "price_unit": "ML"
      },
      {
        "state": "SA",
        "price": "1000",
        "price_per_unit": "143",
        "price_unit": "ML"
      },
      {
        "state": "TAS",
        "price": "1000",
        "price_per_unit": "143",
        "price_unit": "ML"
      },
      {
        "state": "ACT",
        "price": "1000",
        "price_per_unit": "143",
        "price_unit": "ML"
      },
      {
        "state": "NT",
        "price": "1100",
        "price_per_unit": "157",
        "price_unit": "ML"
      }
    ]
  },
  {
    "source_url": "https://www.woolworths.com.au/shop/productdetails/165383/palmolive-shampoo-luminous-oils-coco-frangipani",
    "name": "Palmolive Shampoo Luminous Oils Coco Frangipani 700ml",
    "image_url": "https://cdn1.woolworths.media/content/wowproductimages/large/165383.jpg",
    "source_id": "Woolworths - 165383",
    "barcode": "8850006938492",
    "category_id": "1_894D0A8",
    "shop": "Woolworths",
    "weight": "100ML",
    "prices": [
      {
        "state": "NSW",
        "price": "1000",
        "price_per_unit": "143",
        "price_unit": "ML"
      },
      {
        "state": "VIC",
        "price": "1000",
        "price_per_unit": "143",
        "price_unit": "ML"
      },
      {
        "state": "WA",
        "price": "1000",
        "price_per_unit": "143",
        "price_unit": "ML"
      },
      {
        "state": "SA",
        "price": "1000",
        "price_per_unit": "143",
        "price_unit": "ML"
      },
      {
        "state": "TAS",
        "price": "1000",
        "price_per_unit": "143",
        "price_unit": "ML"
      },
      {
        "state": "ACT",
        "price": "1000",
        "price_per_unit": "143",
        "price_unit": "ML"
      },
      {
        "state": "NT",
        "price": "1100",
        "price_per_unit": "157",
        "price_unit": "ML"
      }
    ]
  },
  {
    "source_url": "https://www.woolworths.com.au/shop/productdetails/842600/palmolive-shampoo-naturals-active-nourishment",
    "name": "Palmolive Shampoo Naturals Active Nourishment 350ml",
    "image_url": "https://cdn1.woolworths.media/content/wowproductimages/large/842600.jpg",
    "source_id": "Woolworths - 842600",
    "barcode": "8850006493106",
    "category_id": "1_894D0A8",
    "shop": "Woolworths",
    "weight": "100ML",
    "prices": [
      {
        "state": "NSW",
        "price": "600",
        "price_per_unit": "171",
        "price_unit": "ML"
      },
      {
        "state": "VIC",
        "price": "600",
        "price_per_unit": "171",
        "price_unit": "ML"
      },
      {
        "state": "WA",
        "price": "600",
        "price_per_unit": "171",
        "price_unit": "ML"
      },
      {
        "state": "SA",
        "price": "600",
        "price_per_unit": "171",
        "price_unit": "ML"
      },
      {
        "state": "TAS",
        "price": "600",
        "price_per_unit": "171",
        "price_unit": "ML"
      },
      {
        "state": "ACT",
        "price": "600",
        "price_per_unit": "171",
        "price_unit": "ML"
      },
      {
        "state": "NT",
        "price": "630",
        "price_per_unit": "180",
        "price_unit": "ML"
      }
    ]
  },
  {
    "source_url": "https://www.woolworths.com.au/shop/productdetails/46233/palmolive-shampoo-naturals-active-nourishment",
    "name": "Palmolive Shampoo Naturals Active Nourishment 700ml",
    "image_url": "https://cdn1.woolworths.media/content/wowproductimages/large/046233.jpg",
    "source_id": "Woolworths - 46233",
    "barcode": "8850006493236",
    "category_id": "1_894D0A8",
    "shop": "Woolworths",
    "weight": "100ML",
    "prices": [
      {
        "state": "NSW",
        "price": "540",
        "price_per_unit": "77",
        "price_unit": "ML"
      },
      {
        "state": "VIC",
        "price": "540",
        "price_per_unit": "77",
        "price_unit": "ML"
      },
      {
        "state": "QLD",
        "price": "540",
        "price_per_unit": "77",
        "price_unit": "ML"
      },
      {
        "state": "WA",
        "price": "540",
        "price_per_unit": "77",
        "price_unit": "ML"
      },
      {
        "state": "SA",
        "price": "540",
        "price_per_unit": "77",
        "price_unit": "ML"
      },
      {
        "state": "TAS",
        "price": "540",
        "price_per_unit": "77",
        "price_unit": "ML"
      },
      {
        "state": "ACT",
        "price": "540",
        "price_per_unit": "77",
        "price_unit": "ML"
      },
      {
        "state": "NT",
        "price": "540",
        "price_per_unit": "77",
        "price_unit": "ML"
      }
    ]
  },
  {
    "source_url": "https://www.woolworths.com.au/shop/productdetails/842609/palmolive-shampoo-naturals-intensive-moisture",
    "name": "Palmolive Shampoo Naturals Intensive Moisture 350ml",
    "image_url": "https://cdn1.woolworths.media/content/wowproductimages/large/842609.jpg",
    "source_id": "Woolworths - 842609",
    "barcode": "8850006493113",
    "category_id": "1_894D0A8",
    "shop": "Woolworths",
    "weight": "100ML",
    "prices": [
      {
        "state": "NSW",
        "price": "600",
        "price_per_unit": "171",
        "price_unit": "ML"
      },
      {
        "state": "VIC",
        "price": "600",
        "price_per_unit": "171",
        "price_unit": "ML"
      },
      {
        "state": "QLD",
        "price": "600",
        "price_per_unit": "171",
        "price_unit": "ML"
      },
      {
        "state": "WA",
        "price": "600",
        "price_per_unit": "171",
        "price_unit": "ML"
      },
      {
        "state": "SA",
        "price": "600",
        "price_per_unit": "171",
        "price_unit": "ML"
      },
      {
        "state": "TAS",
        "price": "600",
        "price_per_unit": "171",
        "price_unit": "ML"
      },
      {
        "state": "ACT",
        "price": "600",
        "price_per_unit": "171",
        "price_unit": "ML"
      },
      {
        "state": "NT",
        "price": "630",
        "price_per_unit": "180",
        "price_unit": "ML"
      }
    ]
  },
  {
    "source_url": "https://www.woolworths.com.au/shop/productdetails/265248/pantene-3-minute-miracle-pump-collagen",
    "name": "Pantene 3 Minute Miracle Pump Collagen 600ml",
    "image_url": "https://cdn1.woolworths.media/content/wowproductimages/large/265248.jpg",
    "source_id": "Woolworths - 265248",
    "barcode": "4987176134721",
    "category_id": "1_894D0A8",
    "shop": "Woolworths",
    "weight": "100ML",
    "prices": [
      {
        "state": "NSW",
        "price": "2000",
        "price_per_unit": "333",
        "price_unit": "ML"
      },
      {
        "state": "VIC",
        "price": "2000",
        "price_per_unit": "333",
        "price_unit": "ML"
      },
      {
        "state": "QLD",
        "price": "2000",
        "price_per_unit": "333",
        "price_unit": "ML"
      },
      {
        "state": "WA",
        "price": "2000",
        "price_per_unit": "333",
        "price_unit": "ML"
      },
      {
        "state": "SA",
        "price": "2000",
        "price_per_unit": "333",
        "price_unit": "ML"
      },
      {
        "state": "TAS",
        "price": "2000",
        "price_per_unit": "333",
        "price_unit": "ML"
      },
      {
        "state": "NT",
        "price": "2200",
        "price_per_unit": "367",
        "price_unit": "ML"
      }
    ]
  },
  {
    "source_url": "https://www.woolworths.com.au/shop/productdetails/573722/pantene-biotin-daily-intensive-conditioner",
    "name": "Pantene Biotin Daily Intensive Conditioner 350mL",
    "image_url": "https://cdn1.woolworths.media/content/wowproductimages/large/573722.jpg",
    "source_id": "Woolworths - 573722",
    "barcode": "4987176232496",
    "category_id": "1_894D0A8",
    "shop": "Woolworths",
    "weight": "100ML",
    "prices": [
      {
        "state": "NSW",
        "price": "650",
        "price_per_unit": "186",
        "price_unit": "ML"
      },
      {
        "state": "VIC",
        "price": "650",
        "price_per_unit": "186",
        "price_unit": "ML"
      },
      {
        "state": "QLD",
        "price": "650",
        "price_per_unit": "186",
        "price_unit": "ML"
      },
      {
        "state": "WA",
        "price": "650",
        "price_per_unit": "186",
        "price_unit": "ML"
      },
      {
        "state": "SA",
        "price": "650",
        "price_per_unit": "186",
        "price_unit": "ML"
      },
      {
        "state": "TAS",
        "price": "650",
        "price_per_unit": "186",
        "price_unit": "ML"
      },
      {
        "state": "ACT",
        "price": "650",
        "price_per_unit": "186",
        "price_unit": "ML"
      },
      {
        "state": "NT",
        "price": "680",
        "price_per_unit": "194",
        "price_unit": "ML"
      }
    ]
  },
  {
    "source_url": "https://www.woolworths.com.au/shop/productdetails/574475/pantene-biotin-moisture-renewal-silicone-free-shampoo",
    "name": "Pantene Biotin Moisture Renewal Silicone Free Shampoo 650mL",
    "image_url": "https://cdn1.woolworths.media/content/wowproductimages/large/574475.jpg",
    "source_id": "Woolworths - 574475",
    "barcode": "4987176232588",
    "category_id": "1_894D0A8",
    "shop": "Woolworths",
    "weight": "100ML",
    "prices": [
      {
        "state": "NSW",
        "price": "2000",
        "price_per_unit": "308",
        "price_unit": "ML"
      },
      {
        "state": "VIC",
        "price": "2000",
        "price_per_unit": "308",
        "price_unit": "ML"
      },
      {
        "state": "QLD",
        "price": "2000",
        "price_per_unit": "308",
        "price_unit": "ML"
      },
      {
        "state": "WA",
        "price": "2000",
        "price_per_unit": "308",
        "price_unit": "ML"
      },
      {
        "state": "SA",
        "price": "2000",
        "price_per_unit": "308",
        "price_unit": "ML"
      },
      {
        "state": "TAS",
        "price": "2000",
        "price_per_unit": "308",
        "price_unit": "ML"
      },
      {
        "state": "ACT",
        "price": "2000",
        "price_per_unit": "308",
        "price_unit": "ML"
      },
      {
        "state": "NT",
        "price": "2200",
        "price_per_unit": "338",
        "price_unit": "ML"
      }
    ]
  },
  {
    "source_url": "https://www.woolworths.com.au/shop/productdetails/571593/pantene-biotin-silicone-free-shampoo",
    "name": "Pantene Biotin Silicone-Free Shampoo 375mL",
    "image_url": "https://cdn1.woolworths.media/content/wowproductimages/large/571593.jpg",
    "source_id": "Woolworths - 571593",
    "barcode": "4987176232595",
    "category_id": "1_894D0A8",
    "shop": "Woolworths",
    "weight": "100ML",
    "prices": [
      {
        "state": "NSW",
        "price": "650",
        "price_per_unit": "173",
        "price_unit": "ML"
      },
      {
        "state": "VIC",
        "price": "650",
        "price_per_unit": "173",
        "price_unit": "ML"
      },
      {
        "state": "QLD",
        "price": "650",
        "price_per_unit": "173",
        "price_unit": "ML"
      },
      {
        "state": "WA",
        "price": "650",
        "price_per_unit": "173",
        "price_unit": "ML"
      },
      {
        "state": "SA",
        "price": "650",
        "price_per_unit": "173",
        "price_unit": "ML"
      },
      {
        "state": "TAS",
        "price": "650",
        "price_per_unit": "173",
        "price_unit": "ML"
      },
      {
        "state": "ACT",
        "price": "650",
        "price_per_unit": "173",
        "price_unit": "ML"
      },
      {
        "state": "NT",
        "price": "680",
        "price_per_unit": "181",
        "price_unit": "ML"
      }
    ]
  },
  {
    "source_url": "https://www.woolworths.com.au/shop/productdetails/574611/pantene-collagen-repair-protect-daily-intensive-conditioner",
    "name": "Pantene Collagen Repair & Protect Daily Intensive Conditioner 350mL",
    "image_url": "https://cdn1.woolworths.media/content/wowproductimages/large/574611.jpg",
    "source_id": "Woolworths - 574611",
    "barcode": "4987176232502",
    "category_id": "1_894D0A8",
    "shop": "Woolworths",
    "weight": "100ML",
    "prices": [
      {
        "state": "NSW",
        "price": "650",
        "price_per_unit": "186",
        "price_unit": "ML"
      },
      {
        "state": "VIC",
        "price": "650",
        "price_per_unit": "186",
        "price_unit": "ML"
      },
      {
        "state": "QLD",
        "price": "650",
        "price_per_unit": "186",
        "price_unit": "ML"
      },
      {
        "state": "WA",
        "price": "650",
        "price_per_unit": "186",
        "price_unit": "ML"
      },
      {
        "state": "SA",
        "price": "650",
        "price_per_unit": "186",
        "price_unit": "ML"
      },
      {
        "state": "TAS",
        "price": "650",
        "price_per_unit": "186",
        "price_unit": "ML"
      },
      {
        "state": "ACT",
        "price": "650",
        "price_per_unit": "186",
        "price_unit": "ML"
      },
      {
        "state": "NT",
        "price": "680",
        "price_per_unit": "194",
        "price_unit": "ML"
      }
    ]
  },
  {
    "source_url": "https://www.woolworths.com.au/shop/productdetails/571528/pantene-collagen-silicone-free-shampoo",
    "name": "Pantene Collagen Silicone-Free Shampoo 375mL",
    "image_url": "https://cdn1.woolworths.media/content/wowproductimages/large/571528.jpg",
    "source_id": "Woolworths - 571528",
    "barcode": "4987176232571",
    "category_id": "1_894D0A8",
    "shop": "Woolworths",
    "weight": "100ML",
    "prices": [
      {
        "state": "NSW",
        "price": "650",
        "price_per_unit": "173",
        "price_unit": "ML"
      },
      {
        "state": "VIC",
        "price": "650",
        "price_per_unit": "173",
        "price_unit": "ML"
      },
      {
        "state": "QLD",
        "price": "650",
        "price_per_unit": "173",
        "price_unit": "ML"
      },
      {
        "state": "WA",
        "price": "650",
        "price_per_unit": "173",
        "price_unit": "ML"
      },
      {
        "state": "SA",
        "price": "650",
        "price_per_unit": "173",
        "price_unit": "ML"
      },
      {
        "state": "TAS",
        "price": "650",
        "price_per_unit": "173",
        "price_unit": "ML"
      },
      {
        "state": "ACT",
        "price": "650",
        "price_per_unit": "173",
        "price_unit": "ML"
      },
      {
        "state": "NT",
        "price": "680",
        "price_per_unit": "181",
        "price_unit": "ML"
      }
    ]
  },
  {
    "source_url": "https://www.woolworths.com.au/shop/productdetails/573713/pantene-collagen-silicone-free-shampoo",
    "name": "Pantene Collagen Silicone-Free Shampoo 650mL",
    "image_url": "https://cdn1.woolworths.media/content/wowproductimages/large/573713.jpg",
    "source_id": "Woolworths - 573713",
    "barcode": "4987176232564",
    "category_id": "1_894D0A8",
    "shop": "Woolworths",
    "weight": "100ML",
    "prices": [
      {
        "state": "NSW",
        "price": "2000",
        "price_per_unit": "308",
        "price_unit": "ML"
      },
      {
        "state": "VIC",
        "price": "2000",
        "price_per_unit": "308",
        "price_unit": "ML"
      },
      {
        "state": "QLD",
        "price": "2000",
        "price_per_unit": "308",
        "price_unit": "ML"
      },
      {
        "state": "SA",
        "price": "2000",
        "price_per_unit": "308",
        "price_unit": "ML"
      },
      {
        "state": "TAS",
        "price": "2000",
        "price_per_unit": "308",
        "price_unit": "ML"
      },
      {
        "state": "ACT",
        "price": "2000",
        "price_per_unit": "308",
        "price_unit": "ML"
      },
      {
        "state": "NT",
        "price": "2200",
        "price_per_unit": "338",
        "price_unit": "ML"
      }
    ]
  },
  {
    "source_url": "https://www.woolworths.com.au/shop/productdetails/482123/pantene-daily-moisture-renewal-conditioner",
    "name": "Pantene Daily Moisture Renewal Conditioner 90ml",
    "image_url": "https://cdn1.woolworths.media/content/wowproductimages/large/482123.jpg",
    "source_id": "Woolworths - 482123",
    "barcode": "4902430694858",
    "category_id": "1_894D0A8",
    "shop": "Woolworths",
    "weight": "100ML",
    "prices": [
      {
        "state": "NSW",
        "price": "300",
        "price_per_unit": "333",
        "price_unit": "ML"
      },
      {
        "state": "VIC",
        "price": "300",
        "price_per_unit": "333",
        "price_unit": "ML"
      },
      {
        "state": "QLD",
        "price": "300",
        "price_per_unit": "333",
        "price_unit": "ML"
      },
      {
        "state": "WA",
        "price": "300",
        "price_per_unit": "333",
        "price_unit": "ML"
      },
      {
        "state": "SA",
        "price": "300",
        "price_per_unit": "333",
        "price_unit": "ML"
      },
      {
        "state": "TAS",
        "price": "300",
        "price_per_unit": "333",
        "price_unit": "ML"
      },
      {
        "state": "ACT",
        "price": "300",
        "price_per_unit": "333",
        "price_unit": "ML"
      },
      {
        "state": "NT",
        "price": "300",
        "price_per_unit": "333",
        "price_unit": "ML"
      }
    ]
  },
  {
    "source_url": "https://www.woolworths.com.au/shop/productdetails/842807/pantene-daily-moisture-renewal-nourishing-conditioner",
    "name": "Pantene Daily Moisture Renewal Nourishing Conditioner 900ml",
    "image_url": "https://cdn1.woolworths.media/content/wowproductimages/large/842807.jpg",
    "source_id": "Woolworths - 842807",
    "barcode": "4902430638074",
    "category_id": "1_894D0A8",
    "shop": "Woolworths",
    "weight": "100ML",
    "prices": [
      {
        "state": "NSW",
        "price": "2000",
        "price_per_unit": "222",
        "price_unit": "ML"
      },
      {
        "state": "VIC",
        "price": "2000",
        "price_per_unit": "222",
        "price_unit": "ML"
      },
      {
        "state": "QLD",
        "price": "2000",
        "price_per_unit": "222",
        "price_unit": "ML"
      },
      {
        "state": "WA",
        "price": "2000",
        "price_per_unit": "222",
        "price_unit": "ML"
      },
      {
        "state": "SA",
        "price": "2000",
        "price_per_unit": "222",
        "price_unit": "ML"
      },
      {
        "state": "TAS",
        "price": "2000",
        "price_per_unit": "222",
        "price_unit": "ML"
      },
      {
        "state": "ACT",
        "price": "2000",
        "price_per_unit": "222",
        "price_unit": "ML"
      },
      {
        "state": "NT",
        "price": "2200",
        "price_per_unit": "244",
        "price_unit": "ML"
      }
    ]
  },
  {
    "source_url": "https://www.woolworths.com.au/shop/productdetails/81515/pantene-daily-moisture-renewal-nourishing-shampoo",
    "name": "Pantene Daily Moisture Renewal Nourishing Shampoo 375ml",
    "image_url": "https://cdn1.woolworths.media/content/wowproductimages/large/081515.jpg",
    "source_id": "Woolworths - 81515",
    "barcode": "4902430929851",
    "category_id": "1_894D0A8",
    "shop": "Woolworths",
    "weight": "100ML",
    "prices": [
      {
        "state": "NSW",
        "price": "500",
        "price_per_unit": "133",
        "price_unit": "ML"
      },
      {
        "state": "VIC",
        "price": "500",
        "price_per_unit": "133",
        "price_unit": "ML"
      },
      {
        "state": "QLD",
        "price": "500",
        "price_per_unit": "133",
        "price_unit": "ML"
      },
      {
        "state": "WA",
        "price": "500",
        "price_per_unit": "133",
        "price_unit": "ML"
      },
      {
        "state": "SA",
        "price": "500",
        "price_per_unit": "133",
        "price_unit": "ML"
      },
      {
        "state": "TAS",
        "price": "500",
        "price_per_unit": "133",
        "price_unit": "ML"
      },
      {
        "state": "ACT",
        "price": "500",
        "price_per_unit": "133",
        "price_unit": "ML"
      },
      {
        "state": "NT",
        "price": "550",
        "price_per_unit": "147",
        "price_unit": "ML"
      }
    ]
  },
  {
    "source_url": "https://www.woolworths.com.au/shop/productdetails/267182/pantene-daily-moisture-renewal-refill",
    "name": "Pantene Daily Moisture Renewal Refill 1.1l",
    "image_url": "https://cdn1.woolworths.media/content/wowproductimages/large/267182.jpg",
    "source_id": "Woolworths - 267182",
    "barcode": "4987176170224",
    "category_id": "1_894D0A8",
    "shop": "Woolworths",
    "weight": "100ML",
    "prices": [
      {
        "state": "NSW",
        "price": "1100",
        "price_per_unit": "100",
        "price_unit": "ML"
      },
      {
        "state": "VIC",
        "price": "1100",
        "price_per_unit": "100",
        "price_unit": "ML"
      },
      {
        "state": "QLD",
        "price": "1100",
        "price_per_unit": "100",
        "price_unit": "ML"
      },
      {
        "state": "WA",
        "price": "1100",
        "price_per_unit": "100",
        "price_unit": "ML"
      },
      {
        "state": "SA",
        "price": "1100",
        "price_per_unit": "100",
        "price_unit": "ML"
      },
      {
        "state": "TAS",
        "price": "1100",
        "price_per_unit": "100",
        "price_unit": "ML"
      },
      {
        "state": "ACT",
        "price": "1100",
        "price_per_unit": "100",
        "price_unit": "ML"
      },
      {
        "state": "NT",
        "price": "1210",
        "price_per_unit": "110",
        "price_unit": "ML"
      }
    ]
  },
  {
    "source_url": "https://www.woolworths.com.au/shop/productdetails/571569/pantene-keratin-daily-intensive-conditioner",
    "name": "Pantene Keratin Daily Intensive Conditioner 350mL",
    "image_url": "https://cdn1.woolworths.media/content/wowproductimages/large/571569.jpg",
    "source_id": "Woolworths - 571569",
    "barcode": "4987176232519",
    "category_id": "1_894D0A8",
    "shop": "Woolworths",
    "weight": "100ML",
    "prices": [
      {
        "state": "NSW",
        "price": "650",
        "price_per_unit": "186",
        "price_unit": "ML"
      },
      {
        "state": "VIC",
        "price": "650",
        "price_per_unit": "186",
        "price_unit": "ML"
      },
      {
        "state": "QLD",
        "price": "650",
        "price_per_unit": "186",
        "price_unit": "ML"
      },
      {
        "state": "WA",
        "price": "650",
        "price_per_unit": "186",
        "price_unit": "ML"
      },
      {
        "state": "SA",
        "price": "650",
        "price_per_unit": "186",
        "price_unit": "ML"
      },
      {
        "state": "TAS",
        "price": "650",
        "price_per_unit": "186",
        "price_unit": "ML"
      },
      {
        "state": "ACT",
        "price": "650",
        "price_per_unit": "186",
        "price_unit": "ML"
      },
      {
        "state": "NT",
        "price": "680",
        "price_per_unit": "194",
        "price_unit": "ML"
      }
    ]
  },
  {
    "source_url": "https://www.woolworths.com.au/shop/productdetails/573724/pantene-keratin-daily-intensive-conditioner",
    "name": "Pantene Keratin Daily Intensive Conditioner 600mL",
    "image_url": "https://cdn1.woolworths.media/content/wowproductimages/large/573724.jpg",
    "source_id": "Woolworths - 573724",
    "barcode": "4987176232533",
    "category_id": "1_894D0A8",
    "shop": "Woolworths",
    "weight": "100ML",
    "prices": [
      {
        "state": "QLD",
        "price": "2000",
        "price_per_unit": "333",
        "price_unit": "ML"
      },
      {
        "state": "WA",
        "price": "2000",
        "price_per_unit": "333",
        "price_unit": "ML"
      },
      {
        "state": "SA",
        "price": "2000",
        "price_per_unit": "333",
        "price_unit": "ML"
      },
      {
        "state": "TAS",
        "price": "2000",
        "price_per_unit": "333",
        "price_unit": "ML"
      },
      {
        "state": "ACT",
        "price": "2000",
        "price_per_unit": "333",
        "price_unit": "ML"
      },
      {
        "state": "NT",
        "price": "2200",
        "price_per_unit": "367",
        "price_unit": "ML"
      }
    ]
  },
  {
    "source_url": "https://www.woolworths.com.au/shop/productdetails/571580/pantene-keratin-silicone-free-shampoo",
    "name": "Pantene Keratin Silicone-Free Shampoo 375mL",
    "image_url": "https://cdn1.woolworths.media/content/wowproductimages/large/571580.jpg",
    "source_id": "Woolworths - 571580",
    "barcode": "4987176232557",
    "category_id": "1_894D0A8",
    "shop": "Woolworths",
    "weight": "100ML",
    "prices": [
      {
        "state": "NSW",
        "price": "650",
        "price_per_unit": "173",
        "price_unit": "ML"
      },
      {
        "state": "VIC",
        "price": "650",
        "price_per_unit": "173",
        "price_unit": "ML"
      },
      {
        "state": "QLD",
        "price": "650",
        "price_per_unit": "173",
        "price_unit": "ML"
      },
      {
        "state": "WA",
        "price": "650",
        "price_per_unit": "173",
        "price_unit": "ML"
      },
      {
        "state": "SA",
        "price": "650",
        "price_per_unit": "173",
        "price_unit": "ML"
      },
      {
        "state": "TAS",
        "price": "650",
        "price_per_unit": "173",
        "price_unit": "ML"
      },
      {
        "state": "ACT",
        "price": "650",
        "price_per_unit": "173",
        "price_unit": "ML"
      },
      {
        "state": "NT",
        "price": "680",
        "price_per_unit": "181",
        "price_unit": "ML"
      }
    ]
  },
  {
    "source_url": "https://www.woolworths.com.au/shop/productdetails/573706/pantene-keratin-silicone-free-shampoo",
    "name": "Pantene Keratin Silicone-Free Shampoo 650mL",
    "image_url": "https://cdn1.woolworths.media/content/wowproductimages/large/573706.jpg",
    "source_id": "Woolworths - 573706",
    "barcode": "4987176232540",
    "category_id": "1_894D0A8",
    "shop": "Woolworths",
    "weight": "100ML",
    "prices": [
      {
        "state": "NSW",
        "price": "2000",
        "price_per_unit": "308",
        "price_unit": "ML"
      },
      {
        "state": "VIC",
        "price": "2000",
        "price_per_unit": "308",
        "price_unit": "ML"
      },
      {
        "state": "QLD",
        "price": "2000",
        "price_per_unit": "308",
        "price_unit": "ML"
      },
      {
        "state": "WA",
        "price": "2000",
        "price_per_unit": "308",
        "price_unit": "ML"
      },
      {
        "state": "SA",
        "price": "2000",
        "price_per_unit": "308",
        "price_unit": "ML"
      },
      {
        "state": "TAS",
        "price": "2000",
        "price_per_unit": "308",
        "price_unit": "ML"
      },
      {
        "state": "ACT",
        "price": "2000",
        "price_per_unit": "308",
        "price_unit": "ML"
      },
      {
        "state": "NT",
        "price": "2200",
        "price_per_unit": "338",
        "price_unit": "ML"
      }
    ]
  },
  {
    "source_url": "https://www.woolworths.com.au/shop/productdetails/852213/pantene-micellar-aloe-vera-hydrating-conditioner",
    "name": "Pantene Micellar Aloe Vera Hydrating Conditioner 530ml",
    "image_url": "https://cdn1.woolworths.media/content/wowproductimages/large/852213.jpg",
    "source_id": "Woolworths - 852213",
    "barcode": "4902430858717",
    "category_id": "1_894D0A8",
    "shop": "Woolworths",
    "weight": "100ML",
    "prices": [
      {
        "state": "NSW",
        "price": "1800",
        "price_per_unit": "340",
        "price_unit": "ML"
      },
      {
        "state": "VIC",
        "price": "1800",
        "price_per_unit": "340",
        "price_unit": "ML"
      },
      {
        "state": "QLD",
        "price": "1800",
        "price_per_unit": "340",
        "price_unit": "ML"
      },
      {
        "state": "WA",
        "price": "1800",
        "price_per_unit": "340",
        "price_unit": "ML"
      },
      {
        "state": "SA",
        "price": "1800",
        "price_per_unit": "340",
        "price_unit": "ML"
      },
      {
        "state": "TAS",
        "price": "1800",
        "price_per_unit": "340",
        "price_unit": "ML"
      },
      {
        "state": "ACT",
        "price": "1800",
        "price_per_unit": "340",
        "price_unit": "ML"
      },
      {
        "state": "NT",
        "price": "1890",
        "price_per_unit": "357",
        "price_unit": "ML"
      }
    ]
  },
  {
    "source_url": "https://www.woolworths.com.au/shop/productdetails/852210/pantene-micellar-aloe-vera-hydrating-shampoo",
    "name": "Pantene Micellar Aloe Vera Hydrating Shampoo 530ml",
    "image_url": "https://cdn1.woolworths.media/content/wowproductimages/large/852210.jpg",
    "source_id": "Woolworths - 852210",
    "barcode": "4902430858731",
    "category_id": "1_894D0A8",
    "shop": "Woolworths",
    "weight": "100ML",
    "prices": [
      {
        "state": "NSW",
        "price": "1800",
        "price_per_unit": "340",
        "price_unit": "ML"
      },
      {
        "state": "VIC",
        "price": "1800",
        "price_per_unit": "340",
        "price_unit": "ML"
      },
      {
        "state": "QLD",
        "price": "1800",
        "price_per_unit": "340",
        "price_unit": "ML"
      },
      {
        "state": "WA",
        "price": "1800",
        "price_per_unit": "340",
        "price_unit": "ML"
      },
      {
        "state": "SA",
        "price": "1800",
        "price_per_unit": "340",
        "price_unit": "ML"
      },
      {
        "state": "TAS",
        "price": "1800",
        "price_per_unit": "340",
        "price_unit": "ML"
      },
      {
        "state": "ACT",
        "price": "1800",
        "price_per_unit": "340",
        "price_unit": "ML"
      },
      {
        "state": "NT",
        "price": "1890",
        "price_per_unit": "357",
        "price_unit": "ML"
      }
    ]
  },
  {
    "source_url": "https://www.woolworths.com.au/shop/productdetails/83239/pantene-micellar-rosewater-moisturising-conditioner",
    "name": "Pantene Micellar Rosewater Moisturising Conditioner 530ml",
    "image_url": "https://cdn1.woolworths.media/content/wowproductimages/large/083239.jpg",
    "source_id": "Woolworths - 83239",
    "barcode": "4902430919425",
    "category_id": "1_894D0A8",
    "shop": "Woolworths",
    "weight": "100ML",
    "prices": [
      {
        "state": "NSW",
        "price": "1800",
        "price_per_unit": "340",
        "price_unit": "ML"
      },
      {
        "state": "VIC",
        "price": "1800",
        "price_per_unit": "340",
        "price_unit": "ML"
      },
      {
        "state": "QLD",
        "price": "1800",
        "price_per_unit": "340",
        "price_unit": "ML"
      },
      {
        "state": "WA",
        "price": "1800",
        "price_per_unit": "340",
        "price_unit": "ML"
      },
      {
        "state": "SA",
        "price": "1800",
        "price_per_unit": "340",
        "price_unit": "ML"
      },
      {
        "state": "TAS",
        "price": "1800",
        "price_per_unit": "340",
        "price_unit": "ML"
      },
      {
        "state": "ACT",
        "price": "1800",
        "price_per_unit": "340",
        "price_unit": "ML"
      },
      {
        "state": "NT",
        "price": "1890",
        "price_per_unit": "357",
        "price_unit": "ML"
      }
    ]
  },
  {
    "source_url": "https://www.woolworths.com.au/shop/productdetails/83230/pantene-micellar-rosewater-moisturising-shampoo",
    "name": "Pantene Micellar Rosewater Moisturising Shampoo 530ml",
    "image_url": "https://cdn1.woolworths.media/content/wowproductimages/large/083230.jpg",
    "source_id": "Woolworths - 83230",
    "barcode": "4902430919418",
    "category_id": "1_894D0A8",
    "shop": "Woolworths",
    "weight": "100ML",
    "prices": [
      {
        "state": "NSW",
        "price": "1800",
        "price_per_unit": "340",
        "price_unit": "ML"
      },
      {
        "state": "VIC",
        "price": "1800",
        "price_per_unit": "340",
        "price_unit": "ML"
      },
      {
        "state": "QLD",
        "price": "1800",
        "price_per_unit": "340",
        "price_unit": "ML"
      },
      {
        "state": "WA",
        "price": "1800",
        "price_per_unit": "340",
        "price_unit": "ML"
      },
      {
        "state": "SA",
        "price": "1800",
        "price_per_unit": "340",
        "price_unit": "ML"
      },
      {
        "state": "TAS",
        "price": "1800",
        "price_per_unit": "340",
        "price_unit": "ML"
      },
      {
        "state": "ACT",
        "price": "1800",
        "price_per_unit": "340",
        "price_unit": "ML"
      },
      {
        "state": "NT",
        "price": "1890",
        "price_per_unit": "357",
        "price_unit": "ML"
      }
    ]
  },
  {
    "source_url": "https://www.woolworths.com.au/shop/productdetails/268293/pantene-moisture-renewal-conditioner-jojoba",
    "name": "Pantene Moisture Renewal Conditioner Jojoba 600ml",
    "image_url": "https://cdn1.woolworths.media/content/wowproductimages/large/268293.jpg",
    "source_id": "Woolworths - 268293",
    "barcode": "4987176134714",
    "category_id": "1_894D0A8",
    "shop": "Woolworths",
    "weight": "100ML",
    "prices": [
      {
        "state": "NSW",
        "price": "2000",
        "price_per_unit": "333",
        "price_unit": "ML"
      },
      {
        "state": "VIC",
        "price": "2000",
        "price_per_unit": "333",
        "price_unit": "ML"
      },
      {
        "state": "QLD",
        "price": "2000",
        "price_per_unit": "333",
        "price_unit": "ML"
      },
      {
        "state": "WA",
        "price": "2000",
        "price_per_unit": "333",
        "price_unit": "ML"
      },
      {
        "state": "SA",
        "price": "2000",
        "price_per_unit": "333",
        "price_unit": "ML"
      },
      {
        "state": "TAS",
        "price": "2000",
        "price_per_unit": "333",
        "price_unit": "ML"
      },
      {
        "state": "ACT",
        "price": "2000",
        "price_per_unit": "333",
        "price_unit": "ML"
      },
      {
        "state": "NT",
        "price": "2200",
        "price_per_unit": "367",
        "price_unit": "ML"
      }
    ]
  },
  {
    "source_url": "https://www.woolworths.com.au/shop/productdetails/265220/pantene-moisture-renewal-refill",
    "name": "Pantene Moisture Renewal Refill Each",
    "image_url": "https://cdn1.woolworths.media/content/wowproductimages/large/265220.jpg",
    "source_id": "Woolworths - 265220",
    "barcode": "4987176170217",
    "category_id": "1_894D0A8",
    "shop": "Woolworths",
    "weight": "100ML",
    "prices": [
      {
        "state": "NSW",
        "price": "1100",
        "price_per_unit": "100",
        "price_unit": "ML"
      },
      {
        "state": "VIC",
        "price": "1100",
        "price_per_unit": "100",
        "price_unit": "ML"
      },
      {
        "state": "QLD",
        "price": "1100",
        "price_per_unit": "100",
        "price_unit": "ML"
      },
      {
        "state": "WA",
        "price": "1100",
        "price_per_unit": "100",
        "price_unit": "ML"
      },
      {
        "state": "SA",
        "price": "1100",
        "price_per_unit": "100",
        "price_unit": "ML"
      },
      {
        "state": "TAS",
        "price": "1100",
        "price_per_unit": "100",
        "price_unit": "ML"
      },
      {
        "state": "ACT",
        "price": "1100",
        "price_per_unit": "100",
        "price_unit": "ML"
      },
      {
        "state": "NT",
        "price": "1210",
        "price_per_unit": "110",
        "price_unit": "ML"
      }
    ]
  },
  {
    "source_url": "https://www.woolworths.com.au/shop/productdetails/83242/pantene-pro-v-sheer-volume-conditioner-for-fine-hair",
    "name": "Pantene Pro-v  Sheer Volume Conditioner For Fine Hair 375ml",
    "image_url": "https://cdn1.woolworths.media/content/wowproductimages/large/083242.jpg",
    "source_id": "Woolworths - 83242",
    "barcode": "4902430931236",
    "category_id": "1_894D0A8",
    "shop": "Woolworths",
    "weight": "100ML",
    "prices": [
      {
        "state": "NSW",
        "price": "500",
        "price_per_unit": "133",
        "price_unit": "ML"
      },
      {
        "state": "VIC",
        "price": "500",
        "price_per_unit": "133",
        "price_unit": "ML"
      },
      {
        "state": "QLD",
        "price": "500",
        "price_per_unit": "133",
        "price_unit": "ML"
      },
      {
        "state": "WA",
        "price": "500",
        "price_per_unit": "133",
        "price_unit": "ML"
      },
      {
        "state": "SA",
        "price": "500",
        "price_per_unit": "133",
        "price_unit": "ML"
      },
      {
        "state": "TAS",
        "price": "500",
        "price_per_unit": "133",
        "price_unit": "ML"
      },
      {
        "state": "ACT",
        "price": "500",
        "price_per_unit": "133",
        "price_unit": "ML"
      },
      {
        "state": "NT",
        "price": "550",
        "price_per_unit": "147",
        "price_unit": "ML"
      }
    ]
  },
  {
    "source_url": "https://www.woolworths.com.au/shop/productdetails/84702/pantene-pro-v-sheer-volume-shampoo-for-fine-hair",
    "name": "Pantene Pro-v  Sheer Volume Shampoo For Fine Hair 375ml",
    "image_url": "https://cdn1.woolworths.media/content/wowproductimages/large/084702.jpg",
    "source_id": "Woolworths - 84702",
    "barcode": "4902430931168",
    "category_id": "1_894D0A8",
    "shop": "Woolworths",
    "weight": "100ML",
    "prices": [
      {
        "state": "NSW",
        "price": "500",
        "price_per_unit": "133",
        "price_unit": "ML"
      },
      {
        "state": "VIC",
        "price": "500",
        "price_per_unit": "133",
        "price_unit": "ML"
      },
      {
        "state": "QLD",
        "price": "500",
        "price_per_unit": "133",
        "price_unit": "ML"
      },
      {
        "state": "WA",
        "price": "500",
        "price_per_unit": "133",
        "price_unit": "ML"
      },
      {
        "state": "SA",
        "price": "500",
        "price_per_unit": "133",
        "price_unit": "ML"
      },
      {
        "state": "TAS",
        "price": "500",
        "price_per_unit": "133",
        "price_unit": "ML"
      },
      {
        "state": "ACT",
        "price": "500",
        "price_per_unit": "133",
        "price_unit": "ML"
      },
      {
        "state": "NT",
        "price": "550",
        "price_per_unit": "147",
        "price_unit": "ML"
      }
    ]
  },
  {
    "source_url": "https://www.woolworths.com.au/shop/productdetails/842811/pantene-pro-v-classic-care-conditioner",
    "name": "Pantene Pro-v Classic Care Conditioner 900ml",
    "image_url": "https://cdn1.woolworths.media/content/wowproductimages/large/842811.jpg",
    "source_id": "Woolworths - 842811",
    "barcode": "4902430637367",
    "category_id": "1_894D0A8",
    "shop": "Woolworths",
    "weight": "100ML",
    "prices": [
      {
        "state": "NSW",
        "price": "2000",
        "price_per_unit": "222",
        "price_unit": "ML"
      },
      {
        "state": "VIC",
        "price": "2000",
        "price_per_unit": "222",
        "price_unit": "ML"
      },
      {
        "state": "QLD",
        "price": "2000",
        "price_per_unit": "222",
        "price_unit": "ML"
      },
      {
        "state": "WA",
        "price": "2000",
        "price_per_unit": "222",
        "price_unit": "ML"
      },
      {
        "state": "SA",
        "price": "2000",
        "price_per_unit": "222",
        "price_unit": "ML"
      },
      {
        "state": "TAS",
        "price": "2000",
        "price_per_unit": "222",
        "price_unit": "ML"
      },
      {
        "state": "ACT",
        "price": "2000",
        "price_per_unit": "222",
        "price_unit": "ML"
      },
      {
        "state": "NT",
        "price": "2200",
        "price_per_unit": "244",
        "price_unit": "ML"
      }
    ]
  },
  {
    "source_url": "https://www.woolworths.com.au/shop/productdetails/81520/pantene-pro-v-classic-clean-conditioner",
    "name": "Pantene Pro-v Classic Clean Conditioner 375ml",
    "image_url": "https://cdn1.woolworths.media/content/wowproductimages/large/081520.jpg",
    "source_id": "Woolworths - 81520",
    "barcode": "4902430931182",
    "category_id": "1_894D0A8",
    "shop": "Woolworths",
    "weight": "100ML",
    "prices": [
      {
        "state": "NSW",
        "price": "500",
        "price_per_unit": "133",
        "price_unit": "ML"
      },
      {
        "state": "VIC",
        "price": "500",
        "price_per_unit": "133",
        "price_unit": "ML"
      },
      {
        "state": "QLD",
        "price": "500",
        "price_per_unit": "133",
        "price_unit": "ML"
      },
      {
        "state": "WA",
        "price": "500",
        "price_per_unit": "133",
        "price_unit": "ML"
      },
      {
        "state": "SA",
        "price": "500",
        "price_per_unit": "133",
        "price_unit": "ML"
      },
      {
        "state": "TAS",
        "price": "500",
        "price_per_unit": "133",
        "price_unit": "ML"
      },
      {
        "state": "ACT",
        "price": "500",
        "price_per_unit": "133",
        "price_unit": "ML"
      },
      {
        "state": "NT",
        "price": "550",
        "price_per_unit": "147",
        "price_unit": "ML"
      }
    ]
  },
  {
    "source_url": "https://www.woolworths.com.au/shop/productdetails/81519/pantene-pro-v-classic-clean-shampoo",
    "name": "Pantene Pro-v Classic Clean Shampoo 375ml",
    "image_url": "https://cdn1.woolworths.media/content/wowproductimages/large/081519.jpg",
    "source_id": "Woolworths - 81519",
    "barcode": "4902430931120",
    "category_id": "1_894D0A8",
    "shop": "Woolworths",
    "weight": "100ML",
    "prices": [
      {
        "state": "NSW",
        "price": "500",
        "price_per_unit": "133",
        "price_unit": "ML"
      },
      {
        "state": "VIC",
        "price": "500",
        "price_per_unit": "133",
        "price_unit": "ML"
      },
      {
        "state": "QLD",
        "price": "500",
        "price_per_unit": "133",
        "price_unit": "ML"
      },
      {
        "state": "WA",
        "price": "500",
        "price_per_unit": "133",
        "price_unit": "ML"
      },
      {
        "state": "SA",
        "price": "500",
        "price_per_unit": "133",
        "price_unit": "ML"
      },
      {
        "state": "TAS",
        "price": "500",
        "price_per_unit": "133",
        "price_unit": "ML"
      },
      {
        "state": "ACT",
        "price": "500",
        "price_per_unit": "133",
        "price_unit": "ML"
      },
      {
        "state": "NT",
        "price": "550",
        "price_per_unit": "147",
        "price_unit": "ML"
      }
    ]
  },
  {
    "source_url": "https://www.woolworths.com.au/shop/productdetails/842633/pantene-pro-v-classic-clean-shampoo",
    "name": "Pantene Pro-v Classic Clean Shampoo 900ml",
    "image_url": "https://cdn1.woolworths.media/content/wowproductimages/large/842633.jpg",
    "source_id": "Woolworths - 842633",
    "barcode": "4902430637824",
    "category_id": "1_894D0A8",
    "shop": "Woolworths",
    "weight": "100ML",
    "prices": [
      {
        "state": "NSW",
        "price": "2000",
        "price_per_unit": "222",
        "price_unit": "ML"
      },
      {
        "state": "VIC",
        "price": "2000",
        "price_per_unit": "222",
        "price_unit": "ML"
      },
      {
        "state": "QLD",
        "price": "2000",
        "price_per_unit": "222",
        "price_unit": "ML"
      },
      {
        "state": "WA",
        "price": "2000",
        "price_per_unit": "222",
        "price_unit": "ML"
      },
      {
        "state": "SA",
        "price": "2000",
        "price_per_unit": "222",
        "price_unit": "ML"
      },
      {
        "state": "TAS",
        "price": "2000",
        "price_per_unit": "222",
        "price_unit": "ML"
      },
      {
        "state": "ACT",
        "price": "2000",
        "price_per_unit": "222",
        "price_unit": "ML"
      },
      {
        "state": "NT",
        "price": "2200",
        "price_per_unit": "244",
        "price_unit": "ML"
      }
    ]
  },
  {
    "source_url": "https://www.woolworths.com.au/shop/productdetails/83229/pantene-pro-v-colour-protection-conditioner-for-coloured-hair",
    "name": "Pantene Pro-v Colour Protection Conditioner For Coloured Hair 375ml",
    "image_url": "https://cdn1.woolworths.media/content/wowproductimages/large/083229.jpg",
    "source_id": "Woolworths - 83229",
    "barcode": "4902430931212",
    "category_id": "1_894D0A8",
    "shop": "Woolworths",
    "weight": "100ML",
    "prices": [
      {
        "state": "NSW",
        "price": "500",
        "price_per_unit": "133",
        "price_unit": "ML"
      },
      {
        "state": "VIC",
        "price": "500",
        "price_per_unit": "133",
        "price_unit": "ML"
      },
      {
        "state": "QLD",
        "price": "500",
        "price_per_unit": "133",
        "price_unit": "ML"
      },
      {
        "state": "WA",
        "price": "500",
        "price_per_unit": "133",
        "price_unit": "ML"
      },
      {
        "state": "SA",
        "price": "500",
        "price_per_unit": "133",
        "price_unit": "ML"
      },
      {
        "state": "TAS",
        "price": "500",
        "price_per_unit": "133",
        "price_unit": "ML"
      },
      {
        "state": "ACT",
        "price": "500",
        "price_per_unit": "133",
        "price_unit": "ML"
      },
      {
        "state": "NT",
        "price": "550",
        "price_per_unit": "147",
        "price_unit": "ML"
      }
    ]
  },
  {
    "source_url": "https://www.woolworths.com.au/shop/productdetails/842810/pantene-pro-v-colour-protection-conditioner-for-coloured-hair",
    "name": "Pantene Pro-v Colour Protection Conditioner For Coloured Hair 900ml",
    "image_url": "https://cdn1.woolworths.media/content/wowproductimages/large/842810.jpg",
    "source_id": "Woolworths - 842810",
    "barcode": "4902430637336",
    "category_id": "1_894D0A8",
    "shop": "Woolworths",
    "weight": "100ML",
    "prices": [
      {
        "state": "NSW",
        "price": "2000",
        "price_per_unit": "222",
        "price_unit": "ML"
      },
      {
        "state": "VIC",
        "price": "2000",
        "price_per_unit": "222",
        "price_unit": "ML"
      },
      {
        "state": "QLD",
        "price": "2000",
        "price_per_unit": "222",
        "price_unit": "ML"
      },
      {
        "state": "WA",
        "price": "2000",
        "price_per_unit": "222",
        "price_unit": "ML"
      },
      {
        "state": "SA",
        "price": "2000",
        "price_per_unit": "222",
        "price_unit": "ML"
      },
      {
        "state": "TAS",
        "price": "2000",
        "price_per_unit": "222",
        "price_unit": "ML"
      },
      {
        "state": "ACT",
        "price": "2000",
        "price_per_unit": "222",
        "price_unit": "ML"
      },
      {
        "state": "NT",
        "price": "2200",
        "price_per_unit": "244",
        "price_unit": "ML"
      }
    ]
  },
  {
    "source_url": "https://www.woolworths.com.au/shop/productdetails/81518/pantene-pro-v-colour-protection-shampoo-for-coloured-hair",
    "name": "Pantene Pro-v Colour Protection Shampoo For Coloured Hair 375ml",
    "image_url": "https://cdn1.woolworths.media/content/wowproductimages/large/081518.jpg",
    "source_id": "Woolworths - 81518",
    "barcode": "4902430931137",
    "category_id": "1_894D0A8",
    "shop": "Woolworths",
    "weight": "100ML",
    "prices": [
      {
        "state": "NSW",
        "price": "500",
        "price_per_unit": "133",
        "price_unit": "ML"
      },
      {
        "state": "VIC",
        "price": "500",
        "price_per_unit": "133",
        "price_unit": "ML"
      },
      {
        "state": "QLD",
        "price": "500",
        "price_per_unit": "133",
        "price_unit": "ML"
      },
      {
        "state": "WA",
        "price": "500",
        "price_per_unit": "133",
        "price_unit": "ML"
      },
      {
        "state": "SA",
        "price": "500",
        "price_per_unit": "133",
        "price_unit": "ML"
      },
      {
        "state": "TAS",
        "price": "500",
        "price_per_unit": "133",
        "price_unit": "ML"
      },
      {
        "state": "ACT",
        "price": "500",
        "price_per_unit": "133",
        "price_unit": "ML"
      },
      {
        "state": "NT",
        "price": "550",
        "price_per_unit": "147",
        "price_unit": "ML"
      }
    ]
  },
  {
    "source_url": "https://www.woolworths.com.au/shop/productdetails/842632/pantene-pro-v-colour-protection-shampoo-for-coloured-hair",
    "name": "Pantene Pro-v Colour Protection Shampoo For Coloured Hair 900ml",
    "image_url": "https://cdn1.woolworths.media/content/wowproductimages/large/842632.jpg",
    "source_id": "Woolworths - 842632",
    "barcode": "4902430637329",
    "category_id": "1_894D0A8",
    "shop": "Woolworths",
    "weight": "100ML",
    "prices": [
      {
        "state": "NSW",
        "price": "2000",
        "price_per_unit": "222",
        "price_unit": "ML"
      },
      {
        "state": "VIC",
        "price": "2000",
        "price_per_unit": "222",
        "price_unit": "ML"
      },
      {
        "state": "QLD",
        "price": "2000",
        "price_per_unit": "222",
        "price_unit": "ML"
      },
      {
        "state": "WA",
        "price": "2000",
        "price_per_unit": "222",
        "price_unit": "ML"
      },
      {
        "state": "SA",
        "price": "2000",
        "price_per_unit": "222",
        "price_unit": "ML"
      },
      {
        "state": "TAS",
        "price": "2000",
        "price_per_unit": "222",
        "price_unit": "ML"
      },
      {
        "state": "ACT",
        "price": "2000",
        "price_per_unit": "222",
        "price_unit": "ML"
      },
      {
        "state": "NT",
        "price": "2200",
        "price_per_unit": "244",
        "price_unit": "ML"
      }
    ]
  },
  {
    "source_url": "https://www.woolworths.com.au/shop/productdetails/81516/pantene-pro-v-daily-moisture-renewal-conditioner",
    "name": "Pantene Pro-v Daily Moisture Renewal Conditioner 375ml",
    "image_url": "https://cdn1.woolworths.media/content/wowproductimages/large/081516.jpg",
    "source_id": "Woolworths - 81516",
    "barcode": "4902430929868",
    "category_id": "1_894D0A8",
    "shop": "Woolworths",
    "weight": "100ML",
    "prices": [
      {
        "state": "NSW",
        "price": "500",
        "price_per_unit": "133",
        "price_unit": "ML"
      },
      {
        "state": "VIC",
        "price": "500",
        "price_per_unit": "133",
        "price_unit": "ML"
      },
      {
        "state": "QLD",
        "price": "500",
        "price_per_unit": "133",
        "price_unit": "ML"
      },
      {
        "state": "WA",
        "price": "500",
        "price_per_unit": "133",
        "price_unit": "ML"
      },
      {
        "state": "SA",
        "price": "500",
        "price_per_unit": "133",
        "price_unit": "ML"
      },
      {
        "state": "TAS",
        "price": "500",
        "price_per_unit": "133",
        "price_unit": "ML"
      },
      {
        "state": "ACT",
        "price": "500",
        "price_per_unit": "133",
        "price_unit": "ML"
      },
      {
        "state": "NT",
        "price": "550",
        "price_per_unit": "147",
        "price_unit": "ML"
      }
    ]
  },
  {
    "source_url": "https://www.woolworths.com.au/shop/productdetails/842806/pantene-pro-v-daily-moisture-renewal-nourishing-shampoo-dry-hair",
    "name": "Pantene Pro-v Daily Moisture Renewal Nourishing Shampoo Dry Hair 900ml",
    "image_url": "https://cdn1.woolworths.media/content/wowproductimages/large/842806.jpg",
    "source_id": "Woolworths - 842806",
    "barcode": "4902430637299",
    "category_id": "1_894D0A8",
    "shop": "Woolworths",
    "weight": "100ML",
    "prices": [
      {
        "state": "NSW",
        "price": "2000",
        "price_per_unit": "222",
        "price_unit": "ML"
      },
      {
        "state": "VIC",
        "price": "2000",
        "price_per_unit": "222",
        "price_unit": "ML"
      },
      {
        "state": "QLD",
        "price": "2000",
        "price_per_unit": "222",
        "price_unit": "ML"
      },
      {
        "state": "WA",
        "price": "2000",
        "price_per_unit": "222",
        "price_unit": "ML"
      },
      {
        "state": "SA",
        "price": "2000",
        "price_per_unit": "222",
        "price_unit": "ML"
      },
      {
        "state": "TAS",
        "price": "2000",
        "price_per_unit": "222",
        "price_unit": "ML"
      },
      {
        "state": "ACT",
        "price": "2000",
        "price_per_unit": "222",
        "price_unit": "ML"
      },
      {
        "state": "NT",
        "price": "2200",
        "price_per_unit": "244",
        "price_unit": "ML"
      }
    ]
  },
  {
    "source_url": "https://www.woolworths.com.au/shop/productdetails/83228/pantene-pro-v-smooth-sleek-conditioner-for-frizzy-hair",
    "name": "Pantene Pro-v Smooth & Sleek Conditioner For Frizzy Hair 375ml",
    "image_url": "https://cdn1.woolworths.media/content/wowproductimages/large/083228.jpg",
    "source_id": "Woolworths - 83228",
    "barcode": "4902430931229",
    "category_id": "1_894D0A8",
    "shop": "Woolworths",
    "weight": "100ML",
    "prices": [
      {
        "state": "NSW",
        "price": "500",
        "price_per_unit": "133",
        "price_unit": "ML"
      },
      {
        "state": "VIC",
        "price": "500",
        "price_per_unit": "133",
        "price_unit": "ML"
      },
      {
        "state": "QLD",
        "price": "500",
        "price_per_unit": "133",
        "price_unit": "ML"
      },
      {
        "state": "WA",
        "price": "500",
        "price_per_unit": "133",
        "price_unit": "ML"
      },
      {
        "state": "SA",
        "price": "500",
        "price_per_unit": "133",
        "price_unit": "ML"
      },
      {
        "state": "TAS",
        "price": "500",
        "price_per_unit": "133",
        "price_unit": "ML"
      },
      {
        "state": "ACT",
        "price": "500",
        "price_per_unit": "133",
        "price_unit": "ML"
      },
      {
        "state": "NT",
        "price": "550",
        "price_per_unit": "147",
        "price_unit": "ML"
      }
    ]
  },
  {
    "source_url": "https://www.woolworths.com.au/shop/productdetails/842887/pantene-pro-v-smooth-sleek-conditioner-for-frizzy-hair",
    "name": "Pantene Pro-v Smooth & Sleek Conditioner For Frizzy Hair 900ml",
    "image_url": "https://cdn1.woolworths.media/content/wowproductimages/large/842887.jpg",
    "source_id": "Woolworths - 842887",
    "barcode": "4902430637404",
    "category_id": "1_894D0A8",
    "shop": "Woolworths",
    "weight": "100ML",
    "prices": [
      {
        "state": "NSW",
        "price": "2000",
        "price_per_unit": "222",
        "price_unit": "ML"
      },
      {
        "state": "VIC",
        "price": "2000",
        "price_per_unit": "222",
        "price_unit": "ML"
      },
      {
        "state": "QLD",
        "price": "2000",
        "price_per_unit": "222",
        "price_unit": "ML"
      },
      {
        "state": "WA",
        "price": "2000",
        "price_per_unit": "222",
        "price_unit": "ML"
      },
      {
        "state": "SA",
        "price": "2000",
        "price_per_unit": "222",
        "price_unit": "ML"
      },
      {
        "state": "TAS",
        "price": "2000",
        "price_per_unit": "222",
        "price_unit": "ML"
      },
      {
        "state": "ACT",
        "price": "2000",
        "price_per_unit": "222",
        "price_unit": "ML"
      },
      {
        "state": "NT",
        "price": "2200",
        "price_per_unit": "244",
        "price_unit": "ML"
      }
    ]
  },
  {
    "source_url": "https://www.woolworths.com.au/shop/productdetails/83254/pantene-pro-v-smooth-sleek-shampoo-for-frizzy-hair",
    "name": "Pantene Pro-v Smooth & Sleek Shampoo For Frizzy Hair 375ml",
    "image_url": "https://cdn1.woolworths.media/content/wowproductimages/large/083254.jpg",
    "source_id": "Woolworths - 83254",
    "barcode": "4902430931151",
    "category_id": "1_894D0A8",
    "shop": "Woolworths",
    "weight": "100ML",
    "prices": [
      {
        "state": "NSW",
        "price": "500",
        "price_per_unit": "133",
        "price_unit": "ML"
      },
      {
        "state": "VIC",
        "price": "500",
        "price_per_unit": "133",
        "price_unit": "ML"
      },
      {
        "state": "QLD",
        "price": "500",
        "price_per_unit": "133",
        "price_unit": "ML"
      },
      {
        "state": "WA",
        "price": "500",
        "price_per_unit": "133",
        "price_unit": "ML"
      },
      {
        "state": "SA",
        "price": "500",
        "price_per_unit": "133",
        "price_unit": "ML"
      },
      {
        "state": "TAS",
        "price": "500",
        "price_per_unit": "133",
        "price_unit": "ML"
      },
      {
        "state": "ACT",
        "price": "500",
        "price_per_unit": "133",
        "price_unit": "ML"
      },
      {
        "state": "NT",
        "price": "550",
        "price_per_unit": "147",
        "price_unit": "ML"
      }
    ]
  },
  {
    "source_url": "https://www.woolworths.com.au/shop/productdetails/842812/pantene-pro-v-smooth-sleek-shampoo-for-frizzy-hair",
    "name": "Pantene Pro-v Smooth & Sleek Shampoo For Frizzy Hair 900ml",
    "image_url": "https://cdn1.woolworths.media/content/wowproductimages/large/842812.jpg",
    "source_id": "Woolworths - 842812",
    "barcode": "4902430637398",
    "category_id": "1_894D0A8",
    "shop": "Woolworths",
    "weight": "100ML",
    "prices": [
      {
        "state": "NSW",
        "price": "2000",
        "price_per_unit": "222",
        "price_unit": "ML"
      },
      {
        "state": "VIC",
        "price": "2000",
        "price_per_unit": "222",
        "price_unit": "ML"
      },
      {
        "state": "QLD",
        "price": "2000",
        "price_per_unit": "222",
        "price_unit": "ML"
      },
      {
        "state": "WA",
        "price": "2000",
        "price_per_unit": "222",
        "price_unit": "ML"
      },
      {
        "state": "SA",
        "price": "2000",
        "price_per_unit": "222",
        "price_unit": "ML"
      },
      {
        "state": "TAS",
        "price": "2000",
        "price_per_unit": "222",
        "price_unit": "ML"
      },
      {
        "state": "ACT",
        "price": "2000",
        "price_per_unit": "222",
        "price_unit": "ML"
      },
      {
        "state": "NT",
        "price": "2200",
        "price_per_unit": "244",
        "price_unit": "ML"
      }
    ]
  },
  {
    "source_url": "https://www.woolworths.com.au/shop/productdetails/81662/pantene-pro-v-ultimate-10-repair-protect-conditioner",
    "name": "Pantene Pro-v Ultimate 10 Repair & Protect Conditioner 375ml",
    "image_url": "https://cdn1.woolworths.media/content/wowproductimages/large/081662.jpg",
    "source_id": "Woolworths - 81662",
    "barcode": "4902430931243",
    "category_id": "1_894D0A8",
    "shop": "Woolworths",
    "weight": "100ML",
    "prices": [
      {
        "state": "NSW",
        "price": "500",
        "price_per_unit": "133",
        "price_unit": "ML"
      },
      {
        "state": "VIC",
        "price": "500",
        "price_per_unit": "133",
        "price_unit": "ML"
      },
      {
        "state": "QLD",
        "price": "500",
        "price_per_unit": "133",
        "price_unit": "ML"
      },
      {
        "state": "WA",
        "price": "500",
        "price_per_unit": "133",
        "price_unit": "ML"
      },
      {
        "state": "SA",
        "price": "500",
        "price_per_unit": "133",
        "price_unit": "ML"
      },
      {
        "state": "TAS",
        "price": "500",
        "price_per_unit": "133",
        "price_unit": "ML"
      },
      {
        "state": "ACT",
        "price": "500",
        "price_per_unit": "133",
        "price_unit": "ML"
      },
      {
        "state": "NT",
        "price": "550",
        "price_per_unit": "147",
        "price_unit": "ML"
      }
    ]
  },
  {
    "source_url": "https://www.woolworths.com.au/shop/productdetails/482121/pantene-shampoo-daily-moisture",
    "name": "Pantene Shampoo Daily Moisture 90ml",
    "image_url": "https://cdn1.woolworths.media/content/wowproductimages/large/482121.jpg",
    "source_id": "Woolworths - 482121",
    "barcode": "4902430694834",
    "category_id": "1_894D0A8",
    "shop": "Woolworths",
    "weight": "100ML",
    "prices": [
      {
        "state": "NSW",
        "price": "300",
        "price_per_unit": "333",
        "price_unit": "ML"
      },
      {
        "state": "VIC",
        "price": "300",
        "price_per_unit": "333",
        "price_unit": "ML"
      },
      {
        "state": "QLD",
        "price": "300",
        "price_per_unit": "333",
        "price_unit": "ML"
      },
      {
        "state": "WA",
        "price": "300",
        "price_per_unit": "333",
        "price_unit": "ML"
      },
      {
        "state": "SA",
        "price": "300",
        "price_per_unit": "333",
        "price_unit": "ML"
      },
      {
        "state": "TAS",
        "price": "300",
        "price_per_unit": "333",
        "price_unit": "ML"
      },
      {
        "state": "ACT",
        "price": "300",
        "price_per_unit": "333",
        "price_unit": "ML"
      },
      {
        "state": "NT",
        "price": "300",
        "price_per_unit": "333",
        "price_unit": "ML"
      }
    ]
  },
  {
    "source_url": "https://www.woolworths.com.au/shop/productdetails/842809/pantene-ultimate-10-repair-protect-conditioner-for-damage",
    "name": "Pantene Ultimate 10 Repair & Protect Conditioner For Damage 900ml",
    "image_url": "https://cdn1.woolworths.media/content/wowproductimages/large/842809.jpg",
    "source_id": "Woolworths - 842809",
    "barcode": "4902430637381",
    "category_id": "1_894D0A8",
    "shop": "Woolworths",
    "weight": "100ML",
    "prices": [
      {
        "state": "NSW",
        "price": "2000",
        "price_per_unit": "222",
        "price_unit": "ML"
      },
      {
        "state": "VIC",
        "price": "2000",
        "price_per_unit": "222",
        "price_unit": "ML"
      },
      {
        "state": "QLD",
        "price": "2000",
        "price_per_unit": "222",
        "price_unit": "ML"
      },
      {
        "state": "WA",
        "price": "2000",
        "price_per_unit": "222",
        "price_unit": "ML"
      },
      {
        "state": "SA",
        "price": "2000",
        "price_per_unit": "222",
        "price_unit": "ML"
      },
      {
        "state": "TAS",
        "price": "2000",
        "price_per_unit": "222",
        "price_unit": "ML"
      },
      {
        "state": "ACT",
        "price": "2000",
        "price_per_unit": "222",
        "price_unit": "ML"
      },
      {
        "state": "NT",
        "price": "2200",
        "price_per_unit": "244",
        "price_unit": "ML"
      }
    ]
  },
  {
    "source_url": "https://www.woolworths.com.au/shop/productdetails/81521/pantene-ultimate-10-repair-protect-shampoo-for-damage",
    "name": "Pantene Ultimate 10 Repair & Protect Shampoo For Damage 375ml",
    "image_url": "https://cdn1.woolworths.media/content/wowproductimages/large/081521.jpg",
    "source_id": "Woolworths - 81521",
    "barcode": "4902430931175",
    "category_id": "1_894D0A8",
    "shop": "Woolworths",
    "weight": "100ML",
    "prices": [
      {
        "state": "NSW",
        "price": "500",
        "price_per_unit": "133",
        "price_unit": "ML"
      },
      {
        "state": "VIC",
        "price": "500",
        "price_per_unit": "133",
        "price_unit": "ML"
      },
      {
        "state": "QLD",
        "price": "500",
        "price_per_unit": "133",
        "price_unit": "ML"
      },
      {
        "state": "WA",
        "price": "500",
        "price_per_unit": "133",
        "price_unit": "ML"
      },
      {
        "state": "SA",
        "price": "500",
        "price_per_unit": "133",
        "price_unit": "ML"
      },
      {
        "state": "TAS",
        "price": "500",
        "price_per_unit": "133",
        "price_unit": "ML"
      },
      {
        "state": "ACT",
        "price": "500",
        "price_per_unit": "133",
        "price_unit": "ML"
      },
      {
        "state": "NT",
        "price": "550",
        "price_per_unit": "147",
        "price_unit": "ML"
      }
    ]
  },
  {
    "source_url": "https://www.woolworths.com.au/shop/productdetails/842808/pantene-ultimate-10-repair-protect-shampoo-for-damage",
    "name": "Pantene Ultimate 10 Repair & Protect Shampoo For Damage 900ml",
    "image_url": "https://cdn1.woolworths.media/content/wowproductimages/large/842808.jpg",
    "source_id": "Woolworths - 842808",
    "barcode": "4902430637428",
    "category_id": "1_894D0A8",
    "shop": "Woolworths",
    "weight": "100ML",
    "prices": [
      {
        "state": "NSW",
        "price": "2000",
        "price_per_unit": "222",
        "price_unit": "ML"
      },
      {
        "state": "VIC",
        "price": "2000",
        "price_per_unit": "222",
        "price_unit": "ML"
      },
      {
        "state": "QLD",
        "price": "2000",
        "price_per_unit": "222",
        "price_unit": "ML"
      },
      {
        "state": "WA",
        "price": "2000",
        "price_per_unit": "222",
        "price_unit": "ML"
      },
      {
        "state": "SA",
        "price": "2000",
        "price_per_unit": "222",
        "price_unit": "ML"
      },
      {
        "state": "TAS",
        "price": "2000",
        "price_per_unit": "222",
        "price_unit": "ML"
      },
      {
        "state": "ACT",
        "price": "2000",
        "price_per_unit": "222",
        "price_unit": "ML"
      },
      {
        "state": "NT",
        "price": "2200",
        "price_per_unit": "244",
        "price_unit": "ML"
      }
    ]
  },
  {
    "source_url": "https://www.woolworths.com.au/shop/productdetails/857458/pro-voke-touch-of-silver-brightening-purple-shampoo",
    "name": "Pro:Voke Touch Of Silver Brightening Purple Shampoo 200mL",
    "image_url": "https://cdn1.woolworths.media/content/wowproductimages/large/857458.jpg",
    "source_id": "Woolworths - 857458",
    "barcode": "5012008708609",
    "category_id": "1_894D0A8",
    "shop": "Woolworths",
    "weight": "100ML",
    "prices": [
      {
        "state": "NSW",
        "price": "1300",
        "price_per_unit": "650",
        "price_unit": "ML"
      },
      {
        "state": "VIC",
        "price": "1300",
        "price_per_unit": "650",
        "price_unit": "ML"
      },
      {
        "state": "QLD",
        "price": "1300",
        "price_per_unit": "650",
        "price_unit": "ML"
      },
      {
        "state": "WA",
        "price": "1300",
        "price_per_unit": "650",
        "price_unit": "ML"
      },
      {
        "state": "SA",
        "price": "1300",
        "price_per_unit": "650",
        "price_unit": "ML"
      },
      {
        "state": "TAS",
        "price": "1300",
        "price_per_unit": "650",
        "price_unit": "ML"
      },
      {
        "state": "ACT",
        "price": "1300",
        "price_per_unit": "650",
        "price_unit": "ML"
      },
      {
        "state": "NT",
        "price": "1365",
        "price_per_unit": "683",
        "price_unit": "ML"
      }
    ]
  },
  {
    "source_url": "https://www.woolworths.com.au/shop/productdetails/857439/pro-voke-touch-of-silver-intensive-purple-conditioner",
    "name": "Pro:Voke Touch Of Silver Intensive Purple Conditioner 200mL",
    "image_url": "https://cdn1.woolworths.media/content/wowproductimages/large/857439.jpg",
    "source_id": "Woolworths - 857439",
    "barcode": "5012008469609",
    "category_id": "1_894D0A8",
    "shop": "Woolworths",
    "weight": "100ML",
    "prices": [
      {
        "state": "NSW",
        "price": "1300",
        "price_per_unit": "650",
        "price_unit": "ML"
      },
      {
        "state": "VIC",
        "price": "1300",
        "price_per_unit": "650",
        "price_unit": "ML"
      },
      {
        "state": "QLD",
        "price": "1300",
        "price_per_unit": "650",
        "price_unit": "ML"
      },
      {
        "state": "WA",
        "price": "1300",
        "price_per_unit": "650",
        "price_unit": "ML"
      },
      {
        "state": "SA",
        "price": "1300",
        "price_per_unit": "650",
        "price_unit": "ML"
      },
      {
        "state": "TAS",
        "price": "1300",
        "price_per_unit": "650",
        "price_unit": "ML"
      },
      {
        "state": "ACT",
        "price": "1300",
        "price_per_unit": "650",
        "price_unit": "ML"
      },
      {
        "state": "NT",
        "price": "1365",
        "price_per_unit": "683",
        "price_unit": "ML"
      }
    ]
  },
  {
    "source_url": "https://www.woolworths.com.au/shop/productdetails/1073924967/sasy-n-savy-peppermint-n-rosemary-revive-conditioner-250ml",
    "name": "Sasy n Savy Peppermint n Rosemary Revive Conditioner 250mL",
    "image_url": "https://cdn1.woolworths.media/content/wowproductimages/large/1073924967.jpg",
    "source_id": "Woolworths - 1073924967",
    "barcode": null,
    "category_id": "1_894D0A8",
    "shop": "Woolworths",
    "weight": "100ML",
    "prices": [
      {
        "state": "NSW",
        "price": "3500",
        "price_per_unit": "1400",
        "price_unit": "ML"
      },
      {
        "state": "VIC",
        "price": "3500",
        "price_per_unit": "1400",
        "price_unit": "ML"
      },
      {
        "state": "QLD",
        "price": "3500",
        "price_per_unit": "1400",
        "price_unit": "ML"
      },
      {
        "state": "WA",
        "price": "3500",
        "price_per_unit": "1400",
        "price_unit": "ML"
      },
      {
        "state": "SA",
        "price": "3500",
        "price_per_unit": "1400",
        "price_unit": "ML"
      },
      {
        "state": "TAS",
        "price": "3500",
        "price_per_unit": "1400",
        "price_unit": "ML"
      },
      {
        "state": "ACT",
        "price": "3500",
        "price_per_unit": "1400",
        "price_unit": "ML"
      },
      {
        "state": "NT",
        "price": "3500",
        "price_per_unit": "1400",
        "price_unit": "ML"
      }
    ]
  },
  {
    "source_url": "https://www.woolworths.com.au/shop/productdetails/1073924968/sasy-n-savy-peppermint-n-rosemary-revive-shampoo-250ml",
    "name": "Sasy n Savy Peppermint n Rosemary Revive Shampoo 250mL",
    "image_url": "https://cdn1.woolworths.media/content/wowproductimages/large/1073924968.jpg",
    "source_id": "Woolworths - 1073924968",
    "barcode": null,
    "category_id": "1_894D0A8",
    "shop": "Woolworths",
    "weight": "100ML",
    "prices": [
      {
        "state": "NSW",
        "price": "3500",
        "price_per_unit": "1400",
        "price_unit": "ML"
      },
      {
        "state": "VIC",
        "price": "3500",
        "price_per_unit": "1400",
        "price_unit": "ML"
      },
      {
        "state": "QLD",
        "price": "3500",
        "price_per_unit": "1400",
        "price_unit": "ML"
      },
      {
        "state": "WA",
        "price": "3500",
        "price_per_unit": "1400",
        "price_unit": "ML"
      },
      {
        "state": "SA",
        "price": "3500",
        "price_per_unit": "1400",
        "price_unit": "ML"
      },
      {
        "state": "TAS",
        "price": "3500",
        "price_per_unit": "1400",
        "price_unit": "ML"
      },
      {
        "state": "ACT",
        "price": "3500",
        "price_per_unit": "1400",
        "price_unit": "ML"
      },
      {
        "state": "NT",
        "price": "3500",
        "price_per_unit": "1400",
        "price_unit": "ML"
      }
    ]
  },
  {
    "source_url": "https://www.woolworths.com.au/shop/productdetails/153390/schwarzkopf-extra-care-colour-protecting-conditioner-for-coloured-hair",
    "name": "Schwarzkopf Extra Care Colour Protecting Conditioner For Coloured Hair 400mL",
    "image_url": "https://cdn1.woolworths.media/content/wowproductimages/large/153390.jpg",
    "source_id": "Woolworths - 153390",
    "barcode": "9310714225219",
    "category_id": "1_894D0A8",
    "shop": "Woolworths",
    "weight": "100ML",
    "prices": [
      {
        "state": "NSW",
        "price": "900",
        "price_per_unit": "225",
        "price_unit": "ML"
      },
      {
        "state": "VIC",
        "price": "900",
        "price_per_unit": "225",
        "price_unit": "ML"
      },
      {
        "state": "QLD",
        "price": "900",
        "price_per_unit": "225",
        "price_unit": "ML"
      },
      {
        "state": "WA",
        "price": "900",
        "price_per_unit": "225",
        "price_unit": "ML"
      },
      {
        "state": "SA",
        "price": "900",
        "price_per_unit": "225",
        "price_unit": "ML"
      },
      {
        "state": "TAS",
        "price": "900",
        "price_per_unit": "225",
        "price_unit": "ML"
      },
      {
        "state": "ACT",
        "price": "900",
        "price_per_unit": "225",
        "price_unit": "ML"
      },
      {
        "state": "NT",
        "price": "950",
        "price_per_unit": "238",
        "price_unit": "ML"
      }
    ]
  },
  {
    "source_url": "https://www.woolworths.com.au/shop/productdetails/153239/schwarzkopf-extra-care-colour-protecting-shampoo-for-coloured-hair",
    "name": "Schwarzkopf Extra Care Colour Protecting Shampoo For Coloured Hair 400mL",
    "image_url": "https://cdn1.woolworths.media/content/wowproductimages/large/153239.jpg",
    "source_id": "Woolworths - 153239",
    "barcode": "9310714225202",
    "category_id": "1_894D0A8",
    "shop": "Woolworths",
    "weight": "100ML",
    "prices": [
      {
        "state": "NSW",
        "price": "900",
        "price_per_unit": "225",
        "price_unit": "ML"
      },
      {
        "state": "VIC",
        "price": "900",
        "price_per_unit": "225",
        "price_unit": "ML"
      },
      {
        "state": "QLD",
        "price": "900",
        "price_per_unit": "225",
        "price_unit": "ML"
      },
      {
        "state": "WA",
        "price": "900",
        "price_per_unit": "225",
        "price_unit": "ML"
      },
      {
        "state": "SA",
        "price": "900",
        "price_per_unit": "225",
        "price_unit": "ML"
      },
      {
        "state": "TAS",
        "price": "900",
        "price_per_unit": "225",
        "price_unit": "ML"
      },
      {
        "state": "ACT",
        "price": "900",
        "price_per_unit": "225",
        "price_unit": "ML"
      },
      {
        "state": "NT",
        "price": "950",
        "price_per_unit": "238",
        "price_unit": "ML"
      }
    ]
  },
  {
    "source_url": "https://www.woolworths.com.au/shop/productdetails/151508/schwarzkopf-extra-care-hair-treatment-normal-balance-conditioner",
    "name": "Schwarzkopf Extra Care Hair Treatment Normal Balance Conditioner 250mL",
    "image_url": "https://cdn1.woolworths.media/content/wowproductimages/large/151508.jpg",
    "source_id": "Woolworths - 151508",
    "barcode": "9310714225141",
    "category_id": "1_894D0A8",
    "shop": "Woolworths",
    "weight": "100ML",
    "prices": [
      {
        "state": "NSW",
        "price": "1400",
        "price_per_unit": "560",
        "price_unit": "ML"
      },
      {
        "state": "VIC",
        "price": "1400",
        "price_per_unit": "560",
        "price_unit": "ML"
      },
      {
        "state": "QLD",
        "price": "1400",
        "price_per_unit": "560",
        "price_unit": "ML"
      },
      {
        "state": "WA",
        "price": "1400",
        "price_per_unit": "560",
        "price_unit": "ML"
      },
      {
        "state": "SA",
        "price": "1400",
        "price_per_unit": "560",
        "price_unit": "ML"
      },
      {
        "state": "TAS",
        "price": "1400",
        "price_per_unit": "560",
        "price_unit": "ML"
      },
      {
        "state": "ACT",
        "price": "1400",
        "price_per_unit": "560",
        "price_unit": "ML"
      },
      {
        "state": "NT",
        "price": "1400",
        "price_per_unit": "560",
        "price_unit": "ML"
      }
    ]
  },
  {
    "source_url": "https://www.woolworths.com.au/shop/productdetails/185127/schwarzkopf-extra-care-liquid-silk-smooth-conditioner-for-dull-hair",
    "name": "Schwarzkopf Extra Care Liquid Silk Smooth Conditioner For Dull Hair 400mL",
    "image_url": "https://cdn1.woolworths.media/content/wowproductimages/large/185127.jpg",
    "source_id": "Woolworths - 185127",
    "barcode": "9310714225424",
    "category_id": "1_894D0A8",
    "shop": "Woolworths",
    "weight": "100ML",
    "prices": [
      {
        "state": "NSW",
        "price": "900",
        "price_per_unit": "225",
        "price_unit": "ML"
      },
      {
        "state": "VIC",
        "price": "900",
        "price_per_unit": "225",
        "price_unit": "ML"
      },
      {
        "state": "QLD",
        "price": "900",
        "price_per_unit": "225",
        "price_unit": "ML"
      },
      {
        "state": "WA",
        "price": "900",
        "price_per_unit": "225",
        "price_unit": "ML"
      },
      {
        "state": "SA",
        "price": "900",
        "price_per_unit": "225",
        "price_unit": "ML"
      },
      {
        "state": "TAS",
        "price": "900",
        "price_per_unit": "225",
        "price_unit": "ML"
      },
      {
        "state": "ACT",
        "price": "900",
        "price_per_unit": "225",
        "price_unit": "ML"
      },
      {
        "state": "NT",
        "price": "950",
        "price_per_unit": "238",
        "price_unit": "ML"
      }
    ]
  },
  {
    "source_url": "https://www.woolworths.com.au/shop/productdetails/186192/schwarzkopf-extra-care-liquid-silk-smooth-shampoo-for-dull-hair",
    "name": "Schwarzkopf Extra Care Liquid Silk Smooth Shampoo For Dull Hair 400mL",
    "image_url": "https://cdn1.woolworths.media/content/wowproductimages/large/186192.jpg",
    "source_id": "Woolworths - 186192",
    "barcode": "9310714225417",
    "category_id": "1_894D0A8",
    "shop": "Woolworths",
    "weight": "100ML",
    "prices": [
      {
        "state": "NSW",
        "price": "900",
        "price_per_unit": "225",
        "price_unit": "ML"
      },
      {
        "state": "VIC",
        "price": "900",
        "price_per_unit": "225",
        "price_unit": "ML"
      },
      {
        "state": "QLD",
        "price": "900",
        "price_per_unit": "225",
        "price_unit": "ML"
      },
      {
        "state": "WA",
        "price": "900",
        "price_per_unit": "225",
        "price_unit": "ML"
      },
      {
        "state": "SA",
        "price": "900",
        "price_per_unit": "225",
        "price_unit": "ML"
      },
      {
        "state": "TAS",
        "price": "900",
        "price_per_unit": "225",
        "price_unit": "ML"
      },
      {
        "state": "ACT",
        "price": "900",
        "price_per_unit": "225",
        "price_unit": "ML"
      },
      {
        "state": "NT",
        "price": "950",
        "price_per_unit": "238",
        "price_unit": "ML"
      }
    ]
  },
  {
    "source_url": "https://www.woolworths.com.au/shop/productdetails/197808/schwarzkopf-extra-care-moisturising-conditioner-for-dry-hair",
    "name": "Schwarzkopf Extra Care Moisturising Conditioner For Dry Hair 400mL",
    "image_url": "https://cdn1.woolworths.media/content/wowproductimages/large/197808.jpg",
    "source_id": "Woolworths - 197808",
    "barcode": "9310714227305",
    "category_id": "1_894D0A8",
    "shop": "Woolworths",
    "weight": "100ML",
    "prices": [
      {
        "state": "NSW",
        "price": "900",
        "price_per_unit": "225",
        "price_unit": "ML"
      },
      {
        "state": "VIC",
        "price": "900",
        "price_per_unit": "225",
        "price_unit": "ML"
      },
      {
        "state": "WA",
        "price": "900",
        "price_per_unit": "225",
        "price_unit": "ML"
      },
      {
        "state": "SA",
        "price": "900",
        "price_per_unit": "225",
        "price_unit": "ML"
      },
      {
        "state": "TAS",
        "price": "900",
        "price_per_unit": "225",
        "price_unit": "ML"
      },
      {
        "state": "ACT",
        "price": "900",
        "price_per_unit": "225",
        "price_unit": "ML"
      },
      {
        "state": "NT",
        "price": "950",
        "price_per_unit": "238",
        "price_unit": "ML"
      }
    ]
  },
  {
    "source_url": "https://www.woolworths.com.au/shop/productdetails/197807/schwarzkopf-extra-care-moisturising-shampoo-for-dry-hair",
    "name": "Schwarzkopf Extra Care Moisturising Shampoo For Dry Hair 400mL",
    "image_url": "https://cdn1.woolworths.media/content/wowproductimages/large/197807.jpg",
    "source_id": "Woolworths - 197807",
    "barcode": "9310714227299",
    "category_id": "1_894D0A8",
    "shop": "Woolworths",
    "weight": "100ML",
    "prices": [
      {
        "state": "NSW",
        "price": "900",
        "price_per_unit": "225",
        "price_unit": "ML"
      },
      {
        "state": "VIC",
        "price": "900",
        "price_per_unit": "225",
        "price_unit": "ML"
      },
      {
        "state": "WA",
        "price": "900",
        "price_per_unit": "225",
        "price_unit": "ML"
      },
      {
        "state": "SA",
        "price": "900",
        "price_per_unit": "225",
        "price_unit": "ML"
      },
      {
        "state": "TAS",
        "price": "900",
        "price_per_unit": "225",
        "price_unit": "ML"
      },
      {
        "state": "ACT",
        "price": "900",
        "price_per_unit": "225",
        "price_unit": "ML"
      },
      {
        "state": "NT",
        "price": "950",
        "price_per_unit": "238",
        "price_unit": "ML"
      }
    ]
  },
  {
    "source_url": "https://www.woolworths.com.au/shop/productdetails/164988/schwarzkopf-extra-care-push-up-volume-conditioner-for-fine-hair",
    "name": "Schwarzkopf Extra Care Push Up Volume Conditioner For Fine Hair 400mL",
    "image_url": "https://cdn1.woolworths.media/content/wowproductimages/large/164988.jpg",
    "source_id": "Woolworths - 164988",
    "barcode": "9310714225363",
    "category_id": "1_894D0A8",
    "shop": "Woolworths",
    "weight": "100ML",
    "prices": [
      {
        "state": "NSW",
        "price": "900",
        "price_per_unit": "225",
        "price_unit": "ML"
      },
      {
        "state": "VIC",
        "price": "900",
        "price_per_unit": "225",
        "price_unit": "ML"
      },
      {
        "state": "WA",
        "price": "900",
        "price_per_unit": "225",
        "price_unit": "ML"
      },
      {
        "state": "SA",
        "price": "900",
        "price_per_unit": "225",
        "price_unit": "ML"
      },
      {
        "state": "TAS",
        "price": "900",
        "price_per_unit": "225",
        "price_unit": "ML"
      },
      {
        "state": "ACT",
        "price": "900",
        "price_per_unit": "225",
        "price_unit": "ML"
      },
      {
        "state": "NT",
        "price": "950",
        "price_per_unit": "238",
        "price_unit": "ML"
      }
    ]
  },
  {
    "source_url": "https://www.woolworths.com.au/shop/productdetails/164987/schwarzkopf-extra-care-push-up-volume-shampoo-for-fine-hair",
    "name": "Schwarzkopf Extra Care Push Up Volume Shampoo For Fine Hair 400mL",
    "image_url": "https://cdn1.woolworths.media/content/wowproductimages/large/164987.jpg",
    "source_id": "Woolworths - 164987",
    "barcode": "9310714225356",
    "category_id": "1_894D0A8",
    "shop": "Woolworths",
    "weight": "100ML",
    "prices": [
      {
        "state": "NSW",
        "price": "900",
        "price_per_unit": "225",
        "price_unit": "ML"
      },
      {
        "state": "VIC",
        "price": "900",
        "price_per_unit": "225",
        "price_unit": "ML"
      },
      {
        "state": "WA",
        "price": "900",
        "price_per_unit": "225",
        "price_unit": "ML"
      },
      {
        "state": "SA",
        "price": "900",
        "price_per_unit": "225",
        "price_unit": "ML"
      },
      {
        "state": "TAS",
        "price": "900",
        "price_per_unit": "225",
        "price_unit": "ML"
      },
      {
        "state": "ACT",
        "price": "900",
        "price_per_unit": "225",
        "price_unit": "ML"
      },
      {
        "state": "NT",
        "price": "950",
        "price_per_unit": "238",
        "price_unit": "ML"
      }
    ]
  },
  {
    "source_url": "https://www.woolworths.com.au/shop/productdetails/153108/schwarzkopf-extra-care-soft-conditioner-marrakesh-oil-for-dry-hair",
    "name": "Schwarzkopf Extra Care Soft Conditioner Marrakesh Oil For Dry Hair 400mL",
    "image_url": "https://cdn1.woolworths.media/content/wowproductimages/large/153108.jpg",
    "source_id": "Woolworths - 153108",
    "barcode": "9310714225165",
    "category_id": "1_894D0A8",
    "shop": "Woolworths",
    "weight": "100ML",
    "prices": [
      {
        "state": "NSW",
        "price": "900",
        "price_per_unit": "225",
        "price_unit": "ML"
      },
      {
        "state": "VIC",
        "price": "900",
        "price_per_unit": "225",
        "price_unit": "ML"
      },
      {
        "state": "QLD",
        "price": "900",
        "price_per_unit": "225",
        "price_unit": "ML"
      },
      {
        "state": "WA",
        "price": "900",
        "price_per_unit": "225",
        "price_unit": "ML"
      },
      {
        "state": "SA",
        "price": "900",
        "price_per_unit": "225",
        "price_unit": "ML"
      },
      {
        "state": "TAS",
        "price": "900",
        "price_per_unit": "225",
        "price_unit": "ML"
      },
      {
        "state": "ACT",
        "price": "900",
        "price_per_unit": "225",
        "price_unit": "ML"
      },
      {
        "state": "NT",
        "price": "950",
        "price_per_unit": "238",
        "price_unit": "ML"
      }
    ]
  },
  {
    "source_url": "https://www.woolworths.com.au/shop/productdetails/153354/schwarzkopf-extra-care-soft-shampoo-marrakesh-oil-for-dry-hair",
    "name": "Schwarzkopf Extra Care Soft Shampoo Marrakesh Oil For Dry Hair 400mL",
    "image_url": "https://cdn1.woolworths.media/content/wowproductimages/large/153354.jpg",
    "source_id": "Woolworths - 153354",
    "barcode": "9310714225158",
    "category_id": "1_894D0A8",
    "shop": "Woolworths",
    "weight": "100ML",
    "prices": [
      {
        "state": "NSW",
        "price": "900",
        "price_per_unit": "225",
        "price_unit": "ML"
      },
      {
        "state": "VIC",
        "price": "900",
        "price_per_unit": "225",
        "price_unit": "ML"
      },
      {
        "state": "QLD",
        "price": "900",
        "price_per_unit": "225",
        "price_unit": "ML"
      },
      {
        "state": "WA",
        "price": "900",
        "price_per_unit": "225",
        "price_unit": "ML"
      },
      {
        "state": "SA",
        "price": "900",
        "price_per_unit": "225",
        "price_unit": "ML"
      },
      {
        "state": "TAS",
        "price": "900",
        "price_per_unit": "225",
        "price_unit": "ML"
      },
      {
        "state": "ACT",
        "price": "900",
        "price_per_unit": "225",
        "price_unit": "ML"
      },
      {
        "state": "NT",
        "price": "950",
        "price_per_unit": "238",
        "price_unit": "ML"
      }
    ]
  },
  {
    "source_url": "https://www.woolworths.com.au/shop/productdetails/153338/schwarzkopf-extra-care-supreme-length-conditioner-for-long-hair",
    "name": "Schwarzkopf Extra Care Supreme Length Conditioner For Long Hair 400mL",
    "image_url": "https://cdn1.woolworths.media/content/wowproductimages/large/153338.jpg",
    "source_id": "Woolworths - 153338",
    "barcode": "9310714225400",
    "category_id": "1_894D0A8",
    "shop": "Woolworths",
    "weight": "100ML",
    "prices": [
      {
        "state": "NSW",
        "price": "900",
        "price_per_unit": "225",
        "price_unit": "ML"
      },
      {
        "state": "VIC",
        "price": "900",
        "price_per_unit": "225",
        "price_unit": "ML"
      },
      {
        "state": "QLD",
        "price": "900",
        "price_per_unit": "225",
        "price_unit": "ML"
      },
      {
        "state": "WA",
        "price": "900",
        "price_per_unit": "225",
        "price_unit": "ML"
      },
      {
        "state": "SA",
        "price": "900",
        "price_per_unit": "225",
        "price_unit": "ML"
      },
      {
        "state": "TAS",
        "price": "900",
        "price_per_unit": "225",
        "price_unit": "ML"
      },
      {
        "state": "ACT",
        "price": "900",
        "price_per_unit": "225",
        "price_unit": "ML"
      },
      {
        "state": "NT",
        "price": "950",
        "price_per_unit": "238",
        "price_unit": "ML"
      }
    ]
  },
  {
    "source_url": "https://www.woolworths.com.au/shop/productdetails/153989/schwarzkopf-extra-care-supreme-length-shampoo-for-long-hair",
    "name": "Schwarzkopf Extra Care Supreme Length Shampoo For Long Hair 400mL",
    "image_url": "https://cdn1.woolworths.media/content/wowproductimages/large/153989.jpg",
    "source_id": "Woolworths - 153989",
    "barcode": "9310714225394",
    "category_id": "1_894D0A8",
    "shop": "Woolworths",
    "weight": "100ML",
    "prices": [
      {
        "state": "NSW",
        "price": "900",
        "price_per_unit": "225",
        "price_unit": "ML"
      },
      {
        "state": "VIC",
        "price": "900",
        "price_per_unit": "225",
        "price_unit": "ML"
      },
      {
        "state": "QLD",
        "price": "900",
        "price_per_unit": "225",
        "price_unit": "ML"
      },
      {
        "state": "WA",
        "price": "900",
        "price_per_unit": "225",
        "price_unit": "ML"
      },
      {
        "state": "SA",
        "price": "900",
        "price_per_unit": "225",
        "price_unit": "ML"
      },
      {
        "state": "TAS",
        "price": "900",
        "price_per_unit": "225",
        "price_unit": "ML"
      },
      {
        "state": "ACT",
        "price": "900",
        "price_per_unit": "225",
        "price_unit": "ML"
      },
      {
        "state": "NT",
        "price": "950",
        "price_per_unit": "238",
        "price_unit": "ML"
      }
    ]
  },
  {
    "source_url": "https://www.woolworths.com.au/shop/productdetails/152969/schwarzkopf-extra-care-ultimate-repair-conditioner-for-damaged-hair",
    "name": "Schwarzkopf Extra Care Ultimate Repair Conditioner For Damaged Hair 400mL",
    "image_url": "https://cdn1.woolworths.media/content/wowproductimages/large/152969.jpg",
    "source_id": "Woolworths - 152969",
    "barcode": "9310714225264",
    "category_id": "1_894D0A8",
    "shop": "Woolworths",
    "weight": "100ML",
    "prices": [
      {
        "state": "NSW",
        "price": "900",
        "price_per_unit": "225",
        "price_unit": "ML"
      },
      {
        "state": "VIC",
        "price": "900",
        "price_per_unit": "225",
        "price_unit": "ML"
      },
      {
        "state": "QLD",
        "price": "900",
        "price_per_unit": "225",
        "price_unit": "ML"
      },
      {
        "state": "WA",
        "price": "900",
        "price_per_unit": "225",
        "price_unit": "ML"
      },
      {
        "state": "SA",
        "price": "900",
        "price_per_unit": "225",
        "price_unit": "ML"
      },
      {
        "state": "TAS",
        "price": "900",
        "price_per_unit": "225",
        "price_unit": "ML"
      },
      {
        "state": "ACT",
        "price": "900",
        "price_per_unit": "225",
        "price_unit": "ML"
      },
      {
        "state": "NT",
        "price": "950",
        "price_per_unit": "238",
        "price_unit": "ML"
      }
    ]
  },
  {
    "source_url": "https://www.woolworths.com.au/shop/productdetails/153395/schwarzkopf-extra-care-ultimate-repair-conditioner-for-damaged-hair",
    "name": "Schwarzkopf Extra Care Ultimate Repair Conditioner For Damaged Hair 950mL",
    "image_url": "https://cdn1.woolworths.media/content/wowproductimages/large/153395.jpg",
    "source_id": "Woolworths - 153395",
    "barcode": "9310714225288",
    "category_id": "1_894D0A8",
    "shop": "Woolworths",
    "weight": "100ML",
    "prices": [
      {
        "state": "NSW",
        "price": "1900",
        "price_per_unit": "200",
        "price_unit": "ML"
      },
      {
        "state": "VIC",
        "price": "1900",
        "price_per_unit": "200",
        "price_unit": "ML"
      },
      {
        "state": "QLD",
        "price": "1900",
        "price_per_unit": "200",
        "price_unit": "ML"
      },
      {
        "state": "WA",
        "price": "1900",
        "price_per_unit": "200",
        "price_unit": "ML"
      },
      {
        "state": "SA",
        "price": "1900",
        "price_per_unit": "200",
        "price_unit": "ML"
      },
      {
        "state": "TAS",
        "price": "1900",
        "price_per_unit": "200",
        "price_unit": "ML"
      },
      {
        "state": "ACT",
        "price": "1900",
        "price_per_unit": "200",
        "price_unit": "ML"
      },
      {
        "state": "NT",
        "price": "2000",
        "price_per_unit": "211",
        "price_unit": "ML"
      }
    ]
  },
  {
    "source_url": "https://www.woolworths.com.au/shop/productdetails/153058/schwarzkopf-extra-care-ultimate-repair-shampoo-for-damaged-hair",
    "name": "Schwarzkopf Extra Care Ultimate Repair Shampoo For Damaged Hair 400mL",
    "image_url": "https://cdn1.woolworths.media/content/wowproductimages/large/153058.jpg",
    "source_id": "Woolworths - 153058",
    "barcode": "9310714225257",
    "category_id": "1_894D0A8",
    "shop": "Woolworths",
    "weight": "100ML",
    "prices": [
      {
        "state": "NSW",
        "price": "900",
        "price_per_unit": "225",
        "price_unit": "ML"
      },
      {
        "state": "VIC",
        "price": "900",
        "price_per_unit": "225",
        "price_unit": "ML"
      },
      {
        "state": "QLD",
        "price": "900",
        "price_per_unit": "225",
        "price_unit": "ML"
      },
      {
        "state": "WA",
        "price": "900",
        "price_per_unit": "225",
        "price_unit": "ML"
      },
      {
        "state": "TAS",
        "price": "900",
        "price_per_unit": "225",
        "price_unit": "ML"
      },
      {
        "state": "ACT",
        "price": "900",
        "price_per_unit": "225",
        "price_unit": "ML"
      },
      {
        "state": "NT",
        "price": "950",
        "price_per_unit": "238",
        "price_unit": "ML"
      }
    ]
  },
  {
    "source_url": "https://www.woolworths.com.au/shop/productdetails/151899/schwarzkopf-extra-care-ultimate-repair-shampoo-for-damaged-hair",
    "name": "Schwarzkopf Extra Care Ultimate Repair Shampoo For Damaged Hair 950mL",
    "image_url": "https://cdn1.woolworths.media/content/wowproductimages/large/151899.jpg",
    "source_id": "Woolworths - 151899",
    "barcode": "9310714225271",
    "category_id": "1_894D0A8",
    "shop": "Woolworths",
    "weight": "100ML",
    "prices": [
      {
        "state": "NSW",
        "price": "1900",
        "price_per_unit": "200",
        "price_unit": "ML"
      },
      {
        "state": "VIC",
        "price": "1900",
        "price_per_unit": "200",
        "price_unit": "ML"
      },
      {
        "state": "QLD",
        "price": "1900",
        "price_per_unit": "200",
        "price_unit": "ML"
      },
      {
        "state": "WA",
        "price": "1900",
        "price_per_unit": "200",
        "price_unit": "ML"
      },
      {
        "state": "SA",
        "price": "1900",
        "price_per_unit": "200",
        "price_unit": "ML"
      },
      {
        "state": "TAS",
        "price": "1900",
        "price_per_unit": "200",
        "price_unit": "ML"
      },
      {
        "state": "ACT",
        "price": "1900",
        "price_per_unit": "200",
        "price_unit": "ML"
      },
      {
        "state": "NT",
        "price": "2000",
        "price_per_unit": "211",
        "price_unit": "ML"
      }
    ]
  },
  {
    "source_url": "https://www.woolworths.com.au/shop/productdetails/27084/selsun-blue-anti-dandruff-shampoo-replenishing",
    "name": "Selsun Blue Anti Dandruff Shampoo Replenishing 200ml",
    "image_url": "https://cdn1.woolworths.media/content/wowproductimages/large/027084.jpg",
    "source_id": "Woolworths - 27084",
    "barcode": "41167660317",
    "category_id": "1_894D0A8",
    "shop": "Woolworths",
    "weight": "100ML",
    "prices": [
      {
        "state": "NSW",
        "price": "600",
        "price_per_unit": "300",
        "price_unit": "ML"
      },
      {
        "state": "VIC",
        "price": "600",
        "price_per_unit": "300",
        "price_unit": "ML"
      },
      {
        "state": "QLD",
        "price": "600",
        "price_per_unit": "300",
        "price_unit": "ML"
      },
      {
        "state": "WA",
        "price": "600",
        "price_per_unit": "300",
        "price_unit": "ML"
      },
      {
        "state": "SA",
        "price": "600",
        "price_per_unit": "300",
        "price_unit": "ML"
      },
      {
        "state": "TAS",
        "price": "600",
        "price_per_unit": "300",
        "price_unit": "ML"
      },
      {
        "state": "ACT",
        "price": "600",
        "price_per_unit": "300",
        "price_unit": "ML"
      },
      {
        "state": "NT",
        "price": "660",
        "price_per_unit": "330",
        "price_unit": "ML"
      }
    ]
  },
  {
    "source_url": "https://www.woolworths.com.au/shop/productdetails/205490/selsun-gold-anti-dandruff-shampoo-treatment",
    "name": "Selsun Gold Anti Dandruff Shampoo Treatment 200ml",
    "image_url": "https://cdn1.woolworths.media/content/wowproductimages/large/205490.jpg",
    "source_id": "Woolworths - 205490",
    "barcode": "41167266038",
    "category_id": "1_894D0A8",
    "shop": "Woolworths",
    "weight": "100ML",
    "prices": [
      {
        "state": "NSW",
        "price": "1250",
        "price_per_unit": "625",
        "price_unit": "ML"
      },
      {
        "state": "VIC",
        "price": "1250",
        "price_per_unit": "625",
        "price_unit": "ML"
      },
      {
        "state": "QLD",
        "price": "1250",
        "price_per_unit": "625",
        "price_unit": "ML"
      },
      {
        "state": "WA",
        "price": "1250",
        "price_per_unit": "625",
        "price_unit": "ML"
      },
      {
        "state": "SA",
        "price": "1250",
        "price_per_unit": "625",
        "price_unit": "ML"
      },
      {
        "state": "TAS",
        "price": "1250",
        "price_per_unit": "625",
        "price_unit": "ML"
      },
      {
        "state": "ACT",
        "price": "1250",
        "price_per_unit": "625",
        "price_unit": "ML"
      },
      {
        "state": "NT",
        "price": "1375",
        "price_per_unit": "688",
        "price_unit": "ML"
      }
    ]
  },
  {
    "source_url": "https://www.woolworths.com.au/shop/productdetails/151983/shea-moisture-coconut-hibiscus-curl-shine-conditioner",
    "name": "Shea Moisture Coconut & Hibiscus Curl & Shine Conditioner 384ml",
    "image_url": "https://cdn1.woolworths.media/content/wowproductimages/large/151983.jpg",
    "source_id": "Woolworths - 151983",
    "barcode": "764302290629",
    "category_id": "1_894D0A8",
    "shop": "Woolworths",
    "weight": "100ML",
    "prices": [
      {
        "state": "NSW",
        "price": "2500",
        "price_per_unit": "651",
        "price_unit": "ML"
      },
      {
        "state": "VIC",
        "price": "2500",
        "price_per_unit": "651",
        "price_unit": "ML"
      },
      {
        "state": "WA",
        "price": "2500",
        "price_per_unit": "651",
        "price_unit": "ML"
      },
      {
        "state": "SA",
        "price": "2500",
        "price_per_unit": "651",
        "price_unit": "ML"
      },
      {
        "state": "TAS",
        "price": "2500",
        "price_per_unit": "651",
        "price_unit": "ML"
      },
      {
        "state": "ACT",
        "price": "2500",
        "price_per_unit": "651",
        "price_unit": "ML"
      },
      {
        "state": "NT",
        "price": "2750",
        "price_per_unit": "716",
        "price_unit": "ML"
      }
    ]
  },
  {
    "source_url": "https://www.woolworths.com.au/shop/productdetails/152243/shea-moisture-coconut-hibiscus-curl-shine-shampoo",
    "name": "Shea Moisture Coconut & Hibiscus Curl & Shine Shampoo 384ml",
    "image_url": "https://cdn1.woolworths.media/content/wowproductimages/large/152243.jpg",
    "source_id": "Woolworths - 152243",
    "barcode": "764302290209",
    "category_id": "1_894D0A8",
    "shop": "Woolworths",
    "weight": "100ML",
    "prices": [
      {
        "state": "NSW",
        "price": "2500",
        "price_per_unit": "651",
        "price_unit": "ML"
      },
      {
        "state": "VIC",
        "price": "2500",
        "price_per_unit": "651",
        "price_unit": "ML"
      },
      {
        "state": "WA",
        "price": "2500",
        "price_per_unit": "651",
        "price_unit": "ML"
      },
      {
        "state": "SA",
        "price": "2500",
        "price_per_unit": "651",
        "price_unit": "ML"
      },
      {
        "state": "TAS",
        "price": "2500",
        "price_per_unit": "651",
        "price_unit": "ML"
      },
      {
        "state": "ACT",
        "price": "2500",
        "price_per_unit": "651",
        "price_unit": "ML"
      },
      {
        "state": "NT",
        "price": "2750",
        "price_per_unit": "716",
        "price_unit": "ML"
      }
    ]
  },
  {
    "source_url": "https://www.woolworths.com.au/shop/productdetails/570662/sukin-bond-build-repair-conditioner",
    "name": "Sukin Bond Build Repair Conditioner 500mL",
    "image_url": "https://cdn1.woolworths.media/content/wowproductimages/large/570662.jpg",
    "source_id": "Woolworths - 570662",
    "barcode": "9327693011849",
    "category_id": "1_894D0A8",
    "shop": "Woolworths",
    "weight": "100ML",
    "prices": [
      {
        "state": "NSW",
        "price": "1250",
        "price_per_unit": "250",
        "price_unit": "ML"
      },
      {
        "state": "VIC",
        "price": "1250",
        "price_per_unit": "250",
        "price_unit": "ML"
      },
      {
        "state": "QLD",
        "price": "1250",
        "price_per_unit": "250",
        "price_unit": "ML"
      },
      {
        "state": "WA",
        "price": "1250",
        "price_per_unit": "250",
        "price_unit": "ML"
      },
      {
        "state": "SA",
        "price": "1250",
        "price_per_unit": "250",
        "price_unit": "ML"
      },
      {
        "state": "TAS",
        "price": "1250",
        "price_per_unit": "250",
        "price_unit": "ML"
      },
      {
        "state": "ACT",
        "price": "1250",
        "price_per_unit": "250",
        "price_unit": "ML"
      },
      {
        "state": "NT",
        "price": "1310",
        "price_per_unit": "262",
        "price_unit": "ML"
      }
    ]
  },
  {
    "source_url": "https://www.woolworths.com.au/shop/productdetails/570660/sukin-bond-build-repair-shampoo",
    "name": "Sukin Bond Build Repair Shampoo 500mL",
    "image_url": "https://cdn1.woolworths.media/content/wowproductimages/large/570660.jpg",
    "source_id": "Woolworths - 570660",
    "barcode": "9327693011832",
    "category_id": "1_894D0A8",
    "shop": "Woolworths",
    "weight": "100ML",
    "prices": [
      {
        "state": "NSW",
        "price": "1250",
        "price_per_unit": "250",
        "price_unit": "ML"
      },
      {
        "state": "VIC",
        "price": "1250",
        "price_per_unit": "250",
        "price_unit": "ML"
      },
      {
        "state": "QLD",
        "price": "1250",
        "price_per_unit": "250",
        "price_unit": "ML"
      },
      {
        "state": "WA",
        "price": "1250",
        "price_per_unit": "250",
        "price_unit": "ML"
      },
      {
        "state": "SA",
        "price": "1250",
        "price_per_unit": "250",
        "price_unit": "ML"
      },
      {
        "state": "TAS",
        "price": "1250",
        "price_per_unit": "250",
        "price_unit": "ML"
      },
      {
        "state": "ACT",
        "price": "1250",
        "price_per_unit": "250",
        "price_unit": "ML"
      },
      {
        "state": "NT",
        "price": "1310",
        "price_per_unit": "262",
        "price_unit": "ML"
      }
    ]
  },
  {
    "source_url": "https://www.woolworths.com.au/shop/productdetails/387499/sukin-deep-cleanse-conditioner",
    "name": "Sukin Deep Cleanse Conditioner 1l",
    "image_url": "https://cdn1.woolworths.media/content/wowproductimages/large/387499.jpg",
    "source_id": "Woolworths - 387499",
    "barcode": "9327693009860",
    "category_id": "1_894D0A8",
    "shop": "Woolworths",
    "weight": "100ML",
    "prices": [
      {
        "state": "NSW",
        "price": "1750",
        "price_per_unit": "175",
        "price_unit": "ML"
      },
      {
        "state": "WA",
        "price": "1750",
        "price_per_unit": "175",
        "price_unit": "ML"
      },
      {
        "state": "SA",
        "price": "1750",
        "price_per_unit": "175",
        "price_unit": "ML"
      },
      {
        "state": "TAS",
        "price": "1750",
        "price_per_unit": "175",
        "price_unit": "ML"
      },
      {
        "state": "ACT",
        "price": "1750",
        "price_per_unit": "175",
        "price_unit": "ML"
      },
      {
        "state": "NT",
        "price": "1750",
        "price_per_unit": "175",
        "price_unit": "ML"
      }
    ]
  },
  {
    "source_url": "https://www.woolworths.com.au/shop/productdetails/388024/sukin-deep-cleanse-shampoo",
    "name": "Sukin Deep Cleanse Shampoo 1l",
    "image_url": "https://cdn1.woolworths.media/content/wowproductimages/large/388024.jpg",
    "source_id": "Woolworths - 388024",
    "barcode": "9327693009853",
    "category_id": "1_894D0A8",
    "shop": "Woolworths",
    "weight": "100ML",
    "prices": [
      {
        "state": "NSW",
        "price": "1750",
        "price_per_unit": "175",
        "price_unit": "ML"
      },
      {
        "state": "VIC",
        "price": "1750",
        "price_per_unit": "175",
        "price_unit": "ML"
      },
      {
        "state": "WA",
        "price": "1750",
        "price_per_unit": "175",
        "price_unit": "ML"
      },
      {
        "state": "SA",
        "price": "1750",
        "price_per_unit": "175",
        "price_unit": "ML"
      },
      {
        "state": "TAS",
        "price": "1750",
        "price_per_unit": "175",
        "price_unit": "ML"
      },
      {
        "state": "ACT",
        "price": "1750",
        "price_per_unit": "175",
        "price_unit": "ML"
      },
      {
        "state": "NT",
        "price": "1750",
        "price_per_unit": "175",
        "price_unit": "ML"
      }
    ]
  },
  {
    "source_url": "https://www.woolworths.com.au/shop/productdetails/201032/sukin-hydrating-conditioner",
    "name": "Sukin Hydrating Conditioner 1l",
    "image_url": "https://cdn1.woolworths.media/content/wowproductimages/large/201032.jpg",
    "source_id": "Woolworths - 201032",
    "barcode": "9327693007071",
    "category_id": "1_894D0A8",
    "shop": "Woolworths",
    "weight": "100ML",
    "prices": [
      {
        "state": "NSW",
        "price": "1750",
        "price_per_unit": "175",
        "price_unit": "ML"
      },
      {
        "state": "VIC",
        "price": "1750",
        "price_per_unit": "175",
        "price_unit": "ML"
      },
      {
        "state": "WA",
        "price": "1750",
        "price_per_unit": "175",
        "price_unit": "ML"
      },
      {
        "state": "SA",
        "price": "1750",
        "price_per_unit": "175",
        "price_unit": "ML"
      },
      {
        "state": "TAS",
        "price": "1750",
        "price_per_unit": "175",
        "price_unit": "ML"
      },
      {
        "state": "ACT",
        "price": "1750",
        "price_per_unit": "175",
        "price_unit": "ML"
      },
      {
        "state": "NT",
        "price": "1750",
        "price_per_unit": "175",
        "price_unit": "ML"
      }
    ]
  },
  {
    "source_url": "https://www.woolworths.com.au/shop/productdetails/104337/sukin-hydrating-conditioner",
    "name": "Sukin Hydrating Conditioner 500ml",
    "image_url": "https://cdn1.woolworths.media/content/wowproductimages/large/104337.jpg",
    "source_id": "Woolworths - 104337",
    "barcode": "9327693006890",
    "category_id": "1_894D0A8",
    "shop": "Woolworths",
    "weight": "100ML",
    "prices": [
      {
        "state": "NSW",
        "price": "1000",
        "price_per_unit": "200",
        "price_unit": "ML"
      },
      {
        "state": "VIC",
        "price": "1000",
        "price_per_unit": "200",
        "price_unit": "ML"
      },
      {
        "state": "QLD",
        "price": "1000",
        "price_per_unit": "200",
        "price_unit": "ML"
      },
      {
        "state": "WA",
        "price": "1000",
        "price_per_unit": "200",
        "price_unit": "ML"
      },
      {
        "state": "SA",
        "price": "1000",
        "price_per_unit": "200",
        "price_unit": "ML"
      },
      {
        "state": "TAS",
        "price": "1000",
        "price_per_unit": "200",
        "price_unit": "ML"
      },
      {
        "state": "ACT",
        "price": "1000",
        "price_per_unit": "200",
        "price_unit": "ML"
      },
      {
        "state": "NT",
        "price": "1100",
        "price_per_unit": "220",
        "price_unit": "ML"
      }
    ]
  },
  {
    "source_url": "https://www.woolworths.com.au/shop/productdetails/199779/sukin-hydrating-shampoo",
    "name": "Sukin Hydrating Shampoo 1l",
    "image_url": "https://cdn1.woolworths.media/content/wowproductimages/large/199779.jpg",
    "source_id": "Woolworths - 199779",
    "barcode": "9327693007064",
    "category_id": "1_894D0A8",
    "shop": "Woolworths",
    "weight": "100ML",
    "prices": [
      {
        "state": "NSW",
        "price": "1750",
        "price_per_unit": "175",
        "price_unit": "ML"
      },
      {
        "state": "VIC",
        "price": "1750",
        "price_per_unit": "175",
        "price_unit": "ML"
      },
      {
        "state": "WA",
        "price": "1750",
        "price_per_unit": "175",
        "price_unit": "ML"
      },
      {
        "state": "SA",
        "price": "1750",
        "price_per_unit": "175",
        "price_unit": "ML"
      },
      {
        "state": "TAS",
        "price": "1750",
        "price_per_unit": "175",
        "price_unit": "ML"
      },
      {
        "state": "ACT",
        "price": "1750",
        "price_per_unit": "175",
        "price_unit": "ML"
      },
      {
        "state": "NT",
        "price": "1750",
        "price_per_unit": "175",
        "price_unit": "ML"
      }
    ]
  },
  {
    "source_url": "https://www.woolworths.com.au/shop/productdetails/104336/sukin-hydrating-shampoo",
    "name": "Sukin Hydrating Shampoo 500ml",
    "image_url": "https://cdn1.woolworths.media/content/wowproductimages/large/104336.jpg",
    "source_id": "Woolworths - 104336",
    "barcode": "9327693006883",
    "category_id": "1_894D0A8",
    "shop": "Woolworths",
    "weight": "100ML",
    "prices": [
      {
        "state": "NSW",
        "price": "1000",
        "price_per_unit": "200",
        "price_unit": "ML"
      },
      {
        "state": "VIC",
        "price": "1000",
        "price_per_unit": "200",
        "price_unit": "ML"
      },
      {
        "state": "QLD",
        "price": "1000",
        "price_per_unit": "200",
        "price_unit": "ML"
      },
      {
        "state": "WA",
        "price": "1000",
        "price_per_unit": "200",
        "price_unit": "ML"
      },
      {
        "state": "SA",
        "price": "1000",
        "price_per_unit": "200",
        "price_unit": "ML"
      },
      {
        "state": "TAS",
        "price": "1000",
        "price_per_unit": "200",
        "price_unit": "ML"
      },
      {
        "state": "ACT",
        "price": "1000",
        "price_per_unit": "200",
        "price_unit": "ML"
      },
      {
        "state": "NT",
        "price": "1100",
        "price_per_unit": "220",
        "price_unit": "ML"
      }
    ]
  },
  {
    "source_url": "https://www.woolworths.com.au/shop/productdetails/155914/sukin-natural-balance-conditioner",
    "name": "Sukin Natural Balance Conditioner 1l",
    "image_url": "https://cdn1.woolworths.media/content/wowproductimages/large/155914.jpg",
    "source_id": "Woolworths - 155914",
    "barcode": "9327693006975",
    "category_id": "1_894D0A8",
    "shop": "Woolworths",
    "weight": "100ML",
    "prices": [
      {
        "state": "NSW",
        "price": "1750",
        "price_per_unit": "175",
        "price_unit": "ML"
      },
      {
        "state": "VIC",
        "price": "1750",
        "price_per_unit": "175",
        "price_unit": "ML"
      },
      {
        "state": "QLD",
        "price": "1750",
        "price_per_unit": "175",
        "price_unit": "ML"
      },
      {
        "state": "WA",
        "price": "1750",
        "price_per_unit": "175",
        "price_unit": "ML"
      },
      {
        "state": "SA",
        "price": "1750",
        "price_per_unit": "175",
        "price_unit": "ML"
      },
      {
        "state": "TAS",
        "price": "1750",
        "price_per_unit": "175",
        "price_unit": "ML"
      },
      {
        "state": "ACT",
        "price": "1750",
        "price_per_unit": "175",
        "price_unit": "ML"
      },
      {
        "state": "NT",
        "price": "1750",
        "price_per_unit": "175",
        "price_unit": "ML"
      }
    ]
  },
  {
    "source_url": "https://www.woolworths.com.au/shop/productdetails/104339/sukin-natural-balance-conditioner",
    "name": "Sukin Natural Balance Conditioner 500ml",
    "image_url": "https://cdn1.woolworths.media/content/wowproductimages/large/104339.jpg",
    "source_id": "Woolworths - 104339",
    "barcode": "9327693006937",
    "category_id": "1_894D0A8",
    "shop": "Woolworths",
    "weight": "100ML",
    "prices": [
      {
        "state": "NSW",
        "price": "1000",
        "price_per_unit": "200",
        "price_unit": "ML"
      },
      {
        "state": "VIC",
        "price": "1000",
        "price_per_unit": "200",
        "price_unit": "ML"
      },
      {
        "state": "QLD",
        "price": "1000",
        "price_per_unit": "200",
        "price_unit": "ML"
      },
      {
        "state": "WA",
        "price": "1000",
        "price_per_unit": "200",
        "price_unit": "ML"
      },
      {
        "state": "SA",
        "price": "1000",
        "price_per_unit": "200",
        "price_unit": "ML"
      },
      {
        "state": "TAS",
        "price": "1000",
        "price_per_unit": "200",
        "price_unit": "ML"
      },
      {
        "state": "ACT",
        "price": "1000",
        "price_per_unit": "200",
        "price_unit": "ML"
      },
      {
        "state": "NT",
        "price": "1100",
        "price_per_unit": "220",
        "price_unit": "ML"
      }
    ]
  },
  {
    "source_url": "https://www.woolworths.com.au/shop/productdetails/156382/sukin-natural-balance-shampoo",
    "name": "Sukin Natural Balance Shampoo 1l",
    "image_url": "https://cdn1.woolworths.media/content/wowproductimages/large/156382.jpg",
    "source_id": "Woolworths - 156382",
    "barcode": "9327693006968",
    "category_id": "1_894D0A8",
    "shop": "Woolworths",
    "weight": "100ML",
    "prices": [
      {
        "state": "NSW",
        "price": "1750",
        "price_per_unit": "175",
        "price_unit": "ML"
      },
      {
        "state": "VIC",
        "price": "1750",
        "price_per_unit": "175",
        "price_unit": "ML"
      },
      {
        "state": "QLD",
        "price": "1750",
        "price_per_unit": "175",
        "price_unit": "ML"
      },
      {
        "state": "WA",
        "price": "1750",
        "price_per_unit": "175",
        "price_unit": "ML"
      },
      {
        "state": "SA",
        "price": "1750",
        "price_per_unit": "175",
        "price_unit": "ML"
      },
      {
        "state": "TAS",
        "price": "1750",
        "price_per_unit": "175",
        "price_unit": "ML"
      },
      {
        "state": "ACT",
        "price": "1750",
        "price_per_unit": "175",
        "price_unit": "ML"
      },
      {
        "state": "NT",
        "price": "1750",
        "price_per_unit": "175",
        "price_unit": "ML"
      }
    ]
  },
  {
    "source_url": "https://www.woolworths.com.au/shop/productdetails/104338/sukin-natural-balance-shampoo",
    "name": "Sukin Natural Balance Shampoo 500ml",
    "image_url": "https://cdn1.woolworths.media/content/wowproductimages/large/104338.jpg",
    "source_id": "Woolworths - 104338",
    "barcode": "9327693006920",
    "category_id": "1_894D0A8",
    "shop": "Woolworths",
    "weight": "100ML",
    "prices": [
      {
        "state": "NSW",
        "price": "1000",
        "price_per_unit": "200",
        "price_unit": "ML"
      },
      {
        "state": "VIC",
        "price": "1000",
        "price_per_unit": "200",
        "price_unit": "ML"
      },
      {
        "state": "QLD",
        "price": "1000",
        "price_per_unit": "200",
        "price_unit": "ML"
      },
      {
        "state": "WA",
        "price": "1000",
        "price_per_unit": "200",
        "price_unit": "ML"
      },
      {
        "state": "SA",
        "price": "1000",
        "price_per_unit": "200",
        "price_unit": "ML"
      },
      {
        "state": "TAS",
        "price": "1000",
        "price_per_unit": "200",
        "price_unit": "ML"
      },
      {
        "state": "ACT",
        "price": "1000",
        "price_per_unit": "200",
        "price_unit": "ML"
      },
      {
        "state": "NT",
        "price": "1100",
        "price_per_unit": "220",
        "price_unit": "ML"
      }
    ]
  },
  {
    "source_url": "https://www.woolworths.com.au/shop/productdetails/490137/sunsilk-conditioner-addictive-brilliant-shine",
    "name": "Sunsilk Conditioner Addictive Brilliant Shine 350ml",
    "image_url": "https://cdn1.woolworths.media/content/wowproductimages/large/490137.jpg",
    "source_id": "Woolworths - 490137",
    "barcode": "9300830029853",
    "category_id": "1_894D0A8",
    "shop": "Woolworths",
    "weight": "100ML",
    "prices": [
      {
        "state": "NSW",
        "price": "455",
        "price_per_unit": "130",
        "price_unit": "ML"
      },
      {
        "state": "VIC",
        "price": "455",
        "price_per_unit": "130",
        "price_unit": "ML"
      },
      {
        "state": "QLD",
        "price": "455",
        "price_per_unit": "130",
        "price_unit": "ML"
      },
      {
        "state": "WA",
        "price": "455",
        "price_per_unit": "130",
        "price_unit": "ML"
      },
      {
        "state": "SA",
        "price": "455",
        "price_per_unit": "130",
        "price_unit": "ML"
      },
      {
        "state": "TAS",
        "price": "455",
        "price_per_unit": "130",
        "price_unit": "ML"
      },
      {
        "state": "ACT",
        "price": "455",
        "price_per_unit": "130",
        "price_unit": "ML"
      },
      {
        "state": "NT",
        "price": "475",
        "price_per_unit": "136",
        "price_unit": "ML"
      }
    ]
  },
  {
    "source_url": "https://www.woolworths.com.au/shop/productdetails/486428/sunsilk-conditioner-longer-stronger",
    "name": "Sunsilk Conditioner Longer & Stronger 350mL",
    "image_url": "https://cdn1.woolworths.media/content/wowproductimages/large/486428.jpg",
    "source_id": "Woolworths - 486428",
    "barcode": "9300830029785",
    "category_id": "1_894D0A8",
    "shop": "Woolworths",
    "weight": "100ML",
    "prices": [
      {
        "state": "NSW",
        "price": "455",
        "price_per_unit": "130",
        "price_unit": "ML"
      },
      {
        "state": "VIC",
        "price": "455",
        "price_per_unit": "130",
        "price_unit": "ML"
      },
      {
        "state": "QLD",
        "price": "455",
        "price_per_unit": "130",
        "price_unit": "ML"
      },
      {
        "state": "WA",
        "price": "455",
        "price_per_unit": "130",
        "price_unit": "ML"
      },
      {
        "state": "SA",
        "price": "455",
        "price_per_unit": "130",
        "price_unit": "ML"
      },
      {
        "state": "TAS",
        "price": "455",
        "price_per_unit": "130",
        "price_unit": "ML"
      },
      {
        "state": "ACT",
        "price": "455",
        "price_per_unit": "130",
        "price_unit": "ML"
      },
      {
        "state": "NT",
        "price": "475",
        "price_per_unit": "136",
        "price_unit": "ML"
      }
    ]
  },
  {
    "source_url": "https://www.woolworths.com.au/shop/productdetails/463186/sunsilk-conditioner-longer-stronger",
    "name": "Sunsilk Conditioner Longer & Stronger 700mL",
    "image_url": "https://cdn1.woolworths.media/content/wowproductimages/large/463186.jpg",
    "source_id": "Woolworths - 463186",
    "barcode": "9300830030811",
    "category_id": "1_894D0A8",
    "shop": "Woolworths",
    "weight": "100ML",
    "prices": [
      {
        "state": "NSW",
        "price": "600",
        "price_per_unit": "86",
        "price_unit": "ML"
      },
      {
        "state": "VIC",
        "price": "600",
        "price_per_unit": "86",
        "price_unit": "ML"
      },
      {
        "state": "QLD",
        "price": "600",
        "price_per_unit": "86",
        "price_unit": "ML"
      },
      {
        "state": "WA",
        "price": "600",
        "price_per_unit": "86",
        "price_unit": "ML"
      },
      {
        "state": "SA",
        "price": "600",
        "price_per_unit": "86",
        "price_unit": "ML"
      },
      {
        "state": "TAS",
        "price": "600",
        "price_per_unit": "86",
        "price_unit": "ML"
      },
      {
        "state": "ACT",
        "price": "600",
        "price_per_unit": "86",
        "price_unit": "ML"
      },
      {
        "state": "NT",
        "price": "660",
        "price_per_unit": "94",
        "price_unit": "ML"
      }
    ]
  },
  {
    "source_url": "https://www.woolworths.com.au/shop/productdetails/463180/sunsilk-conditioner-soft-smooth",
    "name": "Sunsilk Conditioner Soft & Smooth 700ml",
    "image_url": "https://cdn1.woolworths.media/content/wowproductimages/large/463180.jpg",
    "source_id": "Woolworths - 463180",
    "barcode": "9300830030989",
    "category_id": "1_894D0A8",
    "shop": "Woolworths",
    "weight": "100ML",
    "prices": [
      {
        "state": "NSW",
        "price": "600",
        "price_per_unit": "86",
        "price_unit": "ML"
      },
      {
        "state": "VIC",
        "price": "600",
        "price_per_unit": "86",
        "price_unit": "ML"
      },
      {
        "state": "QLD",
        "price": "600",
        "price_per_unit": "86",
        "price_unit": "ML"
      },
      {
        "state": "WA",
        "price": "600",
        "price_per_unit": "86",
        "price_unit": "ML"
      },
      {
        "state": "SA",
        "price": "600",
        "price_per_unit": "86",
        "price_unit": "ML"
      },
      {
        "state": "TAS",
        "price": "600",
        "price_per_unit": "86",
        "price_unit": "ML"
      },
      {
        "state": "ACT",
        "price": "600",
        "price_per_unit": "86",
        "price_unit": "ML"
      },
      {
        "state": "NT",
        "price": "660",
        "price_per_unit": "94",
        "price_unit": "ML"
      }
    ]
  },
  {
    "source_url": "https://www.woolworths.com.au/shop/productdetails/486433/sunsilk-shampoo-longer-stronger",
    "name": "Sunsilk Shampoo Longer & Stronger 350mL",
    "image_url": "https://cdn1.woolworths.media/content/wowproductimages/large/486433.jpg",
    "source_id": "Woolworths - 486433",
    "barcode": "9300830029235",
    "category_id": "1_894D0A8",
    "shop": "Woolworths",
    "weight": "100ML",
    "prices": [
      {
        "state": "NSW",
        "price": "455",
        "price_per_unit": "130",
        "price_unit": "ML"
      },
      {
        "state": "VIC",
        "price": "455",
        "price_per_unit": "130",
        "price_unit": "ML"
      },
      {
        "state": "QLD",
        "price": "455",
        "price_per_unit": "130",
        "price_unit": "ML"
      },
      {
        "state": "WA",
        "price": "455",
        "price_per_unit": "130",
        "price_unit": "ML"
      },
      {
        "state": "SA",
        "price": "455",
        "price_per_unit": "130",
        "price_unit": "ML"
      },
      {
        "state": "TAS",
        "price": "455",
        "price_per_unit": "130",
        "price_unit": "ML"
      },
      {
        "state": "ACT",
        "price": "455",
        "price_per_unit": "130",
        "price_unit": "ML"
      },
      {
        "state": "NT",
        "price": "475",
        "price_per_unit": "136",
        "price_unit": "ML"
      }
    ]
  },
  {
    "source_url": "https://www.woolworths.com.au/shop/productdetails/463195/sunsilk-shampoo-longer-stronger",
    "name": "Sunsilk Shampoo Longer & Stronger 700 Ml",
    "image_url": "https://cdn1.woolworths.media/content/wowproductimages/large/463195.jpg",
    "source_id": "Woolworths - 463195",
    "barcode": "9300830032204",
    "category_id": "1_894D0A8",
    "shop": "Woolworths",
    "weight": "100ML",
    "prices": [
      {
        "state": "NSW",
        "price": "600",
        "price_per_unit": "86",
        "price_unit": "ML"
      },
      {
        "state": "VIC",
        "price": "600",
        "price_per_unit": "86",
        "price_unit": "ML"
      },
      {
        "state": "QLD",
        "price": "600",
        "price_per_unit": "86",
        "price_unit": "ML"
      },
      {
        "state": "WA",
        "price": "600",
        "price_per_unit": "86",
        "price_unit": "ML"
      },
      {
        "state": "SA",
        "price": "600",
        "price_per_unit": "86",
        "price_unit": "ML"
      },
      {
        "state": "TAS",
        "price": "600",
        "price_per_unit": "86",
        "price_unit": "ML"
      },
      {
        "state": "ACT",
        "price": "600",
        "price_per_unit": "86",
        "price_unit": "ML"
      },
      {
        "state": "NT",
        "price": "660",
        "price_per_unit": "94",
        "price_unit": "ML"
      }
    ]
  },
  {
    "source_url": "https://www.woolworths.com.au/shop/productdetails/463194/sunsilk-shampoo-soft-smooth",
    "name": "Sunsilk Shampoo Soft & Smooth 700ml",
    "image_url": "https://cdn1.woolworths.media/content/wowproductimages/large/463194.jpg",
    "source_id": "Woolworths - 463194",
    "barcode": "9300830032587",
    "category_id": "1_894D0A8",
    "shop": "Woolworths",
    "weight": "100ML",
    "prices": [
      {
        "state": "NSW",
        "price": "600",
        "price_per_unit": "86",
        "price_unit": "ML"
      },
      {
        "state": "VIC",
        "price": "600",
        "price_per_unit": "86",
        "price_unit": "ML"
      },
      {
        "state": "QLD",
        "price": "600",
        "price_per_unit": "86",
        "price_unit": "ML"
      },
      {
        "state": "WA",
        "price": "600",
        "price_per_unit": "86",
        "price_unit": "ML"
      },
      {
        "state": "SA",
        "price": "600",
        "price_per_unit": "86",
        "price_unit": "ML"
      },
      {
        "state": "TAS",
        "price": "600",
        "price_per_unit": "86",
        "price_unit": "ML"
      },
      {
        "state": "ACT",
        "price": "600",
        "price_per_unit": "86",
        "price_unit": "ML"
      },
      {
        "state": "NT",
        "price": "660",
        "price_per_unit": "94",
        "price_unit": "ML"
      }
    ]
  },
  {
    "source_url": "https://www.woolworths.com.au/shop/productdetails/804088/sunsilk-summer-care-shampoo",
    "name": "Sunsilk Summer Care Shampoo 350ml",
    "image_url": "https://cdn1.woolworths.media/content/wowproductimages/large/804088.jpg",
    "source_id": "Woolworths - 804088",
    "barcode": "9300830048489",
    "category_id": "1_894D0A8",
    "shop": "Woolworths",
    "weight": "100ML",
    "prices": [
      {
        "state": "NSW",
        "price": "325",
        "price_per_unit": "93",
        "price_unit": "ML"
      },
      {
        "state": "TAS",
        "price": "325",
        "price_per_unit": "93",
        "price_unit": "ML"
      },
      {
        "state": "ACT",
        "price": "325",
        "price_per_unit": "93",
        "price_unit": "ML"
      }
    ]
  },
  {
    "source_url": "https://www.woolworths.com.au/shop/productdetails/486510/sunsilk-total-care-2-in-1-shampoo-conditioner",
    "name": "Sunsilk Total Care 2 In 1 Shampoo & Conditioner 350ml",
    "image_url": "https://cdn1.woolworths.media/content/wowproductimages/large/486510.jpg",
    "source_id": "Woolworths - 486510",
    "barcode": "9300830029167",
    "category_id": "1_894D0A8",
    "shop": "Woolworths",
    "weight": "100ML",
    "prices": [
      {
        "state": "NSW",
        "price": "455",
        "price_per_unit": "130",
        "price_unit": "ML"
      },
      {
        "state": "VIC",
        "price": "455",
        "price_per_unit": "130",
        "price_unit": "ML"
      },
      {
        "state": "WA",
        "price": "455",
        "price_per_unit": "130",
        "price_unit": "ML"
      },
      {
        "state": "SA",
        "price": "455",
        "price_per_unit": "130",
        "price_unit": "ML"
      },
      {
        "state": "TAS",
        "price": "455",
        "price_per_unit": "130",
        "price_unit": "ML"
      },
      {
        "state": "ACT",
        "price": "455",
        "price_per_unit": "130",
        "price_unit": "ML"
      },
      {
        "state": "NT",
        "price": "475",
        "price_per_unit": "136",
        "price_unit": "ML"
      }
    ]
  },
  {
    "source_url": "https://www.woolworths.com.au/shop/productdetails/562230/thanks-to-nature-cool-curls-conditioner-with-aloe-vera",
    "name": "Thanks To Nature Cool Curls Conditioner With Aloe Vera 500mL",
    "image_url": "https://cdn1.woolworths.media/content/wowproductimages/large/562230.jpg",
    "source_id": "Woolworths - 562230",
    "barcode": "9342746005620",
    "category_id": "1_894D0A8",
    "shop": "Woolworths",
    "weight": "100ML",
    "prices": [
      {
        "state": "NSW",
        "price": "1800",
        "price_per_unit": "360",
        "price_unit": "ML"
      },
      {
        "state": "VIC",
        "price": "1800",
        "price_per_unit": "360",
        "price_unit": "ML"
      },
      {
        "state": "QLD",
        "price": "1800",
        "price_per_unit": "360",
        "price_unit": "ML"
      },
      {
        "state": "WA",
        "price": "1800",
        "price_per_unit": "360",
        "price_unit": "ML"
      },
      {
        "state": "SA",
        "price": "1800",
        "price_per_unit": "360",
        "price_unit": "ML"
      },
      {
        "state": "TAS",
        "price": "1800",
        "price_per_unit": "360",
        "price_unit": "ML"
      },
      {
        "state": "ACT",
        "price": "1800",
        "price_per_unit": "360",
        "price_unit": "ML"
      },
      {
        "state": "NT",
        "price": "1980",
        "price_per_unit": "396",
        "price_unit": "ML"
      }
    ]
  },
  {
    "source_url": "https://www.woolworths.com.au/shop/productdetails/557071/thanks-to-nature-cool-curls-shampoo-with-aloe-vera",
    "name": "Thanks To Nature Cool Curls Shampoo With Aloe Vera 500mL",
    "image_url": "https://cdn1.woolworths.media/content/wowproductimages/large/557071.jpg",
    "source_id": "Woolworths - 557071",
    "barcode": "9342746005613",
    "category_id": "1_894D0A8",
    "shop": "Woolworths",
    "weight": "100ML",
    "prices": [
      {
        "state": "NSW",
        "price": "1800",
        "price_per_unit": "360",
        "price_unit": "ML"
      },
      {
        "state": "VIC",
        "price": "1800",
        "price_per_unit": "360",
        "price_unit": "ML"
      },
      {
        "state": "QLD",
        "price": "1800",
        "price_per_unit": "360",
        "price_unit": "ML"
      },
      {
        "state": "WA",
        "price": "1800",
        "price_per_unit": "360",
        "price_unit": "ML"
      },
      {
        "state": "SA",
        "price": "1800",
        "price_per_unit": "360",
        "price_unit": "ML"
      },
      {
        "state": "TAS",
        "price": "1800",
        "price_per_unit": "360",
        "price_unit": "ML"
      },
      {
        "state": "ACT",
        "price": "1800",
        "price_per_unit": "360",
        "price_unit": "ML"
      },
      {
        "state": "NT",
        "price": "1980",
        "price_per_unit": "396",
        "price_unit": "ML"
      }
    ]
  },
  {
    "source_url": "https://www.woolworths.com.au/shop/productdetails/152914/thanks-to-nature-hydrate-nourish-conditioner-with-abyssinian-oil",
    "name": "Thanks To Nature Hydrate & Nourish Conditioner With Abyssinian Oil 500ml",
    "image_url": "https://cdn1.woolworths.media/content/wowproductimages/large/152914.jpg",
    "source_id": "Woolworths - 152914",
    "barcode": "9342746001622",
    "category_id": "1_894D0A8",
    "shop": "Woolworths",
    "weight": "100ML",
    "prices": [
      {
        "state": "NSW",
        "price": "1800",
        "price_per_unit": "360",
        "price_unit": "ML"
      },
      {
        "state": "VIC",
        "price": "1800",
        "price_per_unit": "360",
        "price_unit": "ML"
      },
      {
        "state": "QLD",
        "price": "1800",
        "price_per_unit": "360",
        "price_unit": "ML"
      },
      {
        "state": "WA",
        "price": "1800",
        "price_per_unit": "360",
        "price_unit": "ML"
      },
      {
        "state": "SA",
        "price": "1800",
        "price_per_unit": "360",
        "price_unit": "ML"
      },
      {
        "state": "TAS",
        "price": "1800",
        "price_per_unit": "360",
        "price_unit": "ML"
      },
      {
        "state": "ACT",
        "price": "1800",
        "price_per_unit": "360",
        "price_unit": "ML"
      },
      {
        "state": "NT",
        "price": "1980",
        "price_per_unit": "396",
        "price_unit": "ML"
      }
    ]
  },
  {
    "source_url": "https://www.woolworths.com.au/shop/productdetails/152710/thanks-to-nature-hydrate-nourish-shampoo-with-abyssinian-oil",
    "name": "Thanks To Nature Hydrate & Nourish Shampoo With Abyssinian Oil 500ml",
    "image_url": "https://cdn1.woolworths.media/content/wowproductimages/large/152710.jpg",
    "source_id": "Woolworths - 152710",
    "barcode": "9342746001615",
    "category_id": "1_894D0A8",
    "shop": "Woolworths",
    "weight": "100ML",
    "prices": [
      {
        "state": "NSW",
        "price": "1800",
        "price_per_unit": "360",
        "price_unit": "ML"
      },
      {
        "state": "VIC",
        "price": "1800",
        "price_per_unit": "360",
        "price_unit": "ML"
      },
      {
        "state": "QLD",
        "price": "1800",
        "price_per_unit": "360",
        "price_unit": "ML"
      },
      {
        "state": "WA",
        "price": "1800",
        "price_per_unit": "360",
        "price_unit": "ML"
      },
      {
        "state": "SA",
        "price": "1800",
        "price_per_unit": "360",
        "price_unit": "ML"
      },
      {
        "state": "TAS",
        "price": "1800",
        "price_per_unit": "360",
        "price_unit": "ML"
      },
      {
        "state": "ACT",
        "price": "1800",
        "price_per_unit": "360",
        "price_unit": "ML"
      },
      {
        "state": "NT",
        "price": "1980",
        "price_per_unit": "396",
        "price_unit": "ML"
      }
    ]
  },
  {
    "source_url": "https://www.woolworths.com.au/shop/productdetails/153053/thanks-to-nature-repair-protect-conditioner-with-hemp-seed-oil",
    "name": "Thanks To Nature Repair & Protect Conditioner With Hemp Seed Oil 500ml",
    "image_url": "https://cdn1.woolworths.media/content/wowproductimages/large/153053.jpg",
    "source_id": "Woolworths - 153053",
    "barcode": "9342746001646",
    "category_id": "1_894D0A8",
    "shop": "Woolworths",
    "weight": "100ML",
    "prices": [
      {
        "state": "NSW",
        "price": "1800",
        "price_per_unit": "360",
        "price_unit": "ML"
      },
      {
        "state": "VIC",
        "price": "1800",
        "price_per_unit": "360",
        "price_unit": "ML"
      },
      {
        "state": "QLD",
        "price": "1800",
        "price_per_unit": "360",
        "price_unit": "ML"
      },
      {
        "state": "WA",
        "price": "1800",
        "price_per_unit": "360",
        "price_unit": "ML"
      },
      {
        "state": "SA",
        "price": "1800",
        "price_per_unit": "360",
        "price_unit": "ML"
      },
      {
        "state": "TAS",
        "price": "1800",
        "price_per_unit": "360",
        "price_unit": "ML"
      },
      {
        "state": "ACT",
        "price": "1800",
        "price_per_unit": "360",
        "price_unit": "ML"
      },
      {
        "state": "NT",
        "price": "1980",
        "price_per_unit": "396",
        "price_unit": "ML"
      }
    ]
  },
  {
    "source_url": "https://www.woolworths.com.au/shop/productdetails/152955/thanks-to-nature-repair-and-protect-shampoo-with-hemp-seed-oil",
    "name": "Thanks To Nature Repair And Protect Shampoo With Hemp Seed Oil 500ml",
    "image_url": "https://cdn1.woolworths.media/content/wowproductimages/large/152955.jpg",
    "source_id": "Woolworths - 152955",
    "barcode": "9342746001639",
    "category_id": "1_894D0A8",
    "shop": "Woolworths",
    "weight": "100ML",
    "prices": [
      {
        "state": "NSW",
        "price": "1800",
        "price_per_unit": "360",
        "price_unit": "ML"
      },
      {
        "state": "VIC",
        "price": "1800",
        "price_per_unit": "360",
        "price_unit": "ML"
      },
      {
        "state": "QLD",
        "price": "1800",
        "price_per_unit": "360",
        "price_unit": "ML"
      },
      {
        "state": "WA",
        "price": "1800",
        "price_per_unit": "360",
        "price_unit": "ML"
      },
      {
        "state": "SA",
        "price": "1800",
        "price_per_unit": "360",
        "price_unit": "ML"
      },
      {
        "state": "TAS",
        "price": "1800",
        "price_per_unit": "360",
        "price_unit": "ML"
      },
      {
        "state": "ACT",
        "price": "1800",
        "price_per_unit": "360",
        "price_unit": "ML"
      },
      {
        "state": "NT",
        "price": "1980",
        "price_per_unit": "396",
        "price_unit": "ML"
      }
    ]
  },
  {
    "source_url": "https://www.woolworths.com.au/shop/productdetails/152930/thanks-to-nature-smooth-control-conditioner-with-keratin",
    "name": "Thanks To Nature Smooth & Control Conditioner With Keratin 500ml",
    "image_url": "https://cdn1.woolworths.media/content/wowproductimages/large/152930.jpg",
    "source_id": "Woolworths - 152930",
    "barcode": "9342746001608",
    "category_id": "1_894D0A8",
    "shop": "Woolworths",
    "weight": "100ML",
    "prices": [
      {
        "state": "NSW",
        "price": "1800",
        "price_per_unit": "360",
        "price_unit": "ML"
      },
      {
        "state": "VIC",
        "price": "1800",
        "price_per_unit": "360",
        "price_unit": "ML"
      },
      {
        "state": "QLD",
        "price": "1800",
        "price_per_unit": "360",
        "price_unit": "ML"
      },
      {
        "state": "WA",
        "price": "1800",
        "price_per_unit": "360",
        "price_unit": "ML"
      },
      {
        "state": "SA",
        "price": "1800",
        "price_per_unit": "360",
        "price_unit": "ML"
      },
      {
        "state": "TAS",
        "price": "1800",
        "price_per_unit": "360",
        "price_unit": "ML"
      },
      {
        "state": "ACT",
        "price": "1800",
        "price_per_unit": "360",
        "price_unit": "ML"
      },
      {
        "state": "NT",
        "price": "1980",
        "price_per_unit": "396",
        "price_unit": "ML"
      }
    ]
  },
  {
    "source_url": "https://www.woolworths.com.au/shop/productdetails/152966/thanks-to-nature-smooth-control-shampoo-with-keratin",
    "name": "Thanks To Nature Smooth & Control Shampoo With Keratin 500ml",
    "image_url": "https://cdn1.woolworths.media/content/wowproductimages/large/152966.jpg",
    "source_id": "Woolworths - 152966",
    "barcode": "9342746001592",
    "category_id": "1_894D0A8",
    "shop": "Woolworths",
    "weight": "100ML",
    "prices": [
      {
        "state": "NSW",
        "price": "1800",
        "price_per_unit": "360",
        "price_unit": "ML"
      },
      {
        "state": "VIC",
        "price": "1800",
        "price_per_unit": "360",
        "price_unit": "ML"
      },
      {
        "state": "QLD",
        "price": "1800",
        "price_per_unit": "360",
        "price_unit": "ML"
      },
      {
        "state": "WA",
        "price": "1800",
        "price_per_unit": "360",
        "price_unit": "ML"
      },
      {
        "state": "SA",
        "price": "1800",
        "price_per_unit": "360",
        "price_unit": "ML"
      },
      {
        "state": "ACT",
        "price": "1800",
        "price_per_unit": "360",
        "price_unit": "ML"
      },
      {
        "state": "NT",
        "price": "1980",
        "price_per_unit": "396",
        "price_unit": "ML"
      }
    ]
  },
  {
    "source_url": "https://www.woolworths.com.au/shop/productdetails/152709/thanks-to-nature-volume-boost-conditioner-with-biotin",
    "name": "Thanks To Nature Volume Boost Conditioner With Biotin 500ml",
    "image_url": "https://cdn1.woolworths.media/content/wowproductimages/large/152709.jpg",
    "source_id": "Woolworths - 152709",
    "barcode": "9342746001561",
    "category_id": "1_894D0A8",
    "shop": "Woolworths",
    "weight": "100ML",
    "prices": [
      {
        "state": "NSW",
        "price": "1800",
        "price_per_unit": "360",
        "price_unit": "ML"
      },
      {
        "state": "VIC",
        "price": "1800",
        "price_per_unit": "360",
        "price_unit": "ML"
      },
      {
        "state": "QLD",
        "price": "1800",
        "price_per_unit": "360",
        "price_unit": "ML"
      },
      {
        "state": "WA",
        "price": "1800",
        "price_per_unit": "360",
        "price_unit": "ML"
      },
      {
        "state": "SA",
        "price": "1800",
        "price_per_unit": "360",
        "price_unit": "ML"
      },
      {
        "state": "TAS",
        "price": "1800",
        "price_per_unit": "360",
        "price_unit": "ML"
      },
      {
        "state": "ACT",
        "price": "1800",
        "price_per_unit": "360",
        "price_unit": "ML"
      },
      {
        "state": "NT",
        "price": "1980",
        "price_per_unit": "396",
        "price_unit": "ML"
      }
    ]
  },
  {
    "source_url": "https://www.woolworths.com.au/shop/productdetails/152656/thanks-to-nature-volume-boost-shampoo-with-biotin",
    "name": "Thanks To Nature Volume Boost Shampoo With Biotin 500ml",
    "image_url": "https://cdn1.woolworths.media/content/wowproductimages/large/152656.jpg",
    "source_id": "Woolworths - 152656",
    "barcode": "9342746001554",
    "category_id": "1_894D0A8",
    "shop": "Woolworths",
    "weight": "100ML",
    "prices": [
      {
        "state": "NSW",
        "price": "1800",
        "price_per_unit": "360",
        "price_unit": "ML"
      },
      {
        "state": "VIC",
        "price": "1800",
        "price_per_unit": "360",
        "price_unit": "ML"
      },
      {
        "state": "QLD",
        "price": "1800",
        "price_per_unit": "360",
        "price_unit": "ML"
      },
      {
        "state": "WA",
        "price": "1800",
        "price_per_unit": "360",
        "price_unit": "ML"
      },
      {
        "state": "SA",
        "price": "1800",
        "price_per_unit": "360",
        "price_unit": "ML"
      },
      {
        "state": "TAS",
        "price": "1800",
        "price_per_unit": "360",
        "price_unit": "ML"
      },
      {
        "state": "ACT",
        "price": "1800",
        "price_per_unit": "360",
        "price_unit": "ML"
      },
      {
        "state": "NT",
        "price": "1980",
        "price_per_unit": "396",
        "price_unit": "ML"
      }
    ]
  },
  {
    "source_url": "https://www.woolworths.com.au/shop/productdetails/726244/toni-guy-casual-sea-salt-texturising-spray",
    "name": "Toni & Guy Casual Sea Salt Texturising Spray 200ml",
    "image_url": "https://cdn1.woolworths.media/content/wowproductimages/large/726244.jpg",
    "source_id": "Woolworths - 726244",
    "barcode": "79400204714",
    "category_id": "1_894D0A8",
    "shop": "Woolworths",
    "weight": "100ML",
    "prices": [
      {
        "state": "NSW",
        "price": "1900",
        "price_per_unit": "950",
        "price_unit": "ML"
      },
      {
        "state": "VIC",
        "price": "1900",
        "price_per_unit": "950",
        "price_unit": "ML"
      },
      {
        "state": "QLD",
        "price": "1900",
        "price_per_unit": "950",
        "price_unit": "ML"
      },
      {
        "state": "WA",
        "price": "1900",
        "price_per_unit": "950",
        "price_unit": "ML"
      },
      {
        "state": "SA",
        "price": "1900",
        "price_per_unit": "950",
        "price_unit": "ML"
      },
      {
        "state": "TAS",
        "price": "1900",
        "price_per_unit": "950",
        "price_unit": "ML"
      },
      {
        "state": "ACT",
        "price": "1900",
        "price_per_unit": "950",
        "price_unit": "ML"
      },
      {
        "state": "NT",
        "price": "2000",
        "price_per_unit": "1000",
        "price_unit": "ML"
      }
    ]
  },
  {
    "source_url": "https://www.woolworths.com.au/shop/productdetails/726243/toni-guy-cleanse-instant-refresh-dry-shampoo",
    "name": "Toni & Guy Cleanse Instant Refresh Dry Shampoo 250ml",
    "image_url": "https://cdn1.woolworths.media/content/wowproductimages/large/726243.jpg",
    "source_id": "Woolworths - 726243",
    "barcode": "79400197139",
    "category_id": "1_894D0A8",
    "shop": "Woolworths",
    "weight": "100ML",
    "prices": [
      {
        "state": "NSW",
        "price": "1900",
        "price_per_unit": "760",
        "price_unit": "ML"
      },
      {
        "state": "VIC",
        "price": "1900",
        "price_per_unit": "760",
        "price_unit": "ML"
      },
      {
        "state": "QLD",
        "price": "1900",
        "price_per_unit": "760",
        "price_unit": "ML"
      },
      {
        "state": "WA",
        "price": "1900",
        "price_per_unit": "760",
        "price_unit": "ML"
      },
      {
        "state": "SA",
        "price": "1900",
        "price_per_unit": "760",
        "price_unit": "ML"
      },
      {
        "state": "TAS",
        "price": "1900",
        "price_per_unit": "760",
        "price_unit": "ML"
      },
      {
        "state": "ACT",
        "price": "1900",
        "price_per_unit": "760",
        "price_unit": "ML"
      },
      {
        "state": "NT",
        "price": "2000",
        "price_per_unit": "800",
        "price_unit": "ML"
      }
    ]
  },
  {
    "source_url": "https://www.woolworths.com.au/shop/productdetails/603728/toni-guy-colour-radiance-pro-conditioner-with-argan-oil",
    "name": "Toni & Guy Colour Radiance Pro Conditioner With Argan Oil 250mL",
    "image_url": "https://cdn1.woolworths.media/content/wowproductimages/large/603728.jpg",
    "source_id": "Woolworths - 603728",
    "barcode": "8720181459641",
    "category_id": "1_894D0A8",
    "shop": "Woolworths",
    "weight": "100ML",
    "prices": [
      {
        "state": "NSW",
        "price": "1900",
        "price_per_unit": "760",
        "price_unit": "ML"
      },
      {
        "state": "VIC",
        "price": "1900",
        "price_per_unit": "760",
        "price_unit": "ML"
      },
      {
        "state": "WA",
        "price": "1900",
        "price_per_unit": "760",
        "price_unit": "ML"
      },
      {
        "state": "SA",
        "price": "1900",
        "price_per_unit": "760",
        "price_unit": "ML"
      },
      {
        "state": "TAS",
        "price": "1900",
        "price_per_unit": "760",
        "price_unit": "ML"
      },
      {
        "state": "ACT",
        "price": "1900",
        "price_per_unit": "760",
        "price_unit": "ML"
      },
      {
        "state": "NT",
        "price": "2000",
        "price_per_unit": "800",
        "price_unit": "ML"
      }
    ]
  },
  {
    "source_url": "https://www.woolworths.com.au/shop/productdetails/613545/toni-guy-colour-radiance-pro-sulfate-free-shampoo",
    "name": "Toni & Guy Colour Radiance Pro Sulfate-Free Shampoo 250mL",
    "image_url": "https://cdn1.woolworths.media/content/wowproductimages/large/613545.jpg",
    "source_id": "Woolworths - 613545",
    "barcode": "8720181459658",
    "category_id": "1_894D0A8",
    "shop": "Woolworths",
    "weight": "100ML",
    "prices": [
      {
        "state": "NSW",
        "price": "1900",
        "price_per_unit": "760",
        "price_unit": "ML"
      },
      {
        "state": "VIC",
        "price": "1900",
        "price_per_unit": "760",
        "price_unit": "ML"
      },
      {
        "state": "WA",
        "price": "1900",
        "price_per_unit": "760",
        "price_unit": "ML"
      },
      {
        "state": "SA",
        "price": "1900",
        "price_per_unit": "760",
        "price_unit": "ML"
      },
      {
        "state": "TAS",
        "price": "1900",
        "price_per_unit": "760",
        "price_unit": "ML"
      },
      {
        "state": "ACT",
        "price": "1900",
        "price_per_unit": "760",
        "price_unit": "ML"
      },
      {
        "state": "NT",
        "price": "2000",
        "price_per_unit": "800",
        "price_unit": "ML"
      }
    ]
  },
  {
    "source_url": "https://www.woolworths.com.au/shop/productdetails/726224/toni-guy-conditioner-for-fine-hair",
    "name": "Toni & Guy Conditioner For Fine Hair 250ml",
    "image_url": "https://cdn1.woolworths.media/content/wowproductimages/large/726224.jpg",
    "source_id": "Woolworths - 726224",
    "barcode": "79400204387",
    "category_id": "1_894D0A8",
    "shop": "Woolworths",
    "weight": "100ML",
    "prices": [
      {
        "state": "NSW",
        "price": "1900",
        "price_per_unit": "760",
        "price_unit": "ML"
      },
      {
        "state": "VIC",
        "price": "1900",
        "price_per_unit": "760",
        "price_unit": "ML"
      },
      {
        "state": "QLD",
        "price": "1900",
        "price_per_unit": "760",
        "price_unit": "ML"
      },
      {
        "state": "WA",
        "price": "1900",
        "price_per_unit": "760",
        "price_unit": "ML"
      },
      {
        "state": "SA",
        "price": "1900",
        "price_per_unit": "760",
        "price_unit": "ML"
      },
      {
        "state": "TAS",
        "price": "1900",
        "price_per_unit": "760",
        "price_unit": "ML"
      },
      {
        "state": "ACT",
        "price": "1900",
        "price_per_unit": "760",
        "price_unit": "ML"
      },
      {
        "state": "NT",
        "price": "2000",
        "price_per_unit": "800",
        "price_unit": "ML"
      }
    ]
  },
  {
    "source_url": "https://www.woolworths.com.au/shop/productdetails/726290/toni-guy-heat-protection-mist",
    "name": "Toni & Guy Heat Protection Mist 150ml",
    "image_url": "https://cdn1.woolworths.media/content/wowproductimages/large/726290.jpg",
    "source_id": "Woolworths - 726290",
    "barcode": "79400204585",
    "category_id": "1_894D0A8",
    "shop": "Woolworths",
    "weight": "100ML",
    "prices": [
      {
        "state": "NSW",
        "price": "1900",
        "price_per_unit": "1267",
        "price_unit": "ML"
      },
      {
        "state": "VIC",
        "price": "1900",
        "price_per_unit": "1267",
        "price_unit": "ML"
      },
      {
        "state": "QLD",
        "price": "1900",
        "price_per_unit": "1267",
        "price_unit": "ML"
      },
      {
        "state": "WA",
        "price": "1900",
        "price_per_unit": "1267",
        "price_unit": "ML"
      },
      {
        "state": "SA",
        "price": "1900",
        "price_per_unit": "1267",
        "price_unit": "ML"
      },
      {
        "state": "TAS",
        "price": "1900",
        "price_per_unit": "1267",
        "price_unit": "ML"
      },
      {
        "state": "ACT",
        "price": "1900",
        "price_per_unit": "1267",
        "price_unit": "ML"
      },
      {
        "state": "NT",
        "price": "2000",
        "price_per_unit": "1333",
        "price_unit": "ML"
      }
    ]
  },
  {
    "source_url": "https://www.woolworths.com.au/shop/productdetails/726226/toni-guy-nourish-reconstruction-mask",
    "name": "Toni & Guy Nourish Reconstruction Mask 200ml",
    "image_url": "https://cdn1.woolworths.media/content/wowproductimages/large/726226.jpg",
    "source_id": "Woolworths - 726226",
    "barcode": "79400204530",
    "category_id": "1_894D0A8",
    "shop": "Woolworths",
    "weight": "100ML",
    "prices": [
      {
        "state": "NSW",
        "price": "1900",
        "price_per_unit": "950",
        "price_unit": "ML"
      },
      {
        "state": "VIC",
        "price": "1900",
        "price_per_unit": "950",
        "price_unit": "ML"
      },
      {
        "state": "QLD",
        "price": "1900",
        "price_per_unit": "950",
        "price_unit": "ML"
      },
      {
        "state": "WA",
        "price": "1900",
        "price_per_unit": "950",
        "price_unit": "ML"
      },
      {
        "state": "SA",
        "price": "1900",
        "price_per_unit": "950",
        "price_unit": "ML"
      },
      {
        "state": "TAS",
        "price": "1900",
        "price_per_unit": "950",
        "price_unit": "ML"
      },
      {
        "state": "ACT",
        "price": "1900",
        "price_per_unit": "950",
        "price_unit": "ML"
      },
      {
        "state": "NT",
        "price": "2000",
        "price_per_unit": "1000",
        "price_unit": "ML"
      }
    ]
  },
  {
    "source_url": "https://www.woolworths.com.au/shop/productdetails/726227/toni-guy-prep-leave-in-conditioner",
    "name": "Toni & Guy Prep Leave-In Conditioner 100ml",
    "image_url": "https://cdn1.woolworths.media/content/wowproductimages/large/726227.jpg",
    "source_id": "Woolworths - 726227",
    "barcode": "667803002862",
    "category_id": "1_894D0A8",
    "shop": "Woolworths",
    "weight": "100ML",
    "prices": [
      {
        "state": "NSW",
        "price": "1900",
        "price_per_unit": "1900",
        "price_unit": "ML"
      },
      {
        "state": "VIC",
        "price": "1900",
        "price_per_unit": "1900",
        "price_unit": "ML"
      },
      {
        "state": "QLD",
        "price": "1900",
        "price_per_unit": "1900",
        "price_unit": "ML"
      },
      {
        "state": "WA",
        "price": "1900",
        "price_per_unit": "1900",
        "price_unit": "ML"
      },
      {
        "state": "SA",
        "price": "1900",
        "price_per_unit": "1900",
        "price_unit": "ML"
      },
      {
        "state": "TAS",
        "price": "1900",
        "price_per_unit": "1900",
        "price_unit": "ML"
      },
      {
        "state": "ACT",
        "price": "1900",
        "price_per_unit": "1900",
        "price_unit": "ML"
      },
      {
        "state": "NT",
        "price": "2000",
        "price_per_unit": "2000",
        "price_unit": "ML"
      }
    ]
  },
  {
    "source_url": "https://www.woolworths.com.au/shop/productdetails/681065/toni-guy-purple-conditioner",
    "name": "Toni & Guy Purple Conditioner 250ml",
    "image_url": "https://cdn1.woolworths.media/content/wowproductimages/large/681065.jpg",
    "source_id": "Woolworths - 681065",
    "barcode": "9300830045013",
    "category_id": "1_894D0A8",
    "shop": "Woolworths",
    "weight": "100ML",
    "prices": [
      {
        "state": "NSW",
        "price": "1900",
        "price_per_unit": "760",
        "price_unit": "ML"
      },
      {
        "state": "VIC",
        "price": "1900",
        "price_per_unit": "760",
        "price_unit": "ML"
      },
      {
        "state": "QLD",
        "price": "1900",
        "price_per_unit": "760",
        "price_unit": "ML"
      },
      {
        "state": "WA",
        "price": "1900",
        "price_per_unit": "760",
        "price_unit": "ML"
      },
      {
        "state": "SA",
        "price": "1900",
        "price_per_unit": "760",
        "price_unit": "ML"
      },
      {
        "state": "TAS",
        "price": "1900",
        "price_per_unit": "760",
        "price_unit": "ML"
      },
      {
        "state": "ACT",
        "price": "1900",
        "price_per_unit": "760",
        "price_unit": "ML"
      },
      {
        "state": "NT",
        "price": "2000",
        "price_per_unit": "800",
        "price_unit": "ML"
      }
    ]
  },
  {
    "source_url": "https://www.woolworths.com.au/shop/productdetails/151071/toni-guy-purple-conditioner",
    "name": "Toni & Guy Purple Conditioner 600ml",
    "image_url": "https://cdn1.woolworths.media/content/wowproductimages/large/151071.jpg",
    "source_id": "Woolworths - 151071",
    "barcode": "9300830064205",
    "category_id": "1_894D0A8",
    "shop": "Woolworths",
    "weight": "100ML",
    "prices": [
      {
        "state": "NSW",
        "price": "1500",
        "price_per_unit": "250",
        "price_unit": "ML"
      },
      {
        "state": "VIC",
        "price": "1500",
        "price_per_unit": "250",
        "price_unit": "ML"
      },
      {
        "state": "QLD",
        "price": "1500",
        "price_per_unit": "250",
        "price_unit": "ML"
      },
      {
        "state": "WA",
        "price": "1500",
        "price_per_unit": "250",
        "price_unit": "ML"
      },
      {
        "state": "SA",
        "price": "1500",
        "price_per_unit": "250",
        "price_unit": "ML"
      },
      {
        "state": "TAS",
        "price": "1500",
        "price_per_unit": "250",
        "price_unit": "ML"
      },
      {
        "state": "ACT",
        "price": "1500",
        "price_per_unit": "250",
        "price_unit": "ML"
      },
      {
        "state": "NT",
        "price": "1550",
        "price_per_unit": "258",
        "price_unit": "ML"
      }
    ]
  },
  {
    "source_url": "https://www.woolworths.com.au/shop/productdetails/681092/toni-guy-purple-shampoo",
    "name": "Toni & Guy Purple Shampoo 250ml",
    "image_url": "https://cdn1.woolworths.media/content/wowproductimages/large/681092.jpg",
    "source_id": "Woolworths - 681092",
    "barcode": "9300830045006",
    "category_id": "1_894D0A8",
    "shop": "Woolworths",
    "weight": "100ML",
    "prices": [
      {
        "state": "NSW",
        "price": "1900",
        "price_per_unit": "760",
        "price_unit": "ML"
      },
      {
        "state": "VIC",
        "price": "1900",
        "price_per_unit": "760",
        "price_unit": "ML"
      },
      {
        "state": "QLD",
        "price": "1900",
        "price_per_unit": "760",
        "price_unit": "ML"
      },
      {
        "state": "WA",
        "price": "1900",
        "price_per_unit": "760",
        "price_unit": "ML"
      },
      {
        "state": "SA",
        "price": "1900",
        "price_per_unit": "760",
        "price_unit": "ML"
      },
      {
        "state": "TAS",
        "price": "1900",
        "price_per_unit": "760",
        "price_unit": "ML"
      },
      {
        "state": "ACT",
        "price": "1900",
        "price_per_unit": "760",
        "price_unit": "ML"
      },
      {
        "state": "NT",
        "price": "2000",
        "price_per_unit": "800",
        "price_unit": "ML"
      }
    ]
  },
  {
    "source_url": "https://www.woolworths.com.au/shop/productdetails/152707/toni-guy-purple-shampoo",
    "name": "Toni & Guy Purple Shampoo 600ml",
    "image_url": "https://cdn1.woolworths.media/content/wowproductimages/large/152707.jpg",
    "source_id": "Woolworths - 152707",
    "barcode": "9300830064175",
    "category_id": "1_894D0A8",
    "shop": "Woolworths",
    "weight": "100ML",
    "prices": [
      {
        "state": "NSW",
        "price": "1500",
        "price_per_unit": "250",
        "price_unit": "ML"
      },
      {
        "state": "VIC",
        "price": "1500",
        "price_per_unit": "250",
        "price_unit": "ML"
      },
      {
        "state": "QLD",
        "price": "1500",
        "price_per_unit": "250",
        "price_unit": "ML"
      },
      {
        "state": "WA",
        "price": "1500",
        "price_per_unit": "250",
        "price_unit": "ML"
      },
      {
        "state": "TAS",
        "price": "1500",
        "price_per_unit": "250",
        "price_unit": "ML"
      },
      {
        "state": "NT",
        "price": "1550",
        "price_per_unit": "258",
        "price_unit": "ML"
      }
    ]
  },
  {
    "source_url": "https://www.woolworths.com.au/shop/productdetails/726207/toni-guy-shampoo-for-fine-hair",
    "name": "Toni & Guy Shampoo For Fine Hair 250ml",
    "image_url": "https://cdn1.woolworths.media/content/wowproductimages/large/726207.jpg",
    "source_id": "Woolworths - 726207",
    "barcode": "79400204356",
    "category_id": "1_894D0A8",
    "shop": "Woolworths",
    "weight": "100ML",
    "prices": [
      {
        "state": "NSW",
        "price": "1900",
        "price_per_unit": "760",
        "price_unit": "ML"
      },
      {
        "state": "VIC",
        "price": "1900",
        "price_per_unit": "760",
        "price_unit": "ML"
      },
      {
        "state": "QLD",
        "price": "1900",
        "price_per_unit": "760",
        "price_unit": "ML"
      },
      {
        "state": "WA",
        "price": "1900",
        "price_per_unit": "760",
        "price_unit": "ML"
      },
      {
        "state": "SA",
        "price": "1900",
        "price_per_unit": "760",
        "price_unit": "ML"
      },
      {
        "state": "TAS",
        "price": "1900",
        "price_per_unit": "760",
        "price_unit": "ML"
      },
      {
        "state": "ACT",
        "price": "1900",
        "price_per_unit": "760",
        "price_unit": "ML"
      },
      {
        "state": "NT",
        "price": "2000",
        "price_per_unit": "800",
        "price_unit": "ML"
      }
    ]
  },
  {
    "source_url": "https://www.woolworths.com.au/shop/productdetails/855768/toni-guy-sky-high-volume-dry-shampoo",
    "name": "Toni & Guy Sky High Volume Dry Shampoo 250ml",
    "image_url": "https://cdn1.woolworths.media/content/wowproductimages/large/855768.jpg",
    "source_id": "Woolworths - 855768",
    "barcode": "667803002657",
    "category_id": "1_894D0A8",
    "shop": "Woolworths",
    "weight": "100ML",
    "prices": [
      {
        "state": "NSW",
        "price": "1900",
        "price_per_unit": "760",
        "price_unit": "ML"
      },
      {
        "state": "VIC",
        "price": "1900",
        "price_per_unit": "760",
        "price_unit": "ML"
      },
      {
        "state": "QLD",
        "price": "1900",
        "price_per_unit": "760",
        "price_unit": "ML"
      },
      {
        "state": "WA",
        "price": "1900",
        "price_per_unit": "760",
        "price_unit": "ML"
      },
      {
        "state": "SA",
        "price": "1900",
        "price_per_unit": "760",
        "price_unit": "ML"
      },
      {
        "state": "TAS",
        "price": "1900",
        "price_per_unit": "760",
        "price_unit": "ML"
      },
      {
        "state": "ACT",
        "price": "1900",
        "price_per_unit": "760",
        "price_unit": "ML"
      },
      {
        "state": "NT",
        "price": "2000",
        "price_per_unit": "800",
        "price_unit": "ML"
      }
    ]
  },
  {
    "source_url": "https://www.woolworths.com.au/shop/productdetails/75773/toni-guy-strength-plex-bond-repair-conditioner",
    "name": "Toni & Guy Strength Plex Bond Repair Conditioner 250ml",
    "image_url": "https://cdn1.woolworths.media/content/wowproductimages/large/075773.jpg",
    "source_id": "Woolworths - 75773",
    "barcode": "9300830057658",
    "category_id": "1_894D0A8",
    "shop": "Woolworths",
    "weight": "100ML",
    "prices": [
      {
        "state": "NSW",
        "price": "1900",
        "price_per_unit": "760",
        "price_unit": "ML"
      },
      {
        "state": "VIC",
        "price": "1900",
        "price_per_unit": "760",
        "price_unit": "ML"
      },
      {
        "state": "QLD",
        "price": "1900",
        "price_per_unit": "760",
        "price_unit": "ML"
      },
      {
        "state": "WA",
        "price": "1900",
        "price_per_unit": "760",
        "price_unit": "ML"
      },
      {
        "state": "SA",
        "price": "1900",
        "price_per_unit": "760",
        "price_unit": "ML"
      },
      {
        "state": "TAS",
        "price": "1900",
        "price_per_unit": "760",
        "price_unit": "ML"
      },
      {
        "state": "ACT",
        "price": "1900",
        "price_per_unit": "760",
        "price_unit": "ML"
      },
      {
        "state": "NT",
        "price": "2000",
        "price_per_unit": "800",
        "price_unit": "ML"
      }
    ]
  },
  {
    "source_url": "https://www.woolworths.com.au/shop/productdetails/75678/toni-guy-strength-plex-bond-repair-shampoo",
    "name": "Toni & Guy Strength Plex Bond Repair Shampoo 250ml",
    "image_url": "https://cdn1.woolworths.media/content/wowproductimages/large/075678.jpg",
    "source_id": "Woolworths - 75678",
    "barcode": "9300830057634",
    "category_id": "1_894D0A8",
    "shop": "Woolworths",
    "weight": "100ML",
    "prices": [
      {
        "state": "NSW",
        "price": "1900",
        "price_per_unit": "760",
        "price_unit": "ML"
      },
      {
        "state": "VIC",
        "price": "1900",
        "price_per_unit": "760",
        "price_unit": "ML"
      },
      {
        "state": "QLD",
        "price": "1900",
        "price_per_unit": "760",
        "price_unit": "ML"
      },
      {
        "state": "WA",
        "price": "1900",
        "price_per_unit": "760",
        "price_unit": "ML"
      },
      {
        "state": "SA",
        "price": "1900",
        "price_per_unit": "760",
        "price_unit": "ML"
      },
      {
        "state": "TAS",
        "price": "1900",
        "price_per_unit": "760",
        "price_unit": "ML"
      },
      {
        "state": "ACT",
        "price": "1900",
        "price_per_unit": "760",
        "price_unit": "ML"
      },
      {
        "state": "NT",
        "price": "2000",
        "price_per_unit": "800",
        "price_unit": "ML"
      }
    ]
  },
  {
    "source_url": "https://www.woolworths.com.au/shop/productdetails/200973/tresemme-colour-revitalise-shampoo-vit-e-agran-oil-green-tea",
    "name": "TRESemme Colour Revitalise Shampoo Vit E, Agran Oil & Green Tea 940ml",
    "image_url": "https://cdn1.woolworths.media/content/wowproductimages/large/200973.jpg",
    "source_id": "Woolworths - 200973",
    "barcode": "9300830069750",
    "category_id": "1_894D0A8",
    "shop": "Woolworths",
    "weight": "100ML",
    "prices": [
      {
        "state": "NSW",
        "price": "800",
        "price_per_unit": "85",
        "price_unit": "ML"
      },
      {
        "state": "VIC",
        "price": "800",
        "price_per_unit": "85",
        "price_unit": "ML"
      },
      {
        "state": "QLD",
        "price": "800",
        "price_per_unit": "85",
        "price_unit": "ML"
      },
      {
        "state": "WA",
        "price": "800",
        "price_per_unit": "85",
        "price_unit": "ML"
      },
      {
        "state": "SA",
        "price": "800",
        "price_per_unit": "85",
        "price_unit": "ML"
      },
      {
        "state": "TAS",
        "price": "800",
        "price_per_unit": "85",
        "price_unit": "ML"
      },
      {
        "state": "ACT",
        "price": "800",
        "price_per_unit": "85",
        "price_unit": "ML"
      },
      {
        "state": "NT",
        "price": "880",
        "price_per_unit": "94",
        "price_unit": "ML"
      }
    ]
  },
  {
    "source_url": "https://www.woolworths.com.au/shop/productdetails/200904/tresemme-conditioner-cleanse-replenish",
    "name": "TRESemme Conditioner Cleanse & Replenish 940 ml",
    "image_url": "https://cdn1.woolworths.media/content/wowproductimages/large/200904.jpg",
    "source_id": "Woolworths - 200904",
    "barcode": "9300830069804",
    "category_id": "1_894D0A8",
    "shop": "Woolworths",
    "weight": "100ML",
    "prices": [
      {
        "state": "NSW",
        "price": "800",
        "price_per_unit": "85",
        "price_unit": "ML"
      },
      {
        "state": "VIC",
        "price": "800",
        "price_per_unit": "85",
        "price_unit": "ML"
      },
      {
        "state": "QLD",
        "price": "800",
        "price_per_unit": "85",
        "price_unit": "ML"
      },
      {
        "state": "WA",
        "price": "800",
        "price_per_unit": "85",
        "price_unit": "ML"
      },
      {
        "state": "SA",
        "price": "800",
        "price_per_unit": "85",
        "price_unit": "ML"
      },
      {
        "state": "TAS",
        "price": "800",
        "price_per_unit": "85",
        "price_unit": "ML"
      },
      {
        "state": "ACT",
        "price": "800",
        "price_per_unit": "85",
        "price_unit": "ML"
      },
      {
        "state": "NT",
        "price": "880",
        "price_per_unit": "94",
        "price_unit": "ML"
      }
    ]
  },
  {
    "source_url": "https://www.woolworths.com.au/shop/productdetails/201004/tresemme-conditioner-colour-revitalise",
    "name": "TRESemme Conditioner Colour Revitalise 940 ml",
    "image_url": "https://cdn1.woolworths.media/content/wowproductimages/large/201004.jpg",
    "source_id": "Woolworths - 201004",
    "barcode": "9300830069828",
    "category_id": "1_894D0A8",
    "shop": "Woolworths",
    "weight": "100ML",
    "prices": [
      {
        "state": "NSW",
        "price": "800",
        "price_per_unit": "85",
        "price_unit": "ML"
      },
      {
        "state": "VIC",
        "price": "800",
        "price_per_unit": "85",
        "price_unit": "ML"
      },
      {
        "state": "QLD",
        "price": "800",
        "price_per_unit": "85",
        "price_unit": "ML"
      },
      {
        "state": "WA",
        "price": "800",
        "price_per_unit": "85",
        "price_unit": "ML"
      },
      {
        "state": "SA",
        "price": "800",
        "price_per_unit": "85",
        "price_unit": "ML"
      },
      {
        "state": "TAS",
        "price": "800",
        "price_per_unit": "85",
        "price_unit": "ML"
      },
      {
        "state": "ACT",
        "price": "800",
        "price_per_unit": "85",
        "price_unit": "ML"
      },
      {
        "state": "NT",
        "price": "880",
        "price_per_unit": "94",
        "price_unit": "ML"
      }
    ]
  },
  {
    "source_url": "https://www.woolworths.com.au/shop/productdetails/267202/tresemme-conditioner-keratin-smooth-conditioner",
    "name": "TRESemme Conditioner Keratin Smooth 500mL",
    "image_url": "https://cdn1.woolworths.media/content/wowproductimages/large/267202.jpg",
    "source_id": "Woolworths - 267202",
    "barcode": "9300830080144",
    "category_id": "1_894D0A8",
    "shop": "Woolworths",
    "weight": "100ML",
    "prices": [
      {
        "state": "NSW",
        "price": "750",
        "price_per_unit": "150",
        "price_unit": "ML"
      },
      {
        "state": "VIC",
        "price": "750",
        "price_per_unit": "150",
        "price_unit": "ML"
      },
      {
        "state": "QLD",
        "price": "750",
        "price_per_unit": "150",
        "price_unit": "ML"
      },
      {
        "state": "WA",
        "price": "750",
        "price_per_unit": "150",
        "price_unit": "ML"
      },
      {
        "state": "SA",
        "price": "750",
        "price_per_unit": "150",
        "price_unit": "ML"
      },
      {
        "state": "TAS",
        "price": "750",
        "price_per_unit": "150",
        "price_unit": "ML"
      },
      {
        "state": "ACT",
        "price": "750",
        "price_per_unit": "150",
        "price_unit": "ML"
      },
      {
        "state": "NT",
        "price": "825",
        "price_per_unit": "165",
        "price_unit": "ML"
      }
    ]
  },
  {
    "source_url": "https://www.woolworths.com.au/shop/productdetails/786206/tresemme-conditioner-moisture-rich",
    "name": "TRESemme Conditioner Moisture Rich 100mL",
    "image_url": "https://cdn1.woolworths.media/content/wowproductimages/large/786206.jpg",
    "source_id": "Woolworths - 786206",
    "barcode": "93112192",
    "category_id": "1_894D0A8",
    "shop": "Woolworths",
    "weight": "100ML",
    "prices": [
      {
        "state": "NSW",
        "price": "400",
        "price_per_unit": "400",
        "price_unit": "ML"
      },
      {
        "state": "VIC",
        "price": "400",
        "price_per_unit": "400",
        "price_unit": "ML"
      },
      {
        "state": "QLD",
        "price": "400",
        "price_per_unit": "400",
        "price_unit": "ML"
      },
      {
        "state": "SA",
        "price": "400",
        "price_per_unit": "400",
        "price_unit": "ML"
      },
      {
        "state": "TAS",
        "price": "400",
        "price_per_unit": "400",
        "price_unit": "ML"
      },
      {
        "state": "ACT",
        "price": "400",
        "price_per_unit": "400",
        "price_unit": "ML"
      },
      {
        "state": "NT",
        "price": "400",
        "price_per_unit": "400",
        "price_unit": "ML"
      }
    ]
  },
  {
    "source_url": "https://www.woolworths.com.au/shop/productdetails/200179/tresemme-conditioner-smooth-silky",
    "name": "TRESemme Conditioner Smooth & Silky 940 ml",
    "image_url": "https://cdn1.woolworths.media/content/wowproductimages/large/200179.jpg",
    "source_id": "Woolworths - 200179",
    "barcode": "9300830069835",
    "category_id": "1_894D0A8",
    "shop": "Woolworths",
    "weight": "100ML",
    "prices": [
      {
        "state": "NSW",
        "price": "800",
        "price_per_unit": "85",
        "price_unit": "ML"
      },
      {
        "state": "VIC",
        "price": "800",
        "price_per_unit": "85",
        "price_unit": "ML"
      },
      {
        "state": "QLD",
        "price": "800",
        "price_per_unit": "85",
        "price_unit": "ML"
      },
      {
        "state": "WA",
        "price": "800",
        "price_per_unit": "85",
        "price_unit": "ML"
      },
      {
        "state": "SA",
        "price": "800",
        "price_per_unit": "85",
        "price_unit": "ML"
      },
      {
        "state": "TAS",
        "price": "800",
        "price_per_unit": "85",
        "price_unit": "ML"
      },
      {
        "state": "ACT",
        "price": "800",
        "price_per_unit": "85",
        "price_unit": "ML"
      },
      {
        "state": "NT",
        "price": "880",
        "price_per_unit": "94",
        "price_unit": "ML"
      }
    ]
  },
  {
    "source_url": "https://www.woolworths.com.au/shop/productdetails/200819/tresemme-conditioner-volume-fullness",
    "name": "TRESemme Conditioner Volume & Fullness 940 ml",
    "image_url": "https://cdn1.woolworths.media/content/wowproductimages/large/200819.jpg",
    "source_id": "Woolworths - 200819",
    "barcode": "9300830069811",
    "category_id": "1_894D0A8",
    "shop": "Woolworths",
    "weight": "100ML",
    "prices": [
      {
        "state": "NSW",
        "price": "800",
        "price_per_unit": "85",
        "price_unit": "ML"
      },
      {
        "state": "VIC",
        "price": "800",
        "price_per_unit": "85",
        "price_unit": "ML"
      },
      {
        "state": "QLD",
        "price": "800",
        "price_per_unit": "85",
        "price_unit": "ML"
      },
      {
        "state": "WA",
        "price": "800",
        "price_per_unit": "85",
        "price_unit": "ML"
      },
      {
        "state": "SA",
        "price": "800",
        "price_per_unit": "85",
        "price_unit": "ML"
      },
      {
        "state": "TAS",
        "price": "800",
        "price_per_unit": "85",
        "price_unit": "ML"
      },
      {
        "state": "ACT",
        "price": "800",
        "price_per_unit": "85",
        "price_unit": "ML"
      },
      {
        "state": "NT",
        "price": "880",
        "price_per_unit": "94",
        "price_unit": "ML"
      }
    ]
  },
  {
    "source_url": "https://www.woolworths.com.au/shop/productdetails/435176/tresemme-hair-conditioner-lamellar-shine-step-2",
    "name": "TRESemme Hair Conditioner Lamellar Shine Step 2 500mL",
    "image_url": "https://cdn1.woolworths.media/content/wowproductimages/large/435176.jpg",
    "source_id": "Woolworths - 435176",
    "barcode": "9300830087273",
    "category_id": "1_894D0A8",
    "shop": "Woolworths",
    "weight": "100ML",
    "prices": [
      {
        "state": "NSW",
        "price": "750",
        "price_per_unit": "150",
        "price_unit": "ML"
      },
      {
        "state": "VIC",
        "price": "750",
        "price_per_unit": "150",
        "price_unit": "ML"
      },
      {
        "state": "QLD",
        "price": "750",
        "price_per_unit": "150",
        "price_unit": "ML"
      },
      {
        "state": "WA",
        "price": "750",
        "price_per_unit": "150",
        "price_unit": "ML"
      },
      {
        "state": "SA",
        "price": "750",
        "price_per_unit": "150",
        "price_unit": "ML"
      },
      {
        "state": "TAS",
        "price": "750",
        "price_per_unit": "150",
        "price_unit": "ML"
      },
      {
        "state": "ACT",
        "price": "750",
        "price_per_unit": "150",
        "price_unit": "ML"
      },
      {
        "state": "NT",
        "price": "825",
        "price_per_unit": "165",
        "price_unit": "ML"
      }
    ]
  },
  {
    "source_url": "https://www.woolworths.com.au/shop/productdetails/435173/tresemme-hair-shampoo-lamellar-shine-step-1",
    "name": "TRESemme Hair Shampoo Lamellar Shine Step 1 500mL",
    "image_url": "https://cdn1.woolworths.media/content/wowproductimages/large/435173.jpg",
    "source_id": "Woolworths - 435173",
    "barcode": "9300830087266",
    "category_id": "1_894D0A8",
    "shop": "Woolworths",
    "weight": "100ML",
    "prices": [
      {
        "state": "NSW",
        "price": "750",
        "price_per_unit": "150",
        "price_unit": "ML"
      },
      {
        "state": "VIC",
        "price": "750",
        "price_per_unit": "150",
        "price_unit": "ML"
      },
      {
        "state": "QLD",
        "price": "750",
        "price_per_unit": "150",
        "price_unit": "ML"
      },
      {
        "state": "WA",
        "price": "750",
        "price_per_unit": "150",
        "price_unit": "ML"
      },
      {
        "state": "SA",
        "price": "750",
        "price_per_unit": "150",
        "price_unit": "ML"
      },
      {
        "state": "TAS",
        "price": "750",
        "price_per_unit": "150",
        "price_unit": "ML"
      },
      {
        "state": "ACT",
        "price": "750",
        "price_per_unit": "150",
        "price_unit": "ML"
      },
      {
        "state": "NT",
        "price": "825",
        "price_per_unit": "165",
        "price_unit": "ML"
      }
    ]
  },
  {
    "source_url": "https://www.woolworths.com.au/shop/productdetails/199838/tresemme-nourish-shine-conditioner-with-vitamin-e-hemp-seed-oil",
    "name": "TRESemme Nourish & Shine Conditioner With Vitamin E & Hemp Seed Oil 940ml",
    "image_url": "https://cdn1.woolworths.media/content/wowproductimages/large/199838.jpg",
    "source_id": "Woolworths - 199838",
    "barcode": "9300830069859",
    "category_id": "1_894D0A8",
    "shop": "Woolworths",
    "weight": "100ML",
    "prices": [
      {
        "state": "NSW",
        "price": "800",
        "price_per_unit": "85",
        "price_unit": "ML"
      },
      {
        "state": "VIC",
        "price": "800",
        "price_per_unit": "85",
        "price_unit": "ML"
      },
      {
        "state": "QLD",
        "price": "800",
        "price_per_unit": "85",
        "price_unit": "ML"
      },
      {
        "state": "WA",
        "price": "800",
        "price_per_unit": "85",
        "price_unit": "ML"
      },
      {
        "state": "SA",
        "price": "800",
        "price_per_unit": "85",
        "price_unit": "ML"
      },
      {
        "state": "TAS",
        "price": "800",
        "price_per_unit": "85",
        "price_unit": "ML"
      },
      {
        "state": "ACT",
        "price": "800",
        "price_per_unit": "85",
        "price_unit": "ML"
      },
      {
        "state": "NT",
        "price": "880",
        "price_per_unit": "94",
        "price_unit": "ML"
      }
    ]
  },
  {
    "source_url": "https://www.woolworths.com.au/shop/productdetails/265136/tresemme-purple-toning-conditioner-coconut-oil",
    "name": "TRESemme Purple Toning Conditioner Coconut Oil 500mL",
    "image_url": "https://cdn1.woolworths.media/content/wowproductimages/large/265136.jpg",
    "source_id": "Woolworths - 265136",
    "barcode": "9300830080120",
    "category_id": "1_894D0A8",
    "shop": "Woolworths",
    "weight": "100ML",
    "prices": [
      {
        "state": "NSW",
        "price": "750",
        "price_per_unit": "150",
        "price_unit": "ML"
      },
      {
        "state": "VIC",
        "price": "750",
        "price_per_unit": "150",
        "price_unit": "ML"
      },
      {
        "state": "QLD",
        "price": "750",
        "price_per_unit": "150",
        "price_unit": "ML"
      },
      {
        "state": "WA",
        "price": "750",
        "price_per_unit": "150",
        "price_unit": "ML"
      },
      {
        "state": "SA",
        "price": "750",
        "price_per_unit": "150",
        "price_unit": "ML"
      },
      {
        "state": "TAS",
        "price": "750",
        "price_per_unit": "150",
        "price_unit": "ML"
      },
      {
        "state": "ACT",
        "price": "750",
        "price_per_unit": "150",
        "price_unit": "ML"
      },
      {
        "state": "NT",
        "price": "825",
        "price_per_unit": "165",
        "price_unit": "ML"
      }
    ]
  },
  {
    "source_url": "https://www.woolworths.com.au/shop/productdetails/265546/tresemme-purple-toning-shampoo-with-coconut-oil",
    "name": "TRESemme Purple Toning Shampoo with Coconut Oil 500mL",
    "image_url": "https://cdn1.woolworths.media/content/wowproductimages/large/265546.jpg",
    "source_id": "Woolworths - 265546",
    "barcode": "9300830080113",
    "category_id": "1_894D0A8",
    "shop": "Woolworths",
    "weight": "100ML",
    "prices": [
      {
        "state": "NSW",
        "price": "750",
        "price_per_unit": "150",
        "price_unit": "ML"
      },
      {
        "state": "VIC",
        "price": "750",
        "price_per_unit": "150",
        "price_unit": "ML"
      },
      {
        "state": "QLD",
        "price": "750",
        "price_per_unit": "150",
        "price_unit": "ML"
      },
      {
        "state": "WA",
        "price": "750",
        "price_per_unit": "150",
        "price_unit": "ML"
      },
      {
        "state": "SA",
        "price": "750",
        "price_per_unit": "150",
        "price_unit": "ML"
      },
      {
        "state": "TAS",
        "price": "750",
        "price_per_unit": "150",
        "price_unit": "ML"
      },
      {
        "state": "ACT",
        "price": "750",
        "price_per_unit": "150",
        "price_unit": "ML"
      },
      {
        "state": "NT",
        "price": "825",
        "price_per_unit": "165",
        "price_unit": "ML"
      }
    ]
  },
  {
    "source_url": "https://www.woolworths.com.au/shop/productdetails/200160/tresemme-shampoo-cleanse-replenish",
    "name": "TRESemme Shampoo Cleanse & Replenish 940 mL",
    "image_url": "https://cdn1.woolworths.media/content/wowproductimages/large/200160.jpg",
    "source_id": "Woolworths - 200160",
    "barcode": "9300830069729",
    "category_id": "1_894D0A8",
    "shop": "Woolworths",
    "weight": "100ML",
    "prices": [
      {
        "state": "NSW",
        "price": "800",
        "price_per_unit": "85",
        "price_unit": "ML"
      },
      {
        "state": "VIC",
        "price": "800",
        "price_per_unit": "85",
        "price_unit": "ML"
      },
      {
        "state": "QLD",
        "price": "800",
        "price_per_unit": "85",
        "price_unit": "ML"
      },
      {
        "state": "WA",
        "price": "800",
        "price_per_unit": "85",
        "price_unit": "ML"
      },
      {
        "state": "SA",
        "price": "800",
        "price_per_unit": "85",
        "price_unit": "ML"
      },
      {
        "state": "TAS",
        "price": "800",
        "price_per_unit": "85",
        "price_unit": "ML"
      },
      {
        "state": "ACT",
        "price": "800",
        "price_per_unit": "85",
        "price_unit": "ML"
      },
      {
        "state": "NT",
        "price": "880",
        "price_per_unit": "94",
        "price_unit": "ML"
      }
    ]
  },
  {
    "source_url": "https://www.woolworths.com.au/shop/productdetails/265189/tresemme-shampoo-keratin-smooth-smooth",
    "name": "TRESemme Shampoo Keratin Smooth 500mL",
    "image_url": "https://cdn1.woolworths.media/content/wowproductimages/large/265189.jpg",
    "source_id": "Woolworths - 265189",
    "barcode": "9300830080137",
    "category_id": "1_894D0A8",
    "shop": "Woolworths",
    "weight": "100ML",
    "prices": [
      {
        "state": "NSW",
        "price": "750",
        "price_per_unit": "150",
        "price_unit": "ML"
      },
      {
        "state": "VIC",
        "price": "750",
        "price_per_unit": "150",
        "price_unit": "ML"
      },
      {
        "state": "QLD",
        "price": "750",
        "price_per_unit": "150",
        "price_unit": "ML"
      },
      {
        "state": "WA",
        "price": "750",
        "price_per_unit": "150",
        "price_unit": "ML"
      },
      {
        "state": "SA",
        "price": "750",
        "price_per_unit": "150",
        "price_unit": "ML"
      },
      {
        "state": "TAS",
        "price": "750",
        "price_per_unit": "150",
        "price_unit": "ML"
      },
      {
        "state": "ACT",
        "price": "750",
        "price_per_unit": "150",
        "price_unit": "ML"
      },
      {
        "state": "NT",
        "price": "825",
        "price_per_unit": "165",
        "price_unit": "ML"
      }
    ]
  },
  {
    "source_url": "https://www.woolworths.com.au/shop/productdetails/786208/tresemme-shampoo-moisture-rich",
    "name": "TRESemme Shampoo Moisture Rich 100mL",
    "image_url": "https://cdn1.woolworths.media/content/wowproductimages/large/786208.jpg",
    "source_id": "Woolworths - 786208",
    "barcode": "93112185",
    "category_id": "1_894D0A8",
    "shop": "Woolworths",
    "weight": "100ML",
    "prices": [
      {
        "state": "NSW",
        "price": "400",
        "price_per_unit": "400",
        "price_unit": "ML"
      },
      {
        "state": "VIC",
        "price": "400",
        "price_per_unit": "400",
        "price_unit": "ML"
      },
      {
        "state": "QLD",
        "price": "400",
        "price_per_unit": "400",
        "price_unit": "ML"
      },
      {
        "state": "SA",
        "price": "400",
        "price_per_unit": "400",
        "price_unit": "ML"
      },
      {
        "state": "TAS",
        "price": "400",
        "price_per_unit": "400",
        "price_unit": "ML"
      },
      {
        "state": "ACT",
        "price": "400",
        "price_per_unit": "400",
        "price_unit": "ML"
      },
      {
        "state": "NT",
        "price": "400",
        "price_per_unit": "400",
        "price_unit": "ML"
      }
    ]
  },
  {
    "source_url": "https://www.woolworths.com.au/shop/productdetails/200150/tresemme-shampoo-moisture-rich-with-vitamin-e-jojoba-oil",
    "name": "TRESemme Shampoo Moisture Rich 940 mL",
    "image_url": "https://cdn1.woolworths.media/content/wowproductimages/large/200150.jpg",
    "source_id": "Woolworths - 200150",
    "barcode": "9300830069712",
    "category_id": "1_894D0A8",
    "shop": "Woolworths",
    "weight": "100ML",
    "prices": [
      {
        "state": "NSW",
        "price": "800",
        "price_per_unit": "85",
        "price_unit": "ML"
      },
      {
        "state": "VIC",
        "price": "800",
        "price_per_unit": "85",
        "price_unit": "ML"
      },
      {
        "state": "QLD",
        "price": "800",
        "price_per_unit": "85",
        "price_unit": "ML"
      },
      {
        "state": "WA",
        "price": "800",
        "price_per_unit": "85",
        "price_unit": "ML"
      },
      {
        "state": "SA",
        "price": "800",
        "price_per_unit": "85",
        "price_unit": "ML"
      },
      {
        "state": "TAS",
        "price": "800",
        "price_per_unit": "85",
        "price_unit": "ML"
      },
      {
        "state": "ACT",
        "price": "800",
        "price_per_unit": "85",
        "price_unit": "ML"
      },
      {
        "state": "NT",
        "price": "880",
        "price_per_unit": "94",
        "price_unit": "ML"
      }
    ]
  },
  {
    "source_url": "https://www.woolworths.com.au/shop/productdetails/200849/tresemme-shampoo-nourish-shine",
    "name": "TRESemme Shampoo Nourish & Shine 940 mL",
    "image_url": "https://cdn1.woolworths.media/content/wowproductimages/large/200849.jpg",
    "source_id": "Woolworths - 200849",
    "barcode": "9300830069781",
    "category_id": "1_894D0A8",
    "shop": "Woolworths",
    "weight": "100ML",
    "prices": [
      {
        "state": "NSW",
        "price": "800",
        "price_per_unit": "85",
        "price_unit": "ML"
      },
      {
        "state": "VIC",
        "price": "800",
        "price_per_unit": "85",
        "price_unit": "ML"
      },
      {
        "state": "QLD",
        "price": "800",
        "price_per_unit": "85",
        "price_unit": "ML"
      },
      {
        "state": "WA",
        "price": "800",
        "price_per_unit": "85",
        "price_unit": "ML"
      },
      {
        "state": "SA",
        "price": "800",
        "price_per_unit": "85",
        "price_unit": "ML"
      },
      {
        "state": "ACT",
        "price": "800",
        "price_per_unit": "85",
        "price_unit": "ML"
      },
      {
        "state": "NT",
        "price": "880",
        "price_per_unit": "94",
        "price_unit": "ML"
      }
    ]
  },
  {
    "source_url": "https://www.woolworths.com.au/shop/productdetails/199741/tresemme-shampoo-smooth-silky",
    "name": "TRESemme Shampoo Smooth & Silky 940 mL",
    "image_url": "https://cdn1.woolworths.media/content/wowproductimages/large/199741.jpg",
    "source_id": "Woolworths - 199741",
    "barcode": "9300830069767",
    "category_id": "1_894D0A8",
    "shop": "Woolworths",
    "weight": "100ML",
    "prices": [
      {
        "state": "NSW",
        "price": "800",
        "price_per_unit": "85",
        "price_unit": "ML"
      },
      {
        "state": "VIC",
        "price": "800",
        "price_per_unit": "85",
        "price_unit": "ML"
      },
      {
        "state": "QLD",
        "price": "800",
        "price_per_unit": "85",
        "price_unit": "ML"
      },
      {
        "state": "WA",
        "price": "800",
        "price_per_unit": "85",
        "price_unit": "ML"
      },
      {
        "state": "SA",
        "price": "800",
        "price_per_unit": "85",
        "price_unit": "ML"
      },
      {
        "state": "TAS",
        "price": "800",
        "price_per_unit": "85",
        "price_unit": "ML"
      },
      {
        "state": "ACT",
        "price": "800",
        "price_per_unit": "85",
        "price_unit": "ML"
      },
      {
        "state": "NT",
        "price": "880",
        "price_per_unit": "94",
        "price_unit": "ML"
      }
    ]
  },
  {
    "source_url": "https://www.woolworths.com.au/shop/productdetails/267225/tresemme-smooth-curls-conditioner-with-argan-oil",
    "name": "TRESemme Smooth Curls Conditioner with Argan Oil 500mL",
    "image_url": "https://cdn1.woolworths.media/content/wowproductimages/large/267225.jpg",
    "source_id": "Woolworths - 267225",
    "barcode": "9300830080182",
    "category_id": "1_894D0A8",
    "shop": "Woolworths",
    "weight": "100ML",
    "prices": [
      {
        "state": "NSW",
        "price": "750",
        "price_per_unit": "150",
        "price_unit": "ML"
      },
      {
        "state": "VIC",
        "price": "750",
        "price_per_unit": "150",
        "price_unit": "ML"
      },
      {
        "state": "QLD",
        "price": "750",
        "price_per_unit": "150",
        "price_unit": "ML"
      },
      {
        "state": "WA",
        "price": "750",
        "price_per_unit": "150",
        "price_unit": "ML"
      },
      {
        "state": "SA",
        "price": "750",
        "price_per_unit": "150",
        "price_unit": "ML"
      },
      {
        "state": "TAS",
        "price": "750",
        "price_per_unit": "150",
        "price_unit": "ML"
      },
      {
        "state": "ACT",
        "price": "750",
        "price_per_unit": "150",
        "price_unit": "ML"
      },
      {
        "state": "NT",
        "price": "825",
        "price_per_unit": "165",
        "price_unit": "ML"
      }
    ]
  },
  {
    "source_url": "https://www.woolworths.com.au/shop/productdetails/265566/tresemme-smooth-curls-shampoo-with-argan-oil",
    "name": "TRESemme Smooth Curls Shampoo with Argan Oil 500mL",
    "image_url": "https://cdn1.woolworths.media/content/wowproductimages/large/265566.jpg",
    "source_id": "Woolworths - 265566",
    "barcode": "9300830080175",
    "category_id": "1_894D0A8",
    "shop": "Woolworths",
    "weight": "100ML",
    "prices": [
      {
        "state": "NSW",
        "price": "750",
        "price_per_unit": "150",
        "price_unit": "ML"
      },
      {
        "state": "VIC",
        "price": "750",
        "price_per_unit": "150",
        "price_unit": "ML"
      },
      {
        "state": "QLD",
        "price": "750",
        "price_per_unit": "150",
        "price_unit": "ML"
      },
      {
        "state": "WA",
        "price": "750",
        "price_per_unit": "150",
        "price_unit": "ML"
      },
      {
        "state": "SA",
        "price": "750",
        "price_per_unit": "150",
        "price_unit": "ML"
      },
      {
        "state": "TAS",
        "price": "750",
        "price_per_unit": "150",
        "price_unit": "ML"
      },
      {
        "state": "ACT",
        "price": "750",
        "price_per_unit": "150",
        "price_unit": "ML"
      },
      {
        "state": "NT",
        "price": "825",
        "price_per_unit": "165",
        "price_unit": "ML"
      }
    ]
  },
  {
    "source_url": "https://www.woolworths.com.au/shop/productdetails/200992/tresemme-volume-fullness-shampoo-multi-vitamins-coconut-oil",
    "name": "TRESemme Volume & Fullness Shampoo Multi-Vitamins & Coconut Oil 940ml",
    "image_url": "https://cdn1.woolworths.media/content/wowproductimages/large/200992.jpg",
    "source_id": "Woolworths - 200992",
    "barcode": "9300830069743",
    "category_id": "1_894D0A8",
    "shop": "Woolworths",
    "weight": "100ML",
    "prices": [
      {
        "state": "NSW",
        "price": "800",
        "price_per_unit": "85",
        "price_unit": "ML"
      },
      {
        "state": "VIC",
        "price": "800",
        "price_per_unit": "85",
        "price_unit": "ML"
      },
      {
        "state": "WA",
        "price": "800",
        "price_per_unit": "85",
        "price_unit": "ML"
      },
      {
        "state": "SA",
        "price": "800",
        "price_per_unit": "85",
        "price_unit": "ML"
      },
      {
        "state": "TAS",
        "price": "800",
        "price_per_unit": "85",
        "price_unit": "ML"
      },
      {
        "state": "ACT",
        "price": "800",
        "price_per_unit": "85",
        "price_unit": "ML"
      },
      {
        "state": "NT",
        "price": "880",
        "price_per_unit": "94",
        "price_unit": "ML"
      }
    ]
  },
  {
    "source_url": "https://www.woolworths.com.au/shop/productdetails/960603/vo5-plump-me-up-dry-shampoo",
    "name": "Vo5 Plump Me Up Dry Shampoo 250ml",
    "image_url": "https://cdn1.woolworths.media/content/wowproductimages/large/960603.jpg",
    "source_id": "Woolworths - 960603",
    "barcode": "8710908051685",
    "category_id": "1_894D0A8",
    "shop": "Woolworths",
    "weight": "100ML",
    "prices": [
      {
        "state": "NSW",
        "price": "750",
        "price_per_unit": "300",
        "price_unit": "ML"
      },
      {
        "state": "VIC",
        "price": "750",
        "price_per_unit": "300",
        "price_unit": "ML"
      },
      {
        "state": "QLD",
        "price": "750",
        "price_per_unit": "300",
        "price_unit": "ML"
      },
      {
        "state": "WA",
        "price": "750",
        "price_per_unit": "300",
        "price_unit": "ML"
      },
      {
        "state": "SA",
        "price": "750",
        "price_per_unit": "300",
        "price_unit": "ML"
      },
      {
        "state": "TAS",
        "price": "750",
        "price_per_unit": "300",
        "price_unit": "ML"
      },
      {
        "state": "ACT",
        "price": "750",
        "price_per_unit": "300",
        "price_unit": "ML"
      },
      {
        "state": "NT",
        "price": "750",
        "price_per_unit": "300",
        "price_unit": "ML"
      }
    ]
  },
  {
    "source_url": "https://www.woolworths.com.au/shop/productdetails/431184/vo5-refresh-me-quick-dry-shampoo",
    "name": "Vo5 Refresh Me Quick Dry Shampoo 250ml",
    "image_url": "https://cdn1.woolworths.media/content/wowproductimages/large/431184.jpg",
    "source_id": "Woolworths - 431184",
    "barcode": "8710908051708",
    "category_id": "1_894D0A8",
    "shop": "Woolworths",
    "weight": "100ML",
    "prices": [
      {
        "state": "NSW",
        "price": "750",
        "price_per_unit": "300",
        "price_unit": "ML"
      },
      {
        "state": "VIC",
        "price": "750",
        "price_per_unit": "300",
        "price_unit": "ML"
      },
      {
        "state": "QLD",
        "price": "750",
        "price_per_unit": "300",
        "price_unit": "ML"
      },
      {
        "state": "WA",
        "price": "750",
        "price_per_unit": "300",
        "price_unit": "ML"
      },
      {
        "state": "SA",
        "price": "750",
        "price_per_unit": "300",
        "price_unit": "ML"
      },
      {
        "state": "TAS",
        "price": "750",
        "price_per_unit": "300",
        "price_unit": "ML"
      },
      {
        "state": "ACT",
        "price": "750",
        "price_per_unit": "300",
        "price_unit": "ML"
      },
      {
        "state": "NT",
        "price": "750",
        "price_per_unit": "300",
        "price_unit": "ML"
      }
    ]
  },
  {
    "source_url": "https://www.woolworths.com.au/shop/productdetails/802560/garnier-fructis-coconut-water-conditioner",
    "name": "Garnier Fructis Coconut Water Conditioner 315ml",
    "image_url": "https://cdn1.woolworths.media/content/wowproductimages/large/802560.jpg",
    "source_id": "Woolworths - 802560",
    "barcode": "8901526537068",
    "category_id": "1_894D0A8",
    "shop": "Woolworths",
    "weight": "100ML",
    "prices": [
      {
        "state": "VIC",
        "price": "800",
        "price_per_unit": "254",
        "price_unit": "ML"
      },
      {
        "state": "WA",
        "price": "800",
        "price_per_unit": "254",
        "price_unit": "ML"
      },
      {
        "state": "SA",
        "price": "800",
        "price_per_unit": "254",
        "price_unit": "ML"
      },
      {
        "state": "TAS",
        "price": "800",
        "price_per_unit": "254",
        "price_unit": "ML"
      },
      {
        "state": "ACT",
        "price": "800",
        "price_per_unit": "254",
        "price_unit": "ML"
      },
      {
        "state": "NT",
        "price": "880",
        "price_per_unit": "279",
        "price_unit": "ML"
      }
    ]
  },
  {
    "source_url": "https://www.woolworths.com.au/shop/productdetails/852404/head-shoulders-ultramen-sports-fresh-2-in-1-dandruff-shampoo-conditioner",
    "name": "Head & Shoulders Ultramen Sports Fresh 2 In 1 Dandruff Shampoo & Conditioner 550ml",
    "image_url": "https://cdn1.woolworths.media/content/wowproductimages/large/852404.jpg",
    "source_id": "Woolworths - 852404",
    "barcode": "4902430859608",
    "category_id": "1_894D0A8",
    "shop": "Woolworths",
    "weight": "100ML",
    "prices": [
      {
        "state": "VIC",
        "price": "2000",
        "price_per_unit": "364",
        "price_unit": "ML"
      },
      {
        "state": "QLD",
        "price": "2000",
        "price_per_unit": "364",
        "price_unit": "ML"
      },
      {
        "state": "WA",
        "price": "2000",
        "price_per_unit": "364",
        "price_unit": "ML"
      },
      {
        "state": "SA",
        "price": "2000",
        "price_per_unit": "364",
        "price_unit": "ML"
      },
      {
        "state": "TAS",
        "price": "2000",
        "price_per_unit": "364",
        "price_unit": "ML"
      },
      {
        "state": "ACT",
        "price": "2000",
        "price_per_unit": "364",
        "price_unit": "ML"
      },
      {
        "state": "NT",
        "price": "2100",
        "price_per_unit": "382",
        "price_unit": "ML"
      }
    ]
  },
  {
    "source_url": "https://www.woolworths.com.au/shop/productdetails/197824/l-oreal-elvive-hyaluron-plump-mositure-sealing-conditioner",
    "name": "L'Oreal Elvive Hyaluron Plump Mositure Sealing Conditioner 300ml",
    "image_url": "https://cdn1.woolworths.media/content/wowproductimages/large/197824.jpg",
    "source_id": "Woolworths - 197824",
    "barcode": "3600524034788",
    "category_id": "1_894D0A8",
    "shop": "Woolworths",
    "weight": "100ML",
    "prices": [
      {
        "state": "VIC",
        "price": "850",
        "price_per_unit": "283",
        "price_unit": "ML"
      },
      {
        "state": "QLD",
        "price": "850",
        "price_per_unit": "283",
        "price_unit": "ML"
      },
      {
        "state": "WA",
        "price": "850",
        "price_per_unit": "283",
        "price_unit": "ML"
      },
      {
        "state": "SA",
        "price": "850",
        "price_per_unit": "283",
        "price_unit": "ML"
      },
      {
        "state": "TAS",
        "price": "850",
        "price_per_unit": "283",
        "price_unit": "ML"
      },
      {
        "state": "NT",
        "price": "935",
        "price_per_unit": "312",
        "price_unit": "ML"
      }
    ]
  },
  {
    "source_url": "https://www.woolworths.com.au/shop/productdetails/197823/l-oreal-paris-elvive-hyaluron-plump-moisture-filling-shampoo",
    "name": "L'Oreal Paris Elvive Hyaluron Plump Moisture Filling Shampoo 300ml",
    "image_url": "https://cdn1.woolworths.media/content/wowproductimages/large/197823.jpg",
    "source_id": "Woolworths - 197823",
    "barcode": "3600524034771",
    "category_id": "1_894D0A8",
    "shop": "Woolworths",
    "weight": "100ML",
    "prices": [
      {
        "state": "VIC",
        "price": "850",
        "price_per_unit": "283",
        "price_unit": "ML"
      },
      {
        "state": "QLD",
        "price": "850",
        "price_per_unit": "283",
        "price_unit": "ML"
      },
      {
        "state": "SA",
        "price": "850",
        "price_per_unit": "283",
        "price_unit": "ML"
      },
      {
        "state": "NT",
        "price": "935",
        "price_per_unit": "312",
        "price_unit": "ML"
      }
    ]
  },
  {
    "source_url": "https://www.woolworths.com.au/shop/productdetails/68003/neutrogena-t-gel-anti-dandruff-therapeutic-shampoo",
    "name": "Neutrogena t/Gel Anti-Dandruff Therapeutic Shampoo 200ml",
    "image_url": "https://cdn1.woolworths.media/content/wowproductimages/large/068003.jpg",
    "source_id": "Woolworths - 68003",
    "barcode": "9300607375008",
    "category_id": "1_894D0A8",
    "shop": "Woolworths",
    "weight": "100ML",
    "prices": [
      {
        "state": "VIC",
        "price": "1400",
        "price_per_unit": "700",
        "price_unit": "ML"
      },
      {
        "state": "QLD",
        "price": "1400",
        "price_per_unit": "700",
        "price_unit": "ML"
      },
      {
        "state": "WA",
        "price": "1400",
        "price_per_unit": "700",
        "price_unit": "ML"
      },
      {
        "state": "TAS",
        "price": "1400",
        "price_per_unit": "700",
        "price_unit": "ML"
      },
      {
        "state": "ACT",
        "price": "1400",
        "price_per_unit": "700",
        "price_unit": "ML"
      },
      {
        "state": "NT",
        "price": "1400",
        "price_per_unit": "700",
        "price_unit": "ML"
      }
    ]
  },
  {
    "source_url": "https://www.woolworths.com.au/shop/productdetails/698244/ogx-argan-oil-shampoo-for-dry-damaged-hair",
    "name": "OGX Argan Oil Shampoo For Dry & Damaged Hair 88.7mL",
    "image_url": "https://cdn1.woolworths.media/content/wowproductimages/large/698244.jpg",
    "source_id": "Woolworths - 698244",
    "barcode": "22796913111",
    "category_id": "1_894D0A8",
    "shop": "Woolworths",
    "weight": "100ML",
    "prices": [
      {
        "state": "VIC",
        "price": "600",
        "price_per_unit": "676",
        "price_unit": "ML"
      },
      {
        "state": "QLD",
        "price": "600",
        "price_per_unit": "676",
        "price_unit": "ML"
      },
      {
        "state": "WA",
        "price": "600",
        "price_per_unit": "676",
        "price_unit": "ML"
      },
      {
        "state": "SA",
        "price": "600",
        "price_per_unit": "676",
        "price_unit": "ML"
      },
      {
        "state": "TAS",
        "price": "600",
        "price_per_unit": "676",
        "price_unit": "ML"
      },
      {
        "state": "ACT",
        "price": "600",
        "price_per_unit": "676",
        "price_unit": "ML"
      },
      {
        "state": "NT",
        "price": "600",
        "price_per_unit": "676",
        "price_unit": "ML"
      }
    ]
  },
  {
    "source_url": "https://www.woolworths.com.au/shop/productdetails/46214/palmolive-conditioner-naturals-intensive-moisture",
    "name": "Palmolive Conditioner Naturals Intensive Moisture 700ml",
    "image_url": "https://cdn1.woolworths.media/content/wowproductimages/large/046214.jpg",
    "source_id": "Woolworths - 46214",
    "barcode": "8850006493380",
    "category_id": "1_894D0A8",
    "shop": "Woolworths",
    "weight": "100ML",
    "prices": [
      {
        "state": "VIC",
        "price": "540",
        "price_per_unit": "77",
        "price_unit": "ML"
      },
      {
        "state": "QLD",
        "price": "540",
        "price_per_unit": "77",
        "price_unit": "ML"
      },
      {
        "state": "WA",
        "price": "540",
        "price_per_unit": "77",
        "price_unit": "ML"
      },
      {
        "state": "SA",
        "price": "540",
        "price_per_unit": "77",
        "price_unit": "ML"
      },
      {
        "state": "TAS",
        "price": "540",
        "price_per_unit": "77",
        "price_unit": "ML"
      },
      {
        "state": "ACT",
        "price": "540",
        "price_per_unit": "77",
        "price_unit": "ML"
      }
    ]
  },
  {
    "source_url": "https://www.woolworths.com.au/shop/productdetails/152976/schwarzkopf-extra-care-soft-conditioner-marrakesh-oil-for-dry-hair",
    "name": "Schwarzkopf Extra Care Soft Conditioner Marrakesh Oil For Dry Hair 950mL",
    "image_url": "https://cdn1.woolworths.media/content/wowproductimages/large/152976.jpg",
    "source_id": "Woolworths - 152976",
    "barcode": "9310714225189",
    "category_id": "1_894D0A8",
    "shop": "Woolworths",
    "weight": "100ML",
    "prices": [
      {
        "state": "VIC",
        "price": "1900",
        "price_per_unit": "200",
        "price_unit": "ML"
      },
      {
        "state": "QLD",
        "price": "1900",
        "price_per_unit": "200",
        "price_unit": "ML"
      },
      {
        "state": "WA",
        "price": "1900",
        "price_per_unit": "200",
        "price_unit": "ML"
      },
      {
        "state": "SA",
        "price": "1900",
        "price_per_unit": "200",
        "price_unit": "ML"
      },
      {
        "state": "TAS",
        "price": "1900",
        "price_per_unit": "200",
        "price_unit": "ML"
      },
      {
        "state": "ACT",
        "price": "1900",
        "price_per_unit": "200",
        "price_unit": "ML"
      },
      {
        "state": "NT",
        "price": "2000",
        "price_per_unit": "211",
        "price_unit": "ML"
      }
    ]
  },
  {
    "source_url": "https://www.woolworths.com.au/shop/productdetails/152548/schwarzkopf-extra-care-soft-shampoo-marrakesh-oil-for-dry-hair",
    "name": "Schwarzkopf Extra Care Soft Shampoo Marrakesh Oil For Dry Hair 950mL",
    "image_url": "https://cdn1.woolworths.media/content/wowproductimages/large/152548.jpg",
    "source_id": "Woolworths - 152548",
    "barcode": "9310714225172",
    "category_id": "1_894D0A8",
    "shop": "Woolworths",
    "weight": "100ML",
    "prices": [
      {
        "state": "VIC",
        "price": "1900",
        "price_per_unit": "200",
        "price_unit": "ML"
      },
      {
        "state": "QLD",
        "price": "1900",
        "price_per_unit": "200",
        "price_unit": "ML"
      },
      {
        "state": "WA",
        "price": "1900",
        "price_per_unit": "200",
        "price_unit": "ML"
      },
      {
        "state": "SA",
        "price": "1900",
        "price_per_unit": "200",
        "price_unit": "ML"
      },
      {
        "state": "TAS",
        "price": "1900",
        "price_per_unit": "200",
        "price_unit": "ML"
      },
      {
        "state": "ACT",
        "price": "1900",
        "price_per_unit": "200",
        "price_unit": "ML"
      },
      {
        "state": "NT",
        "price": "2000",
        "price_per_unit": "211",
        "price_unit": "ML"
      }
    ]
  },
  {
    "source_url": "https://www.woolworths.com.au/shop/productdetails/491925/sunsilk-shampoo-addictive-brilliant-shine",
    "name": "Sunsilk Shampoo Addictive Brilliant Shine 350ml",
    "image_url": "https://cdn1.woolworths.media/content/wowproductimages/large/491925.jpg",
    "source_id": "Woolworths - 491925",
    "barcode": "9300830028931",
    "category_id": "1_894D0A8",
    "shop": "Woolworths",
    "weight": "100ML",
    "prices": [
      {
        "state": "VIC",
        "price": "455",
        "price_per_unit": "130",
        "price_unit": "ML"
      },
      {
        "state": "QLD",
        "price": "455",
        "price_per_unit": "130",
        "price_unit": "ML"
      },
      {
        "state": "WA",
        "price": "455",
        "price_per_unit": "130",
        "price_unit": "ML"
      },
      {
        "state": "SA",
        "price": "455",
        "price_per_unit": "130",
        "price_unit": "ML"
      },
      {
        "state": "TAS",
        "price": "455",
        "price_per_unit": "130",
        "price_unit": "ML"
      },
      {
        "state": "ACT",
        "price": "455",
        "price_per_unit": "130",
        "price_unit": "ML"
      },
      {
        "state": "NT",
        "price": "475",
        "price_per_unit": "136",
        "price_unit": "ML"
      }
    ]
  },
  {
    "source_url": "https://www.woolworths.com.au/shop/productdetails/200229/tresemme-conditioner-moisture-rich",
    "name": "TRESemme Conditioner Moisture Rich 940 ml",
    "image_url": "https://cdn1.woolworths.media/content/wowproductimages/large/200229.jpg",
    "source_id": "Woolworths - 200229",
    "barcode": "9300830069798",
    "category_id": "1_894D0A8",
    "shop": "Woolworths",
    "weight": "100ML",
    "prices": [
      {
        "state": "VIC",
        "price": "800",
        "price_per_unit": "85",
        "price_unit": "ML"
      },
      {
        "state": "QLD",
        "price": "800",
        "price_per_unit": "85",
        "price_unit": "ML"
      },
      {
        "state": "WA",
        "price": "800",
        "price_per_unit": "85",
        "price_unit": "ML"
      },
      {
        "state": "SA",
        "price": "800",
        "price_per_unit": "85",
        "price_unit": "ML"
      },
      {
        "state": "TAS",
        "price": "800",
        "price_per_unit": "85",
        "price_unit": "ML"
      },
      {
        "state": "ACT",
        "price": "800",
        "price_per_unit": "85",
        "price_unit": "ML"
      },
      {
        "state": "NT",
        "price": "880",
        "price_per_unit": "94",
        "price_unit": "ML"
      }
    ]
  },
  {
    "source_url": "https://www.woolworths.com.au/shop/productdetails/61677/barbie-kids-2-in-1-shampoo-conditioner",
    "name": "Barbie Kids 2 In 1 Shampoo & Conditioner 350mL",
    "image_url": "https://cdn1.woolworths.media/content/wowproductimages/large/061677.jpg",
    "source_id": "Woolworths - 61677",
    "barcode": "9346720001561",
    "category_id": "1_894D0A8",
    "shop": "Woolworths",
    "weight": "100ML",
    "prices": [
      {
        "state": "QLD",
        "price": "600",
        "price_per_unit": "171",
        "price_unit": "ML"
      },
      {
        "state": "WA",
        "price": "600",
        "price_per_unit": "171",
        "price_unit": "ML"
      },
      {
        "state": "ACT",
        "price": "600",
        "price_per_unit": "171",
        "price_unit": "ML"
      },
      {
        "state": "NT",
        "price": "600",
        "price_per_unit": "171",
        "price_unit": "ML"
      }
    ]
  },
  {
    "source_url": "https://www.woolworths.com.au/shop/productdetails/802564/garnier-fructis-nutri-repair-3-conditioner",
    "name": "Garnier Fructis Nutri-Repair 3 Conditioner 315ml",
    "image_url": "https://cdn1.woolworths.media/content/wowproductimages/large/802564.jpg",
    "source_id": "Woolworths - 802564",
    "barcode": "8901526537310",
    "category_id": "1_894D0A8",
    "shop": "Woolworths",
    "weight": "100ML",
    "prices": [
      {
        "state": "QLD",
        "price": "800",
        "price_per_unit": "254",
        "price_unit": "ML"
      },
      {
        "state": "WA",
        "price": "800",
        "price_per_unit": "254",
        "price_unit": "ML"
      },
      {
        "state": "ACT",
        "price": "800",
        "price_per_unit": "254",
        "price_unit": "ML"
      },
      {
        "state": "NT",
        "price": "880",
        "price_per_unit": "279",
        "price_unit": "ML"
      }
    ]
  },
  {
    "source_url": "https://www.woolworths.com.au/shop/productdetails/802563/garnier-fructis-nutri-repair-3-shampoo",
    "name": "Garnier Fructis Nutri-Repair 3 Shampoo 315ml",
    "image_url": "https://cdn1.woolworths.media/content/wowproductimages/large/802563.jpg",
    "source_id": "Woolworths - 802563",
    "barcode": "8901526537013",
    "category_id": "1_894D0A8",
    "shop": "Woolworths",
    "weight": "100ML",
    "prices": [
      {
        "state": "QLD",
        "price": "800",
        "price_per_unit": "254",
        "price_unit": "ML"
      },
      {
        "state": "WA",
        "price": "800",
        "price_per_unit": "254",
        "price_unit": "ML"
      },
      {
        "state": "ACT",
        "price": "800",
        "price_per_unit": "254",
        "price_unit": "ML"
      },
      {
        "state": "NT",
        "price": "880",
        "price_per_unit": "279",
        "price_unit": "ML"
      }
    ]
  },
  {
    "source_url": "https://www.woolworths.com.au/shop/productdetails/203172/herbal-essences-bio-renew-conditioner-strawberry-mint",
    "name": "Herbal Essences Bio Renew Conditioner Strawberry Mint 600ml",
    "image_url": "https://cdn1.woolworths.media/content/wowproductimages/large/203172.jpg",
    "source_id": "Woolworths - 203172",
    "barcode": "4987176047755",
    "category_id": "1_894D0A8",
    "shop": "Woolworths",
    "weight": "100ML",
    "prices": [
      {
        "state": "QLD",
        "price": "1900",
        "price_per_unit": "317",
        "price_unit": "ML"
      },
      {
        "state": "WA",
        "price": "1900",
        "price_per_unit": "317",
        "price_unit": "ML"
      },
      {
        "state": "SA",
        "price": "1900",
        "price_per_unit": "317",
        "price_unit": "ML"
      },
      {
        "state": "ACT",
        "price": "1900",
        "price_per_unit": "317",
        "price_unit": "ML"
      },
      {
        "state": "NT",
        "price": "2090",
        "price_per_unit": "348",
        "price_unit": "ML"
      }
    ]
  },
  {
    "source_url": "https://www.woolworths.com.au/shop/productdetails/202587/herbal-essences-bio-renew-shampoo-strawberry-mint",
    "name": "Herbal Essences Bio Renew Shampoo Strawberry Mint 600ml",
    "image_url": "https://cdn1.woolworths.media/content/wowproductimages/large/202587.jpg",
    "source_id": "Woolworths - 202587",
    "barcode": "4987176047762",
    "category_id": "1_894D0A8",
    "shop": "Woolworths",
    "weight": "100ML",
    "prices": [
      {
        "state": "QLD",
        "price": "1900",
        "price_per_unit": "317",
        "price_unit": "ML"
      },
      {
        "state": "WA",
        "price": "1900",
        "price_per_unit": "317",
        "price_unit": "ML"
      },
      {
        "state": "SA",
        "price": "1900",
        "price_per_unit": "317",
        "price_unit": "ML"
      },
      {
        "state": "ACT",
        "price": "1900",
        "price_per_unit": "317",
        "price_unit": "ML"
      },
      {
        "state": "NT",
        "price": "2090",
        "price_per_unit": "348",
        "price_unit": "ML"
      }
    ]
  },
  {
    "source_url": "https://www.woolworths.com.au/shop/productdetails/186182/herbal-essences-bio-renew-white-strawberry-mint-clean-conditioner",
    "name": "Herbal Essences Bio Renew White Strawberry & Mint Clean Conditioner 400ml",
    "image_url": "https://cdn1.woolworths.media/content/wowproductimages/large/186182.jpg",
    "source_id": "Woolworths - 186182",
    "barcode": "8001090222572",
    "category_id": "1_894D0A8",
    "shop": "Woolworths",
    "weight": "100ML",
    "prices": [
      {
        "state": "QLD",
        "price": "1350",
        "price_per_unit": "338",
        "price_unit": "ML"
      },
      {
        "state": "WA",
        "price": "1350",
        "price_per_unit": "338",
        "price_unit": "ML"
      },
      {
        "state": "SA",
        "price": "1350",
        "price_per_unit": "338",
        "price_unit": "ML"
      },
      {
        "state": "ACT",
        "price": "1350",
        "price_per_unit": "338",
        "price_unit": "ML"
      },
      {
        "state": "NT",
        "price": "1485",
        "price_per_unit": "371",
        "price_unit": "ML"
      }
    ]
  },
  {
    "source_url": "https://www.woolworths.com.au/shop/productdetails/185727/herbal-essences-bio-renew-white-strawberry-mint-clean-shampoo",
    "name": "Herbal Essences Bio Renew White Strawberry & Mint Clean Shampoo 400ml",
    "image_url": "https://cdn1.woolworths.media/content/wowproductimages/large/185727.jpg",
    "source_id": "Woolworths - 185727",
    "barcode": "8001090222541",
    "category_id": "1_894D0A8",
    "shop": "Woolworths",
    "weight": "100ML",
    "prices": [
      {
        "state": "QLD",
        "price": "1350",
        "price_per_unit": "338",
        "price_unit": "ML"
      },
      {
        "state": "WA",
        "price": "1350",
        "price_per_unit": "338",
        "price_unit": "ML"
      },
      {
        "state": "SA",
        "price": "1350",
        "price_per_unit": "338",
        "price_unit": "ML"
      },
      {
        "state": "ACT",
        "price": "1350",
        "price_per_unit": "338",
        "price_unit": "ML"
      },
      {
        "state": "NT",
        "price": "1485",
        "price_per_unit": "371",
        "price_unit": "ML"
      }
    ]
  },
  {
    "source_url": "https://www.woolworths.com.au/shop/productdetails/852197/herbal-essences-bio-renew-coconut-milk-hydrating-conditioner",
    "name": "Herbal Essences Bio:Renew Coconut Milk Hydrating Conditioner 600ml",
    "image_url": "https://cdn1.woolworths.media/content/wowproductimages/large/852197.jpg",
    "source_id": "Woolworths - 852197",
    "barcode": "190679000897",
    "category_id": "1_894D0A8",
    "shop": "Woolworths",
    "weight": "100ML",
    "prices": [
      {
        "state": "QLD",
        "price": "1900",
        "price_per_unit": "317",
        "price_unit": "ML"
      },
      {
        "state": "WA",
        "price": "1900",
        "price_per_unit": "317",
        "price_unit": "ML"
      },
      {
        "state": "SA",
        "price": "1900",
        "price_per_unit": "317",
        "price_unit": "ML"
      },
      {
        "state": "ACT",
        "price": "1900",
        "price_per_unit": "317",
        "price_unit": "ML"
      },
      {
        "state": "NT",
        "price": "2090",
        "price_per_unit": "348",
        "price_unit": "ML"
      }
    ]
  },
  {
    "source_url": "https://www.woolworths.com.au/shop/productdetails/852177/herbal-essences-bio-renew-coconut-milk-hydrating-shampoo",
    "name": "Herbal Essences Bio:Renew Coconut Milk Hydrating Shampoo 600mL",
    "image_url": "https://cdn1.woolworths.media/content/wowproductimages/large/852177.jpg",
    "source_id": "Woolworths - 852177",
    "barcode": "190679000903",
    "category_id": "1_894D0A8",
    "shop": "Woolworths",
    "weight": "100ML",
    "prices": [
      {
        "state": "QLD",
        "price": "1900",
        "price_per_unit": "317",
        "price_unit": "ML"
      },
      {
        "state": "WA",
        "price": "1900",
        "price_per_unit": "317",
        "price_unit": "ML"
      },
      {
        "state": "SA",
        "price": "1900",
        "price_per_unit": "317",
        "price_unit": "ML"
      },
      {
        "state": "ACT",
        "price": "1900",
        "price_per_unit": "317",
        "price_unit": "ML"
      },
      {
        "state": "NT",
        "price": "2090",
        "price_per_unit": "348",
        "price_unit": "ML"
      }
    ]
  },
  {
    "source_url": "https://www.woolworths.com.au/shop/productdetails/151858/l-oreal-elvive-extraordinary-oil-coconut-conditioner",
    "name": "L'Oreal Elvive Extraordinary Oil Coconut Conditioner 300ml",
    "image_url": "https://cdn1.woolworths.media/content/wowproductimages/large/151858.jpg",
    "source_id": "Woolworths - 151858",
    "barcode": "3600523972265",
    "category_id": "1_894D0A8",
    "shop": "Woolworths",
    "weight": "100ML",
    "prices": [
      {
        "state": "QLD",
        "price": "850",
        "price_per_unit": "283",
        "price_unit": "ML"
      },
      {
        "state": "WA",
        "price": "850",
        "price_per_unit": "283",
        "price_unit": "ML"
      },
      {
        "state": "SA",
        "price": "850",
        "price_per_unit": "283",
        "price_unit": "ML"
      },
      {
        "state": "TAS",
        "price": "850",
        "price_per_unit": "283",
        "price_unit": "ML"
      },
      {
        "state": "NT",
        "price": "935",
        "price_per_unit": "312",
        "price_unit": "ML"
      }
    ]
  },
  {
    "source_url": "https://www.woolworths.com.au/shop/productdetails/138024/l-oreal-elvive-extraordinary-oil-shampoo",
    "name": "L'Oreal Elvive Extraordinary Oil Shampoo 300ml",
    "image_url": "https://cdn1.woolworths.media/content/wowproductimages/large/138024.jpg",
    "source_id": "Woolworths - 138024",
    "barcode": "3600523972272",
    "category_id": "1_894D0A8",
    "shop": "Woolworths",
    "weight": "100ML",
    "prices": [
      {
        "state": "QLD",
        "price": "850",
        "price_per_unit": "283",
        "price_unit": "ML"
      },
      {
        "state": "WA",
        "price": "850",
        "price_per_unit": "283",
        "price_unit": "ML"
      },
      {
        "state": "SA",
        "price": "850",
        "price_per_unit": "283",
        "price_unit": "ML"
      },
      {
        "state": "ACT",
        "price": "850",
        "price_per_unit": "283",
        "price_unit": "ML"
      }
    ]
  },
  {
    "source_url": "https://www.woolworths.com.au/shop/productdetails/387049/my-soda-smooth-conditioner-refill",
    "name": "My Soda Smooth Conditioner Refill 700ml",
    "image_url": "https://cdn1.woolworths.media/content/wowproductimages/large/387049.jpg",
    "source_id": "Woolworths - 387049",
    "barcode": "9310692831679",
    "category_id": "1_894D0A8",
    "shop": "Woolworths",
    "weight": "100ML",
    "prices": [
      {
        "state": "QLD",
        "price": "1400",
        "price_per_unit": "200",
        "price_unit": "ML"
      },
      {
        "state": "WA",
        "price": "1400",
        "price_per_unit": "200",
        "price_unit": "ML"
      },
      {
        "state": "ACT",
        "price": "1400",
        "price_per_unit": "200",
        "price_unit": "ML"
      },
      {
        "state": "NT",
        "price": "1540",
        "price_per_unit": "220",
        "price_unit": "ML"
      }
    ]
  },
  {
    "source_url": "https://www.woolworths.com.au/shop/productdetails/388372/my-soda-smooth-shampoo-refill",
    "name": "My Soda Smooth Shampoo Refill 700ml",
    "image_url": "https://cdn1.woolworths.media/content/wowproductimages/large/388372.jpg",
    "source_id": "Woolworths - 388372",
    "barcode": "9310692831570",
    "category_id": "1_894D0A8",
    "shop": "Woolworths",
    "weight": "100ML",
    "prices": [
      {
        "state": "QLD",
        "price": "1400",
        "price_per_unit": "200",
        "price_unit": "ML"
      },
      {
        "state": "ACT",
        "price": "1400",
        "price_per_unit": "200",
        "price_unit": "ML"
      },
      {
        "state": "NT",
        "price": "1540",
        "price_per_unit": "220",
        "price_unit": "ML"
      }
    ]
  },
  {
    "source_url": "https://www.woolworths.com.au/shop/productdetails/46204/palmolive-conditioner-naturals-smooth-shine-keratin",
    "name": "Palmolive Conditioner Naturals Smooth &Shine Keratin 700ml",
    "image_url": "https://cdn1.woolworths.media/content/wowproductimages/large/046204.jpg",
    "source_id": "Woolworths - 46204",
    "barcode": "8850006493403",
    "category_id": "1_894D0A8",
    "shop": "Woolworths",
    "weight": "100ML",
    "prices": [
      {
        "state": "WA",
        "price": "540",
        "price_per_unit": "77",
        "price_unit": "ML"
      },
      {
        "state": "TAS",
        "price": "540",
        "price_per_unit": "77",
        "price_unit": "ML"
      },
      {
        "state": "ACT",
        "price": "540",
        "price_per_unit": "77",
        "price_unit": "ML"
      },
      {
        "state": "NT",
        "price": "540",
        "price_per_unit": "77",
        "price_unit": "ML"
      }
    ]
  },
  {
    "source_url": "https://www.woolworths.com.au/shop/productdetails/46219/palmolive-shampoo-naturals-intensive-moisture",
    "name": "Palmolive Shampoo Naturals Intensive Moisture 700ml",
    "image_url": "https://cdn1.woolworths.media/content/wowproductimages/large/046219.jpg",
    "source_id": "Woolworths - 46219",
    "barcode": "8850006493243",
    "category_id": "1_894D0A8",
    "shop": "Woolworths",
    "weight": "100ML",
    "prices": [
      {
        "state": "QLD",
        "price": "540",
        "price_per_unit": "77",
        "price_unit": "ML"
      },
      {
        "state": "WA",
        "price": "540",
        "price_per_unit": "77",
        "price_unit": "ML"
      },
      {
        "state": "TAS",
        "price": "540",
        "price_per_unit": "77",
        "price_unit": "ML"
      },
      {
        "state": "ACT",
        "price": "540",
        "price_per_unit": "77",
        "price_unit": "ML"
      },
      {
        "state": "NT",
        "price": "540",
        "price_per_unit": "77",
        "price_unit": "ML"
      }
    ]
  },
  {
    "source_url": "https://www.woolworths.com.au/shop/productdetails/857436/pro-voke-touch-of-silver-daily-maintenance-purple-shampoo",
    "name": "Pro:Voke Touch Of Silver Daily Maintenance Purple Shampoo 400mL",
    "image_url": "https://cdn1.woolworths.media/content/wowproductimages/large/857436.jpg",
    "source_id": "Woolworths - 857436",
    "barcode": "5012008469401",
    "category_id": "1_894D0A8",
    "shop": "Woolworths",
    "weight": "100ML",
    "prices": [
      {
        "state": "QLD",
        "price": "1000",
        "price_per_unit": "250",
        "price_unit": "ML"
      },
      {
        "state": "WA",
        "price": "1000",
        "price_per_unit": "250",
        "price_unit": "ML"
      },
      {
        "state": "SA",
        "price": "1000",
        "price_per_unit": "250",
        "price_unit": "ML"
      },
      {
        "state": "ACT",
        "price": "1000",
        "price_per_unit": "250",
        "price_unit": "ML"
      },
      {
        "state": "NT",
        "price": "1050",
        "price_per_unit": "263",
        "price_unit": "ML"
      }
    ]
  },
  {
    "source_url": "https://www.woolworths.com.au/shop/productdetails/857438/pro-voke-touch-of-silver-daily-nourish-purple-conditioner",
    "name": "Pro:Voke Touch Of Silver Daily Nourish Purple Conditioner 400mL",
    "image_url": "https://cdn1.woolworths.media/content/wowproductimages/large/857438.jpg",
    "source_id": "Woolworths - 857438",
    "barcode": "5012008469500",
    "category_id": "1_894D0A8",
    "shop": "Woolworths",
    "weight": "100ML",
    "prices": [
      {
        "state": "QLD",
        "price": "1000",
        "price_per_unit": "250",
        "price_unit": "ML"
      },
      {
        "state": "WA",
        "price": "1000",
        "price_per_unit": "250",
        "price_unit": "ML"
      },
      {
        "state": "SA",
        "price": "1000",
        "price_per_unit": "250",
        "price_unit": "ML"
      },
      {
        "state": "ACT",
        "price": "1000",
        "price_per_unit": "250",
        "price_unit": "ML"
      },
      {
        "state": "NT",
        "price": "1050",
        "price_per_unit": "263",
        "price_unit": "ML"
      }
    ]
  },
  {
    "source_url": "https://www.woolworths.com.au/shop/productdetails/138460/sunsilk-clean-fresh-conditioner",
    "name": "Sunsilk Clean & Fresh Conditioner 700ml",
    "image_url": "https://cdn1.woolworths.media/content/wowproductimages/large/138460.jpg",
    "source_id": "Woolworths - 138460",
    "barcode": "8851932424035",
    "category_id": "1_894D0A8",
    "shop": "Woolworths",
    "weight": "100ML",
    "prices": [
      {
        "state": "QLD",
        "price": "600",
        "price_per_unit": "86",
        "price_unit": "ML"
      },
      {
        "state": "WA",
        "price": "600",
        "price_per_unit": "86",
        "price_unit": "ML"
      },
      {
        "state": "ACT",
        "price": "600",
        "price_per_unit": "86",
        "price_unit": "ML"
      },
      {
        "state": "NT",
        "price": "660",
        "price_per_unit": "94",
        "price_unit": "ML"
      }
    ]
  },
  {
    "source_url": "https://www.woolworths.com.au/shop/productdetails/463191/sunsilk-conditioner-addictive-brilliant-shine",
    "name": "Sunsilk Conditioner Addictive Brilliant Shine 700ml",
    "image_url": "https://cdn1.woolworths.media/content/wowproductimages/large/463191.jpg",
    "source_id": "Woolworths - 463191",
    "barcode": "9300830030675",
    "category_id": "1_894D0A8",
    "shop": "Woolworths",
    "weight": "100ML",
    "prices": [
      {
        "state": "QLD",
        "price": "600",
        "price_per_unit": "86",
        "price_unit": "ML"
      },
      {
        "state": "WA",
        "price": "600",
        "price_per_unit": "86",
        "price_unit": "ML"
      },
      {
        "state": "ACT",
        "price": "600",
        "price_per_unit": "86",
        "price_unit": "ML"
      },
      {
        "state": "NT",
        "price": "660",
        "price_per_unit": "94",
        "price_unit": "ML"
      }
    ]
  },
  {
    "source_url": "https://www.woolworths.com.au/shop/productdetails/463193/sunsilk-shampoo-addictive-brilliant-shine",
    "name": "Sunsilk Shampoo Addictive Brilliant Shine 700mL",
    "image_url": "https://cdn1.woolworths.media/content/wowproductimages/large/463193.jpg",
    "source_id": "Woolworths - 463193",
    "barcode": "9300830032419",
    "category_id": "1_894D0A8",
    "shop": "Woolworths",
    "weight": "100ML",
    "prices": [
      {
        "state": "QLD",
        "price": "600",
        "price_per_unit": "86",
        "price_unit": "ML"
      },
      {
        "state": "WA",
        "price": "600",
        "price_per_unit": "86",
        "price_unit": "ML"
      },
      {
        "state": "ACT",
        "price": "600",
        "price_per_unit": "86",
        "price_unit": "ML"
      },
      {
        "state": "NT",
        "price": "660",
        "price_per_unit": "94",
        "price_unit": "ML"
      }
    ]
  },
  {
    "source_url": "https://www.woolworths.com.au/shop/productdetails/138459/sunsilk-shampoo-clean-fresh",
    "name": "Sunsilk Shampoo Clean & Fresh 700mL",
    "image_url": "https://cdn1.woolworths.media/content/wowproductimages/large/138459.jpg",
    "source_id": "Woolworths - 138459",
    "barcode": "8851932424028",
    "category_id": "1_894D0A8",
    "shop": "Woolworths",
    "weight": "100ML",
    "prices": [
      {
        "state": "QLD",
        "price": "600",
        "price_per_unit": "86",
        "price_unit": "ML"
      },
      {
        "state": "WA",
        "price": "600",
        "price_per_unit": "86",
        "price_unit": "ML"
      },
      {
        "state": "ACT",
        "price": "600",
        "price_per_unit": "86",
        "price_unit": "ML"
      },
      {
        "state": "NT",
        "price": "660",
        "price_per_unit": "94",
        "price_unit": "ML"
      }
    ]
  },
  {
    "source_url": "https://www.woolworths.com.au/shop/productdetails/463192/sunsilk-shampoo-defeat-damage",
    "name": "Sunsilk Shampoo Defeat Damage 700ml",
    "image_url": "https://cdn1.woolworths.media/content/wowproductimages/large/463192.jpg",
    "source_id": "Woolworths - 463192",
    "barcode": "9300830032341",
    "category_id": "1_894D0A8",
    "shop": "Woolworths",
    "weight": "100ML",
    "prices": [
      {
        "state": "QLD",
        "price": "600",
        "price_per_unit": "86",
        "price_unit": "ML"
      },
      {
        "state": "SA",
        "price": "600",
        "price_per_unit": "86",
        "price_unit": "ML"
      },
      {
        "state": "NT",
        "price": "660",
        "price_per_unit": "94",
        "price_unit": "ML"
      }
    ]
  },
  {
    "source_url": "https://www.woolworths.com.au/shop/productdetails/804093/sunsilk-summer-care-shampoo-coconut-oil-hibiscus",
    "name": "Sunsilk Summer Care Shampoo Coconut Oil & Hibiscus 700ml",
    "image_url": "https://cdn1.woolworths.media/content/wowproductimages/large/804093.jpg",
    "source_id": "Woolworths - 804093",
    "barcode": "9300830048496",
    "category_id": "1_894D0A8",
    "shop": "Woolworths",
    "weight": "100ML",
    "prices": [
      {
        "state": "QLD",
        "price": "600",
        "price_per_unit": "86",
        "price_unit": "ML"
      }
    ]
  },
  {
    "source_url": "https://www.woolworths.com.au/shop/productdetails/152240/toni-guy-strength-plex-bond-repair-conditioner",
    "name": "Toni & Guy Strength Plex Bond Repair Conditioner 600ml",
    "image_url": "https://cdn1.woolworths.media/content/wowproductimages/large/152240.jpg",
    "source_id": "Woolworths - 152240",
    "barcode": "9300830064243",
    "category_id": "1_894D0A8",
    "shop": "Woolworths",
    "weight": "100ML",
    "prices": [
      {
        "state": "QLD",
        "price": "1500",
        "price_per_unit": "250",
        "price_unit": "ML"
      },
      {
        "state": "WA",
        "price": "1500",
        "price_per_unit": "250",
        "price_unit": "ML"
      },
      {
        "state": "SA",
        "price": "1500",
        "price_per_unit": "250",
        "price_unit": "ML"
      },
      {
        "state": "ACT",
        "price": "1500",
        "price_per_unit": "250",
        "price_unit": "ML"
      },
      {
        "state": "NT",
        "price": "1550",
        "price_per_unit": "258",
        "price_unit": "ML"
      }
    ]
  },
  {
    "source_url": "https://www.woolworths.com.au/shop/productdetails/155033/toni-guy-strength-plex-bond-repair-shampoo",
    "name": "Toni & Guy Strength Plex Bond Repair Shampoo 600ml",
    "image_url": "https://cdn1.woolworths.media/content/wowproductimages/large/155033.jpg",
    "source_id": "Woolworths - 155033",
    "barcode": "9300830064229",
    "category_id": "1_894D0A8",
    "shop": "Woolworths",
    "weight": "100ML",
    "prices": [
      {
        "state": "QLD",
        "price": "1500",
        "price_per_unit": "250",
        "price_unit": "ML"
      },
      {
        "state": "WA",
        "price": "1500",
        "price_per_unit": "250",
        "price_unit": "ML"
      },
      {
        "state": "SA",
        "price": "1500",
        "price_per_unit": "250",
        "price_unit": "ML"
      },
      {
        "state": "ACT",
        "price": "1500",
        "price_per_unit": "250",
        "price_unit": "ML"
      },
      {
        "state": "NT",
        "price": "1550",
        "price_per_unit": "258",
        "price_unit": "ML"
      }
    ]
  },
  {
    "source_url": "https://www.woolworths.com.au/shop/productdetails/142312/dove-men-care-gentle-clean-2-in-1-anti-dandruff-shampoo",
    "name": "Dove Men+Care Gentle Clean 2 In 1 Anti-Dandruff Shampoo 300ml",
    "image_url": "https://cdn1.woolworths.media/content/wowproductimages/large/142312.jpg",
    "source_id": "Woolworths - 142312",
    "barcode": "9300830053643",
    "category_id": "1_894D0A8",
    "shop": "Woolworths",
    "weight": "100ML",
    "prices": [
      {
        "state": "WA",
        "price": "840",
        "price_per_unit": "280",
        "price_unit": "ML"
      },
      {
        "state": "ACT",
        "price": "840",
        "price_per_unit": "280",
        "price_unit": "ML"
      },
      {
        "state": "NT",
        "price": "920",
        "price_per_unit": "307",
        "price_unit": "ML"
      }
    ]
  },
  {
    "source_url": "https://www.woolworths.com.au/shop/productdetails/138011/l-oreal-elvive-total-repair-5-repairing-conditioner",
    "name": "L'Oreal Elvive Total Repair 5 Repairing Conditioner 300ml",
    "image_url": "https://cdn1.woolworths.media/content/wowproductimages/large/138011.jpg",
    "source_id": "Woolworths - 138011",
    "barcode": "3600523972227",
    "category_id": "1_894D0A8",
    "shop": "Woolworths",
    "weight": "100ML",
    "prices": [
      {
        "state": "WA",
        "price": "850",
        "price_per_unit": "283",
        "price_unit": "ML"
      },
      {
        "state": "SA",
        "price": "850",
        "price_per_unit": "283",
        "price_unit": "ML"
      },
      {
        "state": "ACT",
        "price": "850",
        "price_per_unit": "283",
        "price_unit": "ML"
      },
      {
        "state": "NT",
        "price": "935",
        "price_per_unit": "312",
        "price_unit": "ML"
      }
    ]
  },
  {
    "source_url": "https://www.woolworths.com.au/shop/productdetails/46208/palmolive-shampoo-naturals-smooth-shine-keratin",
    "name": "Palmolive Shampoo Naturals Smooth &Shine Keratin 700ml",
    "image_url": "https://cdn1.woolworths.media/content/wowproductimages/large/046208.jpg",
    "source_id": "Woolworths - 46208",
    "barcode": "8850006493267",
    "category_id": "1_894D0A8",
    "shop": "Woolworths",
    "weight": "100ML",
    "prices": [
      {
        "state": "WA",
        "price": "540",
        "price_per_unit": "77",
        "price_unit": "ML"
      },
      {
        "state": "ACT",
        "price": "540",
        "price_per_unit": "77",
        "price_unit": "ML"
      },
      {
        "state": "NT",
        "price": "540",
        "price_per_unit": "77",
        "price_unit": "ML"
      }
    ]
  },
  {
    "source_url": "https://www.woolworths.com.au/shop/productdetails/463182/sunsilk-keratin-conditioner-defeat-damage",
    "name": "Sunsilk Keratin Conditioner Defeat Damage 700ml",
    "image_url": "https://cdn1.woolworths.media/content/wowproductimages/large/463182.jpg",
    "source_id": "Woolworths - 463182",
    "barcode": "9300830030743",
    "category_id": "1_894D0A8",
    "shop": "Woolworths",
    "weight": "100ML",
    "prices": [
      {
        "state": "SA",
        "price": "600",
        "price_per_unit": "86",
        "price_unit": "ML"
      },
      {
        "state": "NT",
        "price": "660",
        "price_per_unit": "94",
        "price_unit": "ML"
      }
    ]
  },
  {
    "source_url": "https://www.woolworths.com.au/shop/productdetails/261355/herbal-essences-conditioner-colour-me-happy",
    "name": "Herbal Essences Conditioner Colour Me Happy 300ml",
    "image_url": "https://cdn1.woolworths.media/content/wowproductimages/large/261355.jpg",
    "source_id": "Woolworths - 261355",
    "barcode": "4902430118668",
    "category_id": "1_894D0A8",
    "shop": "Woolworths",
    "weight": "100ML",
    "prices": [
      {
        "state": "TAS",
        "price": "600",
        "price_per_unit": "200",
        "price_unit": "ML"
      }
    ]
  },
  {
    "source_url": "https://www.woolworths.com.au/shop/productdetails/261341/herbal-essences-shampoo-colour-me-happy",
    "name": "Herbal Essences Shampoo Colour Me Happy 300ml",
    "image_url": "https://cdn1.woolworths.media/content/wowproductimages/large/261341.jpg",
    "source_id": "Woolworths - 261341",
    "barcode": "4902430118804",
    "category_id": "1_894D0A8",
    "shop": "Woolworths",
    "weight": "100ML",
    "prices": [
      {
        "state": "TAS",
        "price": "600",
        "price_per_unit": "200",
        "price_unit": "ML"
      }
    ]
  },
  {
    "source_url": "https://www.woolworths.com.au/shop/productdetails/127904/redwin-anti-dandruff-shampoo-coal-tar-treatment",
    "name": "Redwin Anti Dandruff Shampoo Coal Tar Treatment 250ml",
    "image_url": "https://cdn1.woolworths.media/content/wowproductimages/large/127904.jpg",
    "source_id": "Woolworths - 127904",
    "barcode": "9314807018726",
    "category_id": "1_894D0A8",
    "shop": "Woolworths",
    "weight": "100ML",
    "prices": [
      {
        "state": "TAS",
        "price": "550",
        "price_per_unit": "220",
        "price_unit": "ML"
      }
    ]
  },
  {
    "source_url": "https://www.woolworths.com.au/shop/productdetails/7798/redwin-anti-dandruff-shampoo-tea-tree-treatment",
    "name": "Redwin Anti Dandruff Shampoo Tea Tree Treatment 250ml",
    "image_url": "https://cdn1.woolworths.media/content/wowproductimages/large/007798.jpg",
    "source_id": "Woolworths - 7798",
    "barcode": "9314807018733",
    "category_id": "1_894D0A8",
    "shop": "Woolworths",
    "weight": "100ML",
    "prices": [
      {
        "state": "TAS",
        "price": "550",
        "price_per_unit": "220",
        "price_unit": "ML"
      }
    ]
  },
  {
    "source_url": "https://www.woolworths.com.au/shop/productdetails/804087/sunsilk-conditioner-summer-care",
    "name": "Sunsilk Conditioner Summer Care 700ml",
    "image_url": "https://cdn1.woolworths.media/content/wowproductimages/large/804087.jpg",
    "source_id": "Woolworths - 804087",
    "barcode": "9300830048502",
    "category_id": "1_894D0A8",
    "shop": "Woolworths",
    "weight": "100ML",
    "prices": [
      {
        "state": "NT",
        "price": "660",
        "price_per_unit": "94",
        "price_unit": "ML"
      }
    ]
  }
]