[
  {
    "source_url": "https://www.woolworths.com.au/shop/productdetails/321393/blistex-intensive-repair-spf15",
    "name": "Blistex Intensive Repair Spf15 7g",
    "image_url": "https://cdn1.woolworths.media/content/wowproductimages/large/321393.jpg",
    "source_id": "Woolworths - 321393",
    "barcode": "9313501031178",
    "category_id": "1_894D0A8",
    "shop": "Woolworths",
    "weight": "10G",
    "prices": [
      {
        "state": "NSW",
        "price": "600",
        "price_per_unit": "857",
        "price_unit": "G"
      },
      {
        "state": "VIC",
        "price": "600",
        "price_per_unit": "857",
        "price_unit": "G"
      },
      {
        "state": "QLD",
        "price": "600",
        "price_per_unit": "857",
        "price_unit": "G"
      },
      {
        "state": "WA",
        "price": "600",
        "price_per_unit": "857",
        "price_unit": "G"
      },
      {
        "state": "SA",
        "price": "600",
        "price_per_unit": "857",
        "price_unit": "G"
      },
      {
        "state": "TAS",
        "price": "600",
        "price_per_unit": "857",
        "price_unit": "G"
      },
      {
        "state": "ACT",
        "price": "600",
        "price_per_unit": "857",
        "price_unit": "G"
      },
      {
        "state": "NT",
        "price": "600",
        "price_per_unit": "857",
        "price_unit": "G"
      }
    ]
  },
  {
    "source_url": "https://www.woolworths.com.au/shop/productdetails/340730/blistex-lip-conditioner",
    "name": "Blistex Lip Conditioner 7g",
    "image_url": "https://cdn1.woolworths.media/content/wowproductimages/large/340730.jpg",
    "source_id": "Woolworths - 340730",
    "barcode": "9313501311638",
    "category_id": "1_894D0A8",
    "shop": "Woolworths",
    "weight": "10G",
    "prices": [
      {
        "state": "NSW",
        "price": "650",
        "price_per_unit": "929",
        "price_unit": "G"
      },
      {
        "state": "VIC",
        "price": "650",
        "price_per_unit": "929",
        "price_unit": "G"
      },
      {
        "state": "QLD",
        "price": "650",
        "price_per_unit": "929",
        "price_unit": "G"
      },
      {
        "state": "WA",
        "price": "650",
        "price_per_unit": "929",
        "price_unit": "G"
      },
      {
        "state": "SA",
        "price": "650",
        "price_per_unit": "929",
        "price_unit": "G"
      },
      {
        "state": "TAS",
        "price": "650",
        "price_per_unit": "929",
        "price_unit": "G"
      },
      {
        "state": "ACT",
        "price": "650",
        "price_per_unit": "929",
        "price_unit": "G"
      },
      {
        "state": "NT",
        "price": "650",
        "price_per_unit": "929",
        "price_unit": "G"
      }
    ]
  },
  {
    "source_url": "https://www.woolworths.com.au/shop/productdetails/322698/blistex-lip-conditioning-balm",
    "name": "Blistex Lip Conditioning Balm Each",
    "image_url": "https://cdn1.woolworths.media/content/wowproductimages/large/322698.jpg",
    "source_id": "Woolworths - 322698",
    "barcode": "9313501311645",
    "category_id": "1_894D0A8",
    "shop": "Woolworths",
    "weight": "10G",
    "prices": [
      {
        "state": "NSW",
        "price": "550",
        "price_per_unit": "1294",
        "price_unit": "G"
      },
      {
        "state": "WA",
        "price": "550",
        "price_per_unit": "1294",
        "price_unit": "G"
      },
      {
        "state": "ACT",
        "price": "550",
        "price_per_unit": "1294",
        "price_unit": "G"
      }
    ]
  },
  {
    "source_url": "https://www.woolworths.com.au/shop/productdetails/910357/blistex-lip-relief-cream-spf-15",
    "name": "Blistex Lip Relief Cream SPF 15 6g",
    "image_url": "https://cdn1.woolworths.media/content/wowproductimages/large/910357.jpg",
    "source_id": "Woolworths - 910357",
    "barcode": "9313501311683",
    "category_id": "1_894D0A8",
    "shop": "Woolworths",
    "weight": "10G",
    "prices": [
      {
        "state": "NSW",
        "price": "600",
        "price_per_unit": "1000",
        "price_unit": "G"
      },
      {
        "state": "VIC",
        "price": "600",
        "price_per_unit": "1000",
        "price_unit": "G"
      },
      {
        "state": "WA",
        "price": "600",
        "price_per_unit": "1000",
        "price_unit": "G"
      },
      {
        "state": "SA",
        "price": "600",
        "price_per_unit": "1000",
        "price_unit": "G"
      },
      {
        "state": "TAS",
        "price": "600",
        "price_per_unit": "1000",
        "price_unit": "G"
      },
      {
        "state": "ACT",
        "price": "600",
        "price_per_unit": "1000",
        "price_unit": "G"
      },
      {
        "state": "NT",
        "price": "600",
        "price_per_unit": "1000",
        "price_unit": "G"
      }
    ]
  },
  {
    "source_url": "https://www.woolworths.com.au/shop/productdetails/142893/blistex-ultra-lip-balm-spf50-",
    "name": "Blistex Ultra Lip Balm Spf50+ 4.25g",
    "image_url": "https://cdn1.woolworths.media/content/wowproductimages/large/142893.jpg",
    "source_id": "Woolworths - 142893",
    "barcode": "9313501031130",
    "category_id": "1_894D0A8",
    "shop": "Woolworths",
    "weight": "10G",
    "prices": [
      {
        "state": "NSW",
        "price": "500",
        "price_per_unit": "1176",
        "price_unit": "G"
      },
      {
        "state": "VIC",
        "price": "500",
        "price_per_unit": "1176",
        "price_unit": "G"
      },
      {
        "state": "QLD",
        "price": "500",
        "price_per_unit": "1176",
        "price_unit": "G"
      },
      {
        "state": "WA",
        "price": "500",
        "price_per_unit": "1176",
        "price_unit": "G"
      },
      {
        "state": "SA",
        "price": "500",
        "price_per_unit": "1176",
        "price_unit": "G"
      },
      {
        "state": "TAS",
        "price": "500",
        "price_per_unit": "1176",
        "price_unit": "G"
      },
      {
        "state": "ACT",
        "price": "500",
        "price_per_unit": "1176",
        "price_unit": "G"
      },
      {
        "state": "NT",
        "price": "520",
        "price_per_unit": "1224",
        "price_unit": "G"
      }
    ]
  },
  {
    "source_url": "https://www.woolworths.com.au/shop/productdetails/325463/burt-s-bees-beeswax-lip-balm",
    "name": "Burt's Bees Beeswax Lip Balm 4.25g",
    "image_url": "https://cdn1.woolworths.media/content/wowproductimages/large/325463.jpg",
    "source_id": "Woolworths - 325463",
    "barcode": "792850140998",
    "category_id": "1_894D0A8",
    "shop": "Woolworths",
    "weight": "10G",
    "prices": [
      {
        "state": "NSW",
        "price": "550",
        "price_per_unit": "1294",
        "price_unit": "G"
      },
      {
        "state": "VIC",
        "price": "550",
        "price_per_unit": "1294",
        "price_unit": "G"
      },
      {
        "state": "QLD",
        "price": "550",
        "price_per_unit": "1294",
        "price_unit": "G"
      },
      {
        "state": "WA",
        "price": "550",
        "price_per_unit": "1294",
        "price_unit": "G"
      },
      {
        "state": "TAS",
        "price": "550",
        "price_per_unit": "1294",
        "price_unit": "G"
      },
      {
        "state": "ACT",
        "price": "550",
        "price_per_unit": "1294",
        "price_unit": "G"
      },
      {
        "state": "NT",
        "price": "550",
        "price_per_unit": "1294",
        "price_unit": "G"
      }
    ]
  },
  {
    "source_url": "https://www.woolworths.com.au/shop/productdetails/809172/burt-s-bees-moisturising-lip-balm-stick-ultra-conditioning",
    "name": "Burt's Bees Moisturising Lip Balm Stick Ultra Conditioning 4.25g",
    "image_url": "https://cdn1.woolworths.media/content/wowproductimages/large/809172.jpg",
    "source_id": "Woolworths - 809172",
    "barcode": "792850012226",
    "category_id": "1_894D0A8",
    "shop": "Woolworths",
    "weight": "100G",
    "prices": [
      {
        "state": "NSW",
        "price": "550",
        "price_per_unit": "12941",
        "price_unit": "G"
      },
      {
        "state": "VIC",
        "price": "550",
        "price_per_unit": "12941",
        "price_unit": "G"
      },
      {
        "state": "QLD",
        "price": "550",
        "price_per_unit": "12941",
        "price_unit": "G"
      },
      {
        "state": "WA",
        "price": "550",
        "price_per_unit": "12941",
        "price_unit": "G"
      },
      {
        "state": "SA",
        "price": "550",
        "price_per_unit": "12941",
        "price_unit": "G"
      },
      {
        "state": "TAS",
        "price": "550",
        "price_per_unit": "12941",
        "price_unit": "G"
      },
      {
        "state": "ACT",
        "price": "550",
        "price_per_unit": "12941",
        "price_unit": "G"
      },
      {
        "state": "NT",
        "price": "550",
        "price_per_unit": "12941",
        "price_unit": "G"
      }
    ]
  },
  {
    "source_url": "https://www.woolworths.com.au/shop/productdetails/942423/burt-s-bees-moisturising-lip-balm-vanilla-bean",
    "name": "Burt's Bees Moisturising Lip Balm Vanilla Bean 4.25g",
    "image_url": "https://cdn1.woolworths.media/content/wowproductimages/large/942423.jpg",
    "source_id": "Woolworths - 942423",
    "barcode": "792850026759",
    "category_id": "1_894D0A8",
    "shop": "Woolworths",
    "weight": "10G",
    "prices": [
      {
        "state": "NSW",
        "price": "550",
        "price_per_unit": "1294",
        "price_unit": "G"
      },
      {
        "state": "VIC",
        "price": "550",
        "price_per_unit": "1294",
        "price_unit": "G"
      },
      {
        "state": "QLD",
        "price": "550",
        "price_per_unit": "1294",
        "price_unit": "G"
      },
      {
        "state": "WA",
        "price": "550",
        "price_per_unit": "1294",
        "price_unit": "G"
      },
      {
        "state": "SA",
        "price": "550",
        "price_per_unit": "1294",
        "price_unit": "G"
      },
      {
        "state": "TAS",
        "price": "550",
        "price_per_unit": "1294",
        "price_unit": "G"
      },
      {
        "state": "ACT",
        "price": "550",
        "price_per_unit": "1294",
        "price_unit": "G"
      },
      {
        "state": "NT",
        "price": "550",
        "price_per_unit": "1294",
        "price_unit": "G"
      }
    ]
  },
  {
    "source_url": "https://www.woolworths.com.au/shop/productdetails/57400/burt-s-bees-moisturising-lip-balm-watermelon",
    "name": "Burt's Bees Moisturising Lip Balm Watermelon 4.25g",
    "image_url": "https://cdn1.woolworths.media/content/wowproductimages/large/057400.jpg",
    "source_id": "Woolworths - 57400",
    "barcode": "792850906808",
    "category_id": "1_894D0A8",
    "shop": "Woolworths",
    "weight": "10G",
    "prices": [
      {
        "state": "NSW",
        "price": "550",
        "price_per_unit": "1294",
        "price_unit": "G"
      },
      {
        "state": "VIC",
        "price": "550",
        "price_per_unit": "1294",
        "price_unit": "G"
      },
      {
        "state": "QLD",
        "price": "550",
        "price_per_unit": "1294",
        "price_unit": "G"
      },
      {
        "state": "WA",
        "price": "550",
        "price_per_unit": "1294",
        "price_unit": "G"
      },
      {
        "state": "SA",
        "price": "550",
        "price_per_unit": "1294",
        "price_unit": "G"
      },
      {
        "state": "TAS",
        "price": "550",
        "price_per_unit": "1294",
        "price_unit": "G"
      },
      {
        "state": "ACT",
        "price": "550",
        "price_per_unit": "1294",
        "price_unit": "G"
      },
      {
        "state": "NT",
        "price": "550",
        "price_per_unit": "1294",
        "price_unit": "G"
      }
    ]
  },
  {
    "source_url": "https://www.woolworths.com.au/shop/productdetails/715787/carmex-lip-balm-moisturising-jar",
    "name": "Carmex Lip Balm Moisturising Jar 7.5g",
    "image_url": "https://cdn1.woolworths.media/content/wowproductimages/large/715787.jpg",
    "source_id": "Woolworths - 715787",
    "barcode": "83078111250",
    "category_id": "1_894D0A8",
    "shop": "Woolworths",
    "weight": "10G",
    "prices": [
      {
        "state": "NSW",
        "price": "600",
        "price_per_unit": "800",
        "price_unit": "G"
      },
      {
        "state": "WA",
        "price": "600",
        "price_per_unit": "800",
        "price_unit": "G"
      },
      {
        "state": "ACT",
        "price": "600",
        "price_per_unit": "800",
        "price_unit": "G"
      }
    ]
  },
  {
    "source_url": "https://www.woolworths.com.au/shop/productdetails/343437/carmex-lip-balm-squeeze-tube",
    "name": "Carmex Lip Balm Squeeze Tube 10g",
    "image_url": "https://cdn1.woolworths.media/content/wowproductimages/large/343437.jpg",
    "source_id": "Woolworths - 343437",
    "barcode": "83078000028",
    "category_id": "1_894D0A8",
    "shop": "Woolworths",
    "weight": "10G",
    "prices": [
      {
        "state": "NSW",
        "price": "600",
        "price_per_unit": "600",
        "price_unit": "G"
      },
      {
        "state": "VIC",
        "price": "600",
        "price_per_unit": "600",
        "price_unit": "G"
      },
      {
        "state": "QLD",
        "price": "600",
        "price_per_unit": "600",
        "price_unit": "G"
      },
      {
        "state": "WA",
        "price": "600",
        "price_per_unit": "600",
        "price_unit": "G"
      },
      {
        "state": "SA",
        "price": "600",
        "price_per_unit": "600",
        "price_unit": "G"
      },
      {
        "state": "TAS",
        "price": "600",
        "price_per_unit": "600",
        "price_unit": "G"
      },
      {
        "state": "ACT",
        "price": "600",
        "price_per_unit": "600",
        "price_unit": "G"
      },
      {
        "state": "NT",
        "price": "630",
        "price_per_unit": "630",
        "price_unit": "G"
      }
    ]
  },
  {
    "source_url": "https://www.woolworths.com.au/shop/productdetails/908331/carmex-minis-lip-balm",
    "name": "Carmex Minis Lip Balm 3 pack",
    "image_url": "https://cdn1.woolworths.media/content/wowproductimages/large/908331.jpg",
    "source_id": "Woolworths - 908331",
    "barcode": "83078020156",
    "category_id": "1_894D0A8",
    "shop": "Woolworths",
    "weight": "10G",
    "prices": [
      {
        "state": "NSW",
        "price": "900",
        "price_per_unit": "600",
        "price_unit": "G"
      },
      {
        "state": "VIC",
        "price": "900",
        "price_per_unit": "600",
        "price_unit": "G"
      },
      {
        "state": "WA",
        "price": "900",
        "price_per_unit": "600",
        "price_unit": "G"
      },
      {
        "state": "SA",
        "price": "900",
        "price_per_unit": "600",
        "price_unit": "G"
      },
      {
        "state": "TAS",
        "price": "900",
        "price_per_unit": "600",
        "price_unit": "G"
      },
      {
        "state": "ACT",
        "price": "900",
        "price_per_unit": "600",
        "price_unit": "G"
      },
      {
        "state": "NT",
        "price": "900",
        "price_per_unit": "600",
        "price_unit": "G"
      }
    ]
  },
  {
    "source_url": "https://www.woolworths.com.au/shop/productdetails/35629/chapstick-conditioner-lip-balm-with-spf-15-sunscreen",
    "name": "Chapstick Conditioner Lip Balm With Spf 15+ Sunscreen 4.2g",
    "image_url": "https://cdn1.woolworths.media/content/wowproductimages/large/035629.jpg",
    "source_id": "Woolworths - 35629",
    "barcode": "9300673869715",
    "category_id": "1_894D0A8",
    "shop": "Woolworths",
    "weight": "10G",
    "prices": [
      {
        "state": "NSW",
        "price": "450",
        "price_per_unit": "1071",
        "price_unit": "G"
      },
      {
        "state": "VIC",
        "price": "450",
        "price_per_unit": "1071",
        "price_unit": "G"
      },
      {
        "state": "QLD",
        "price": "450",
        "price_per_unit": "1071",
        "price_unit": "G"
      },
      {
        "state": "WA",
        "price": "450",
        "price_per_unit": "1071",
        "price_unit": "G"
      },
      {
        "state": "SA",
        "price": "450",
        "price_per_unit": "1071",
        "price_unit": "G"
      },
      {
        "state": "TAS",
        "price": "450",
        "price_per_unit": "1071",
        "price_unit": "G"
      },
      {
        "state": "ACT",
        "price": "450",
        "price_per_unit": "1071",
        "price_unit": "G"
      },
      {
        "state": "NT",
        "price": "450",
        "price_per_unit": "1071",
        "price_unit": "G"
      }
    ]
  },
  {
    "source_url": "https://www.woolworths.com.au/shop/productdetails/38698/chapstick-strawberry-lip-balm-with-spf-15-sunscreen",
    "name": "Chapstick Strawberry Lip Balm With Spf 15+ Sunscreen 4.2g",
    "image_url": "https://cdn1.woolworths.media/content/wowproductimages/large/038698.jpg",
    "source_id": "Woolworths - 38698",
    "barcode": "9300673869548",
    "category_id": "1_894D0A8",
    "shop": "Woolworths",
    "weight": "10G",
    "prices": [
      {
        "state": "NSW",
        "price": "450",
        "price_per_unit": "1071",
        "price_unit": "G"
      },
      {
        "state": "WA",
        "price": "450",
        "price_per_unit": "1071",
        "price_unit": "G"
      },
      {
        "state": "ACT",
        "price": "450",
        "price_per_unit": "1071",
        "price_unit": "G"
      }
    ]
  },
  {
    "source_url": "https://www.woolworths.com.au/shop/productdetails/108822/dermal-therapy-lip-balm",
    "name": "Dermal Therapy Lip Balm 10g",
    "image_url": "https://cdn1.woolworths.media/content/wowproductimages/large/108822.jpg",
    "source_id": "Woolworths - 108822",
    "barcode": "9329224000773",
    "category_id": "1_894D0A8",
    "shop": "Woolworths",
    "weight": "10G",
    "prices": [
      {
        "state": "NSW",
        "price": "600",
        "price_per_unit": "600",
        "price_unit": "G"
      },
      {
        "state": "VIC",
        "price": "600",
        "price_per_unit": "600",
        "price_unit": "G"
      },
      {
        "state": "QLD",
        "price": "600",
        "price_per_unit": "600",
        "price_unit": "G"
      },
      {
        "state": "WA",
        "price": "600",
        "price_per_unit": "600",
        "price_unit": "G"
      },
      {
        "state": "SA",
        "price": "600",
        "price_per_unit": "600",
        "price_unit": "G"
      },
      {
        "state": "TAS",
        "price": "600",
        "price_per_unit": "600",
        "price_unit": "G"
      },
      {
        "state": "ACT",
        "price": "600",
        "price_per_unit": "600",
        "price_unit": "G"
      },
      {
        "state": "NT",
        "price": "600",
        "price_per_unit": "600",
        "price_unit": "G"
      }
    ]
  },
  {
    "source_url": "https://www.woolworths.com.au/shop/productdetails/277131/dermal-therapy-lip-balm-berry",
    "name": "Dermal Therapy Lip Balm Berry 10g",
    "image_url": "https://cdn1.woolworths.media/content/wowproductimages/large/277131.jpg",
    "source_id": "Woolworths - 277131",
    "barcode": "9329224002463",
    "category_id": "1_894D0A8",
    "shop": "Woolworths",
    "weight": "10G",
    "prices": [
      {
        "state": "NSW",
        "price": "600",
        "price_per_unit": "600",
        "price_unit": "G"
      },
      {
        "state": "VIC",
        "price": "600",
        "price_per_unit": "600",
        "price_unit": "G"
      },
      {
        "state": "QLD",
        "price": "600",
        "price_per_unit": "600",
        "price_unit": "G"
      },
      {
        "state": "WA",
        "price": "600",
        "price_per_unit": "600",
        "price_unit": "G"
      },
      {
        "state": "SA",
        "price": "600",
        "price_per_unit": "600",
        "price_unit": "G"
      },
      {
        "state": "TAS",
        "price": "600",
        "price_per_unit": "600",
        "price_unit": "G"
      },
      {
        "state": "ACT",
        "price": "600",
        "price_per_unit": "600",
        "price_unit": "G"
      },
      {
        "state": "NT",
        "price": "600",
        "price_per_unit": "600",
        "price_unit": "G"
      }
    ]
  },
  {
    "source_url": "https://www.woolworths.com.au/shop/productdetails/277737/dermal-therapy-lip-balm-enriched-with-paw-paw",
    "name": "Dermal Therapy Lip Balm Enriched With Paw Paw 10g",
    "image_url": "https://cdn1.woolworths.media/content/wowproductimages/large/277737.jpg",
    "source_id": "Woolworths - 277737",
    "barcode": "9329224002555",
    "category_id": "1_894D0A8",
    "shop": "Woolworths",
    "weight": "10G",
    "prices": [
      {
        "state": "NSW",
        "price": "700",
        "price_per_unit": "700",
        "price_unit": "G"
      },
      {
        "state": "VIC",
        "price": "700",
        "price_per_unit": "700",
        "price_unit": "G"
      },
      {
        "state": "WA",
        "price": "700",
        "price_per_unit": "700",
        "price_unit": "G"
      },
      {
        "state": "SA",
        "price": "700",
        "price_per_unit": "700",
        "price_unit": "G"
      },
      {
        "state": "TAS",
        "price": "700",
        "price_per_unit": "700",
        "price_unit": "G"
      },
      {
        "state": "ACT",
        "price": "700",
        "price_per_unit": "700",
        "price_unit": "G"
      },
      {
        "state": "NT",
        "price": "700",
        "price_per_unit": "700",
        "price_unit": "G"
      }
    ]
  },
  {
    "source_url": "https://www.woolworths.com.au/shop/productdetails/938830/dermal-therapy-lip-balm-sensitive-tube",
    "name": "Dermal Therapy Lip Balm Sensitive Tube 10g",
    "image_url": "https://cdn1.woolworths.media/content/wowproductimages/large/938830.jpg",
    "source_id": "Woolworths - 938830",
    "barcode": "9329224003460",
    "category_id": "1_894D0A8",
    "shop": "Woolworths",
    "weight": "100G",
    "prices": [
      {
        "state": "NSW",
        "price": "700",
        "price_per_unit": "7000",
        "price_unit": "G"
      },
      {
        "state": "VIC",
        "price": "700",
        "price_per_unit": "7000",
        "price_unit": "G"
      },
      {
        "state": "QLD",
        "price": "700",
        "price_per_unit": "7000",
        "price_unit": "G"
      },
      {
        "state": "WA",
        "price": "700",
        "price_per_unit": "7000",
        "price_unit": "G"
      },
      {
        "state": "SA",
        "price": "700",
        "price_per_unit": "7000",
        "price_unit": "G"
      },
      {
        "state": "TAS",
        "price": "700",
        "price_per_unit": "7000",
        "price_unit": "G"
      },
      {
        "state": "ACT",
        "price": "700",
        "price_per_unit": "7000",
        "price_unit": "G"
      },
      {
        "state": "NT",
        "price": "700",
        "price_per_unit": "7000",
        "price_unit": "G"
      }
    ]
  },
  {
    "source_url": "https://www.woolworths.com.au/shop/productdetails/914667/dermal-therapy-lip-balm-ultra-moisturising-stick",
    "name": "Dermal Therapy Lip Balm Ultra Moisturising Stick 4.8g",
    "image_url": "https://cdn1.woolworths.media/content/wowproductimages/large/914667.jpg",
    "source_id": "Woolworths - 914667",
    "barcode": "9329224002241",
    "category_id": "1_894D0A8",
    "shop": "Woolworths",
    "weight": "0",
    "prices": [
      {
        "state": "NSW",
        "price": "650",
        "price_per_unit": null,
        "price_unit": ""
      },
      {
        "state": "VIC",
        "price": "650",
        "price_per_unit": null,
        "price_unit": ""
      },
      {
        "state": "WA",
        "price": "650",
        "price_per_unit": null,
        "price_unit": ""
      },
      {
        "state": "SA",
        "price": "650",
        "price_per_unit": null,
        "price_unit": ""
      },
      {
        "state": "TAS",
        "price": "650",
        "price_per_unit": null,
        "price_unit": ""
      },
      {
        "state": "ACT",
        "price": "650",
        "price_per_unit": null,
        "price_unit": ""
      },
      {
        "state": "NT",
        "price": "650",
        "price_per_unit": null,
        "price_unit": ""
      }
    ]
  },
  {
    "source_url": "https://www.woolworths.com.au/shop/productdetails/914662/dermal-therapy-lip-balm-with-manuka-honey-tube",
    "name": "Dermal Therapy Lip Balm With Manuka Honey Tube 10g",
    "image_url": "https://cdn1.woolworths.media/content/wowproductimages/large/914662.jpg",
    "source_id": "Woolworths - 914662",
    "barcode": "9329224003071",
    "category_id": "1_894D0A8",
    "shop": "Woolworths",
    "weight": "100G",
    "prices": [
      {
        "state": "NSW",
        "price": "700",
        "price_per_unit": "7000",
        "price_unit": "G"
      },
      {
        "state": "VIC",
        "price": "700",
        "price_per_unit": "7000",
        "price_unit": "G"
      },
      {
        "state": "QLD",
        "price": "700",
        "price_per_unit": "7000",
        "price_unit": "G"
      },
      {
        "state": "WA",
        "price": "700",
        "price_per_unit": "7000",
        "price_unit": "G"
      },
      {
        "state": "SA",
        "price": "700",
        "price_per_unit": "7000",
        "price_unit": "G"
      },
      {
        "state": "TAS",
        "price": "700",
        "price_per_unit": "7000",
        "price_unit": "G"
      },
      {
        "state": "ACT",
        "price": "700",
        "price_per_unit": "7000",
        "price_unit": "G"
      },
      {
        "state": "NT",
        "price": "700",
        "price_per_unit": "7000",
        "price_unit": "G"
      }
    ]
  },
  {
    "source_url": "https://www.woolworths.com.au/shop/productdetails/458553/dermal-therapy-overnight-lip-repair-hydrating-mask",
    "name": "Dermal Therapy Overnight Lip Repair Hydrating Mask 10g",
    "image_url": "https://cdn1.woolworths.media/content/wowproductimages/large/458553.jpg",
    "source_id": "Woolworths - 458553",
    "barcode": "9329224003477",
    "category_id": "1_894D0A8",
    "shop": "Woolworths",
    "weight": "10G",
    "prices": [
      {
        "state": "NSW",
        "price": "1200",
        "price_per_unit": "1200",
        "price_unit": "G"
      },
      {
        "state": "VIC",
        "price": "1200",
        "price_per_unit": "1200",
        "price_unit": "G"
      },
      {
        "state": "WA",
        "price": "1200",
        "price_per_unit": "1200",
        "price_unit": "G"
      },
      {
        "state": "SA",
        "price": "1200",
        "price_per_unit": "1200",
        "price_unit": "G"
      },
      {
        "state": "TAS",
        "price": "1200",
        "price_per_unit": "1200",
        "price_unit": "G"
      },
      {
        "state": "ACT",
        "price": "1200",
        "price_per_unit": "1200",
        "price_unit": "G"
      }
    ]
  },
  {
    "source_url": "https://www.woolworths.com.au/shop/productdetails/276201/dermal-therapy-spf-50-lip-balm",
    "name": "Dermal Therapy Spf 50+ Lip Balm 10g",
    "image_url": "https://cdn1.woolworths.media/content/wowproductimages/large/276201.jpg",
    "source_id": "Woolworths - 276201",
    "barcode": "9329224002524",
    "category_id": "1_894D0A8",
    "shop": "Woolworths",
    "weight": "10G",
    "prices": [
      {
        "state": "NSW",
        "price": "700",
        "price_per_unit": "700",
        "price_unit": "G"
      },
      {
        "state": "VIC",
        "price": "700",
        "price_per_unit": "700",
        "price_unit": "G"
      },
      {
        "state": "QLD",
        "price": "700",
        "price_per_unit": "700",
        "price_unit": "G"
      },
      {
        "state": "WA",
        "price": "700",
        "price_per_unit": "700",
        "price_unit": "G"
      },
      {
        "state": "SA",
        "price": "700",
        "price_per_unit": "700",
        "price_unit": "G"
      },
      {
        "state": "TAS",
        "price": "700",
        "price_per_unit": "700",
        "price_unit": "G"
      },
      {
        "state": "ACT",
        "price": "700",
        "price_per_unit": "700",
        "price_unit": "G"
      },
      {
        "state": "NT",
        "price": "700",
        "price_per_unit": "700",
        "price_unit": "G"
      }
    ]
  },
  {
    "source_url": "https://www.woolworths.com.au/shop/productdetails/80324/help-hand-pawpaw-ointment",
    "name": "Help@Hand Pawpaw Ointment 25g",
    "image_url": "https://cdn1.woolworths.media/content/wowproductimages/large/080324.jpg",
    "source_id": "Woolworths - 80324",
    "barcode": "9339687156481",
    "category_id": "1_894D0A8",
    "shop": "Woolworths",
    "weight": "100G",
    "prices": [
      {
        "state": "NSW",
        "price": "270",
        "price_per_unit": "1080",
        "price_unit": "G"
      },
      {
        "state": "VIC",
        "price": "270",
        "price_per_unit": "1080",
        "price_unit": "G"
      },
      {
        "state": "WA",
        "price": "270",
        "price_per_unit": "1080",
        "price_unit": "G"
      },
      {
        "state": "SA",
        "price": "270",
        "price_per_unit": "1080",
        "price_unit": "G"
      },
      {
        "state": "TAS",
        "price": "270",
        "price_per_unit": "1080",
        "price_unit": "G"
      },
      {
        "state": "ACT",
        "price": "270",
        "price_per_unit": "1080",
        "price_unit": "G"
      }
    ]
  },
  {
    "source_url": "https://www.woolworths.com.au/shop/productdetails/133879/help-hand-white-petroleum-jelly",
    "name": "Help@Hand White Petroleum Jelly 200g",
    "image_url": "https://cdn1.woolworths.media/content/wowproductimages/large/133879.jpg",
    "source_id": "Woolworths - 133879",
    "barcode": "9339687223817",
    "category_id": "1_894D0A8",
    "shop": "Woolworths",
    "weight": "100G",
    "prices": [
      {
        "state": "NSW",
        "price": "275",
        "price_per_unit": "138",
        "price_unit": "G"
      },
      {
        "state": "VIC",
        "price": "275",
        "price_per_unit": "138",
        "price_unit": "G"
      },
      {
        "state": "QLD",
        "price": "275",
        "price_per_unit": "138",
        "price_unit": "G"
      },
      {
        "state": "WA",
        "price": "275",
        "price_per_unit": "138",
        "price_unit": "G"
      },
      {
        "state": "SA",
        "price": "275",
        "price_per_unit": "138",
        "price_unit": "G"
      },
      {
        "state": "TAS",
        "price": "275",
        "price_per_unit": "138",
        "price_unit": "G"
      },
      {
        "state": "ACT",
        "price": "275",
        "price_per_unit": "138",
        "price_unit": "G"
      },
      {
        "state": "NT",
        "price": "275",
        "price_per_unit": "138",
        "price_unit": "G"
      }
    ]
  },
  {
    "source_url": "https://www.woolworths.com.au/shop/productdetails/683841/lip-smacker-balm-unicorn",
    "name": "Lip Smacker Balm Unicorn Each",
    "image_url": "https://cdn1.woolworths.media/content/wowproductimages/large/683841.jpg",
    "source_id": "Woolworths - 683841",
    "barcode": "50051807936",
    "category_id": "1_894D0A8",
    "shop": "Woolworths",
    "weight": "1EA",
    "prices": [
      {
        "state": "NSW",
        "price": "600",
        "price_per_unit": "600",
        "price_unit": "EA"
      },
      {
        "state": "WA",
        "price": "600",
        "price_per_unit": "600",
        "price_unit": "EA"
      }
    ]
  },
  {
    "source_url": "https://www.woolworths.com.au/shop/productdetails/310923/lip-smacker-lip-gloss-coca-cola",
    "name": "Lip Smacker Lip Gloss Coca-Cola 4g",
    "image_url": "https://cdn1.woolworths.media/content/wowproductimages/large/310923.jpg",
    "source_id": "Woolworths - 310923",
    "barcode": "9313395264812",
    "category_id": "1_894D0A8",
    "shop": "Woolworths",
    "weight": "10G",
    "prices": [
      {
        "state": "NSW",
        "price": "335",
        "price_per_unit": "838",
        "price_unit": "G"
      },
      {
        "state": "WA",
        "price": "335",
        "price_per_unit": "838",
        "price_unit": "G"
      }
    ]
  },
  {
    "source_url": "https://www.woolworths.com.au/shop/productdetails/766143/lucas-papaw-lip-balm-applicator",
    "name": "Lucas' Papaw Lip Balm Applicator 15g",
    "image_url": "https://cdn1.woolworths.media/content/wowproductimages/large/766143.jpg",
    "source_id": "Woolworths - 766143",
    "barcode": "93542807",
    "category_id": "1_894D0A8",
    "shop": "Woolworths",
    "weight": "10G",
    "prices": [
      {
        "state": "NSW",
        "price": "680",
        "price_per_unit": "453",
        "price_unit": "G"
      },
      {
        "state": "VIC",
        "price": "680",
        "price_per_unit": "453",
        "price_unit": "G"
      },
      {
        "state": "QLD",
        "price": "680",
        "price_per_unit": "453",
        "price_unit": "G"
      },
      {
        "state": "WA",
        "price": "680",
        "price_per_unit": "453",
        "price_unit": "G"
      },
      {
        "state": "SA",
        "price": "680",
        "price_per_unit": "453",
        "price_unit": "G"
      },
      {
        "state": "TAS",
        "price": "680",
        "price_per_unit": "453",
        "price_unit": "G"
      },
      {
        "state": "ACT",
        "price": "680",
        "price_per_unit": "453",
        "price_unit": "G"
      }
    ]
  },
  {
    "source_url": "https://www.woolworths.com.au/shop/productdetails/343488/lucas-papaw-lip-care-ointment",
    "name": "Lucas' Papaw Lip Care Ointment 25g",
    "image_url": "https://cdn1.woolworths.media/content/wowproductimages/large/343488.jpg",
    "source_id": "Woolworths - 343488",
    "barcode": "9316199000037",
    "category_id": "1_894D0A8",
    "shop": "Woolworths",
    "weight": "10G",
    "prices": [
      {
        "state": "NSW",
        "price": "960",
        "price_per_unit": "384",
        "price_unit": "G"
      },
      {
        "state": "QLD",
        "price": "960",
        "price_per_unit": "384",
        "price_unit": "G"
      },
      {
        "state": "WA",
        "price": "960",
        "price_per_unit": "384",
        "price_unit": "G"
      },
      {
        "state": "SA",
        "price": "960",
        "price_per_unit": "384",
        "price_unit": "G"
      },
      {
        "state": "TAS",
        "price": "960",
        "price_per_unit": "384",
        "price_unit": "G"
      },
      {
        "state": "ACT",
        "price": "960",
        "price_per_unit": "384",
        "price_unit": "G"
      },
      {
        "state": "NT",
        "price": "960",
        "price_per_unit": "384",
        "price_unit": "G"
      }
    ]
  },
  {
    "source_url": "https://www.woolworths.com.au/shop/productdetails/59187/lucas-papaw-lip-care-ointment",
    "name": "Lucas' Papaw Lip Care Ointment 75g",
    "image_url": "https://cdn1.woolworths.media/content/wowproductimages/large/059187.jpg",
    "source_id": "Woolworths - 59187",
    "barcode": "93304917",
    "category_id": "1_894D0A8",
    "shop": "Woolworths",
    "weight": "100G",
    "prices": [
      {
        "state": "NSW",
        "price": "1950",
        "price_per_unit": "2600",
        "price_unit": "G"
      },
      {
        "state": "VIC",
        "price": "1950",
        "price_per_unit": "2600",
        "price_unit": "G"
      },
      {
        "state": "QLD",
        "price": "1950",
        "price_per_unit": "2600",
        "price_unit": "G"
      },
      {
        "state": "WA",
        "price": "1950",
        "price_per_unit": "2600",
        "price_unit": "G"
      },
      {
        "state": "SA",
        "price": "1950",
        "price_per_unit": "2600",
        "price_unit": "G"
      },
      {
        "state": "TAS",
        "price": "1950",
        "price_per_unit": "2600",
        "price_unit": "G"
      },
      {
        "state": "NT",
        "price": "1950",
        "price_per_unit": "2600",
        "price_unit": "G"
      }
    ]
  },
  {
    "source_url": "https://www.woolworths.com.au/shop/productdetails/205926/nivea-fruity-shine-strawberry-lip-balm",
    "name": "Nivea Fruity Shine Strawberry Lip Balm 48g",
    "image_url": "https://cdn1.woolworths.media/content/wowproductimages/large/205926.jpg",
    "source_id": "Woolworths - 205926",
    "barcode": "4005808369836",
    "category_id": "1_894D0A8",
    "shop": "Woolworths",
    "weight": "10G",
    "prices": [
      {
        "state": "NSW",
        "price": "500",
        "price_per_unit": "1042",
        "price_unit": "G"
      },
      {
        "state": "VIC",
        "price": "500",
        "price_per_unit": "1042",
        "price_unit": "G"
      },
      {
        "state": "QLD",
        "price": "500",
        "price_per_unit": "1042",
        "price_unit": "G"
      },
      {
        "state": "WA",
        "price": "500",
        "price_per_unit": "1042",
        "price_unit": "G"
      },
      {
        "state": "SA",
        "price": "500",
        "price_per_unit": "1042",
        "price_unit": "G"
      },
      {
        "state": "TAS",
        "price": "500",
        "price_per_unit": "1042",
        "price_unit": "G"
      },
      {
        "state": "ACT",
        "price": "500",
        "price_per_unit": "1042",
        "price_unit": "G"
      },
      {
        "state": "NT",
        "price": "500",
        "price_per_unit": "1042",
        "price_unit": "G"
      }
    ]
  },
  {
    "source_url": "https://www.woolworths.com.au/shop/productdetails/938949/nivea-lip-care-protection-spf-50-",
    "name": "Nivea Lip Care & Protection SPF 50+ 4.8g",
    "image_url": "https://cdn1.woolworths.media/content/wowproductimages/large/938949.jpg",
    "source_id": "Woolworths - 938949",
    "barcode": "4006000078571",
    "category_id": "1_894D0A8",
    "shop": "Woolworths",
    "weight": "100G",
    "prices": [
      {
        "state": "NSW",
        "price": "500",
        "price_per_unit": "10417",
        "price_unit": "G"
      },
      {
        "state": "VIC",
        "price": "500",
        "price_per_unit": "10417",
        "price_unit": "G"
      },
      {
        "state": "WA",
        "price": "500",
        "price_per_unit": "10417",
        "price_unit": "G"
      },
      {
        "state": "SA",
        "price": "500",
        "price_per_unit": "10417",
        "price_unit": "G"
      },
      {
        "state": "TAS",
        "price": "500",
        "price_per_unit": "10417",
        "price_unit": "G"
      },
      {
        "state": "ACT",
        "price": "500",
        "price_per_unit": "10417",
        "price_unit": "G"
      }
    ]
  },
  {
    "source_url": "https://www.woolworths.com.au/shop/productdetails/229472/nivea-lip-care-pomegranate-shine-lip-balm-for-dry-lips",
    "name": "Nivea Lip Care Pomegranate Shine Lip Balm For Dry Lips 4.8g",
    "image_url": "https://cdn1.woolworths.media/content/wowproductimages/large/229472.jpg",
    "source_id": "Woolworths - 229472",
    "barcode": "4005900927958",
    "category_id": "1_894D0A8",
    "shop": "Woolworths",
    "weight": "10G",
    "prices": [
      {
        "state": "NSW",
        "price": "500",
        "price_per_unit": "1042",
        "price_unit": "G"
      },
      {
        "state": "WA",
        "price": "500",
        "price_per_unit": "1042",
        "price_unit": "G"
      },
      {
        "state": "ACT",
        "price": "500",
        "price_per_unit": "1042",
        "price_unit": "G"
      }
    ]
  },
  {
    "source_url": "https://www.woolworths.com.au/shop/productdetails/103147/nivea-lip-care-watermelon-shine-lip-balm-for-dry-lips",
    "name": "Nivea Lip Care Watermelon Shine Lip Balm For Dry Lips 4.8g",
    "image_url": "https://cdn1.woolworths.media/content/wowproductimages/large/103147.jpg",
    "source_id": "Woolworths - 103147",
    "barcode": "4005900766670",
    "category_id": "1_894D0A8",
    "shop": "Woolworths",
    "weight": "10G",
    "prices": [
      {
        "state": "NSW",
        "price": "500",
        "price_per_unit": "1042",
        "price_unit": "G"
      },
      {
        "state": "VIC",
        "price": "500",
        "price_per_unit": "1042",
        "price_unit": "G"
      },
      {
        "state": "QLD",
        "price": "500",
        "price_per_unit": "1042",
        "price_unit": "G"
      },
      {
        "state": "WA",
        "price": "500",
        "price_per_unit": "1042",
        "price_unit": "G"
      },
      {
        "state": "SA",
        "price": "500",
        "price_per_unit": "1042",
        "price_unit": "G"
      },
      {
        "state": "TAS",
        "price": "500",
        "price_per_unit": "1042",
        "price_unit": "G"
      },
      {
        "state": "ACT",
        "price": "500",
        "price_per_unit": "1042",
        "price_unit": "G"
      },
      {
        "state": "NT",
        "price": "500",
        "price_per_unit": "1042",
        "price_unit": "G"
      }
    ]
  },
  {
    "source_url": "https://www.woolworths.com.au/shop/productdetails/273110/nivea-lip-hydrocare-lip-balm-with-spf-15-for-dry-cracked-lips",
    "name": "Nivea Lip Hydrocare Lip Balm With SPF 15 For Dry & Cracked Lips 4.8g",
    "image_url": "https://cdn1.woolworths.media/content/wowproductimages/large/273110.jpg",
    "source_id": "Woolworths - 273110",
    "barcode": "4005808369928",
    "category_id": "1_894D0A8",
    "shop": "Woolworths",
    "weight": "10G",
    "prices": [
      {
        "state": "NSW",
        "price": "500",
        "price_per_unit": "1042",
        "price_unit": "G"
      },
      {
        "state": "VIC",
        "price": "500",
        "price_per_unit": "1042",
        "price_unit": "G"
      },
      {
        "state": "QLD",
        "price": "500",
        "price_per_unit": "1042",
        "price_unit": "G"
      },
      {
        "state": "WA",
        "price": "500",
        "price_per_unit": "1042",
        "price_unit": "G"
      },
      {
        "state": "SA",
        "price": "500",
        "price_per_unit": "1042",
        "price_unit": "G"
      },
      {
        "state": "TAS",
        "price": "500",
        "price_per_unit": "1042",
        "price_unit": "G"
      },
      {
        "state": "ACT",
        "price": "500",
        "price_per_unit": "1042",
        "price_unit": "G"
      },
      {
        "state": "NT",
        "price": "500",
        "price_per_unit": "1042",
        "price_unit": "G"
      }
    ]
  },
  {
    "source_url": "https://www.woolworths.com.au/shop/productdetails/567595/nivea-lip-original-moisturising-lip-balm-for-dry-cracked-lips",
    "name": "Nivea Lip Original Moisturising Lip Balm For Dry & Cracked Lips 4.8g",
    "image_url": "https://cdn1.woolworths.media/content/wowproductimages/large/567595.jpg",
    "source_id": "Woolworths - 567595",
    "barcode": "4005900312020",
    "category_id": "1_894D0A8",
    "shop": "Woolworths",
    "weight": "10G",
    "prices": [
      {
        "state": "NSW",
        "price": "500",
        "price_per_unit": "1042",
        "price_unit": "G"
      },
      {
        "state": "VIC",
        "price": "500",
        "price_per_unit": "1042",
        "price_unit": "G"
      },
      {
        "state": "QLD",
        "price": "500",
        "price_per_unit": "1042",
        "price_unit": "G"
      },
      {
        "state": "WA",
        "price": "500",
        "price_per_unit": "1042",
        "price_unit": "G"
      },
      {
        "state": "SA",
        "price": "500",
        "price_per_unit": "1042",
        "price_unit": "G"
      },
      {
        "state": "TAS",
        "price": "500",
        "price_per_unit": "1042",
        "price_unit": "G"
      },
      {
        "state": "ACT",
        "price": "500",
        "price_per_unit": "1042",
        "price_unit": "G"
      },
      {
        "state": "NT",
        "price": "500",
        "price_per_unit": "1042",
        "price_unit": "G"
      }
    ]
  },
  {
    "source_url": "https://www.woolworths.com.au/shop/productdetails/188405/nivea-lip-repair-protect-lip-balm-for-dry-cracked-lips-spf-15",
    "name": "Nivea Lip Repair & Protect Lip Balm For Dry & Cracked Lips SPF 15 4.8g",
    "image_url": "https://cdn1.woolworths.media/content/wowproductimages/large/188405.jpg",
    "source_id": "Woolworths - 188405",
    "barcode": "4005808369607",
    "category_id": "1_894D0A8",
    "shop": "Woolworths",
    "weight": "10G",
    "prices": [
      {
        "state": "NSW",
        "price": "500",
        "price_per_unit": "1042",
        "price_unit": "G"
      },
      {
        "state": "VIC",
        "price": "500",
        "price_per_unit": "1042",
        "price_unit": "G"
      },
      {
        "state": "QLD",
        "price": "500",
        "price_per_unit": "1042",
        "price_unit": "G"
      },
      {
        "state": "WA",
        "price": "500",
        "price_per_unit": "1042",
        "price_unit": "G"
      },
      {
        "state": "SA",
        "price": "500",
        "price_per_unit": "1042",
        "price_unit": "G"
      },
      {
        "state": "TAS",
        "price": "500",
        "price_per_unit": "1042",
        "price_unit": "G"
      },
      {
        "state": "ACT",
        "price": "500",
        "price_per_unit": "1042",
        "price_unit": "G"
      },
      {
        "state": "NT",
        "price": "500",
        "price_per_unit": "1042",
        "price_unit": "G"
      }
    ]
  },
  {
    "source_url": "https://www.woolworths.com.au/shop/productdetails/649768/palmer-s-cocoa-butter-formula-ultra-moisturising-lip-balm",
    "name": "Palmer's Cocoa Butter Formula Ultra Moisturising Lip Balm 4g",
    "image_url": "https://cdn1.woolworths.media/content/wowproductimages/large/649768.jpg",
    "source_id": "Woolworths - 649768",
    "barcode": "10181000089",
    "category_id": "1_894D0A8",
    "shop": "Woolworths",
    "weight": "10G",
    "prices": [
      {
        "state": "NSW",
        "price": "450",
        "price_per_unit": "1125",
        "price_unit": "G"
      },
      {
        "state": "VIC",
        "price": "450",
        "price_per_unit": "1125",
        "price_unit": "G"
      },
      {
        "state": "WA",
        "price": "450",
        "price_per_unit": "1125",
        "price_unit": "G"
      },
      {
        "state": "SA",
        "price": "450",
        "price_per_unit": "1125",
        "price_unit": "G"
      },
      {
        "state": "TAS",
        "price": "450",
        "price_per_unit": "1125",
        "price_unit": "G"
      },
      {
        "state": "ACT",
        "price": "450",
        "price_per_unit": "1125",
        "price_unit": "G"
      },
      {
        "state": "NT",
        "price": "450",
        "price_per_unit": "1125",
        "price_unit": "G"
      }
    ]
  },
  {
    "source_url": "https://www.woolworths.com.au/shop/productdetails/250809/surf-life-saving-lip-balm-spf30-aloe-vera-coconut",
    "name": "Surf Life Saving Lip Balm Spf30 Aloe Vera & Coconut Each",
    "image_url": "https://cdn1.woolworths.media/content/wowproductimages/large/250809.jpg",
    "source_id": "Woolworths - 250809",
    "barcode": "93440271",
    "category_id": "1_894D0A8",
    "shop": "Woolworths",
    "weight": "1EA",
    "prices": [
      {
        "state": "NSW",
        "price": "550",
        "price_per_unit": "550",
        "price_unit": "EA"
      },
      {
        "state": "WA",
        "price": "550",
        "price_per_unit": "550",
        "price_unit": "EA"
      },
      {
        "state": "SA",
        "price": "550",
        "price_per_unit": "550",
        "price_unit": "EA"
      },
      {
        "state": "ACT",
        "price": "550",
        "price_per_unit": "550",
        "price_unit": "EA"
      },
      {
        "state": "NT",
        "price": "550",
        "price_per_unit": "550",
        "price_unit": "EA"
      }
    ]
  },
  {
    "source_url": "https://www.woolworths.com.au/shop/productdetails/218591/vaseline-lip-care-tub-rosy",
    "name": "Vaseline Lip Care Tub Rosy 7g",
    "image_url": "https://cdn1.woolworths.media/content/wowproductimages/large/218591.jpg",
    "source_id": "Woolworths - 218591",
    "barcode": "305210231597",
    "category_id": "1_894D0A8",
    "shop": "Woolworths",
    "weight": "100G",
    "prices": [
      {
        "state": "NSW",
        "price": "500",
        "price_per_unit": "7143",
        "price_unit": "G"
      },
      {
        "state": "VIC",
        "price": "500",
        "price_per_unit": "7143",
        "price_unit": "G"
      },
      {
        "state": "QLD",
        "price": "500",
        "price_per_unit": "7143",
        "price_unit": "G"
      },
      {
        "state": "WA",
        "price": "500",
        "price_per_unit": "7143",
        "price_unit": "G"
      },
      {
        "state": "SA",
        "price": "500",
        "price_per_unit": "7143",
        "price_unit": "G"
      },
      {
        "state": "TAS",
        "price": "500",
        "price_per_unit": "7143",
        "price_unit": "G"
      },
      {
        "state": "ACT",
        "price": "500",
        "price_per_unit": "7143",
        "price_unit": "G"
      },
      {
        "state": "NT",
        "price": "500",
        "price_per_unit": "7143",
        "price_unit": "G"
      }
    ]
  },
  {
    "source_url": "https://www.woolworths.com.au/shop/productdetails/218595/vaseline-lip-therapy-original",
    "name": "Vaseline Lip Therapy Original 4.8g",
    "image_url": "https://cdn1.woolworths.media/content/wowproductimages/large/218595.jpg",
    "source_id": "Woolworths - 218595",
    "barcode": "859581006846",
    "category_id": "1_894D0A8",
    "shop": "Woolworths",
    "weight": "10G",
    "prices": [
      {
        "state": "NSW",
        "price": "450",
        "price_per_unit": "938",
        "price_unit": "G"
      },
      {
        "state": "VIC",
        "price": "450",
        "price_per_unit": "938",
        "price_unit": "G"
      },
      {
        "state": "WA",
        "price": "450",
        "price_per_unit": "938",
        "price_unit": "G"
      },
      {
        "state": "SA",
        "price": "450",
        "price_per_unit": "938",
        "price_unit": "G"
      },
      {
        "state": "TAS",
        "price": "450",
        "price_per_unit": "938",
        "price_unit": "G"
      },
      {
        "state": "ACT",
        "price": "450",
        "price_per_unit": "938",
        "price_unit": "G"
      }
    ]
  },
  {
    "source_url": "https://www.woolworths.com.au/shop/productdetails/218592/vaseline-lip-therapy-original",
    "name": "Vaseline Lip Therapy Original 7g",
    "image_url": "https://cdn1.woolworths.media/content/wowproductimages/large/218592.jpg",
    "source_id": "Woolworths - 218592",
    "barcode": "305210206779",
    "category_id": "1_894D0A8",
    "shop": "Woolworths",
    "weight": "10G",
    "prices": [
      {
        "state": "NSW",
        "price": "500",
        "price_per_unit": "714",
        "price_unit": "G"
      },
      {
        "state": "VIC",
        "price": "500",
        "price_per_unit": "714",
        "price_unit": "G"
      },
      {
        "state": "WA",
        "price": "500",
        "price_per_unit": "714",
        "price_unit": "G"
      },
      {
        "state": "SA",
        "price": "500",
        "price_per_unit": "714",
        "price_unit": "G"
      },
      {
        "state": "TAS",
        "price": "500",
        "price_per_unit": "714",
        "price_unit": "G"
      },
      {
        "state": "ACT",
        "price": "500",
        "price_per_unit": "714",
        "price_unit": "G"
      },
      {
        "state": "NT",
        "price": "500",
        "price_per_unit": "714",
        "price_unit": "G"
      }
    ]
  },
  {
    "source_url": "https://www.woolworths.com.au/shop/productdetails/218593/vaseline-lip-therapy-rosy-lips",
    "name": "Vaseline Lip Therapy Rosy Lips 4.8g",
    "image_url": "https://cdn1.woolworths.media/content/wowproductimages/large/218593.jpg",
    "source_id": "Woolworths - 218593",
    "barcode": "8801619047545",
    "category_id": "1_894D0A8",
    "shop": "Woolworths",
    "weight": "0",
    "prices": [
      {
        "state": "NSW",
        "price": "450",
        "price_per_unit": null,
        "price_unit": ""
      },
      {
        "state": "VIC",
        "price": "450",
        "price_per_unit": null,
        "price_unit": ""
      },
      {
        "state": "QLD",
        "price": "450",
        "price_per_unit": null,
        "price_unit": ""
      },
      {
        "state": "WA",
        "price": "450",
        "price_per_unit": null,
        "price_unit": ""
      },
      {
        "state": "SA",
        "price": "450",
        "price_per_unit": null,
        "price_unit": ""
      },
      {
        "state": "TAS",
        "price": "450",
        "price_per_unit": null,
        "price_unit": ""
      },
      {
        "state": "ACT",
        "price": "450",
        "price_per_unit": null,
        "price_unit": ""
      },
      {
        "state": "NT",
        "price": "450",
        "price_per_unit": null,
        "price_unit": ""
      }
    ]
  },
  {
    "source_url": "https://www.woolworths.com.au/shop/productdetails/37241/vaseline-petroleum-jelly-original-original",
    "name": "Vaseline Petroleum Jelly Original 100g",
    "image_url": "https://cdn1.woolworths.media/content/wowproductimages/large/037241.jpg",
    "source_id": "Woolworths - 37241",
    "barcode": "93201711",
    "category_id": "1_894D0A8",
    "shop": "Woolworths",
    "weight": "100G",
    "prices": [
      {
        "state": "NSW",
        "price": "550",
        "price_per_unit": "550",
        "price_unit": "G"
      },
      {
        "state": "VIC",
        "price": "550",
        "price_per_unit": "550",
        "price_unit": "G"
      },
      {
        "state": "QLD",
        "price": "550",
        "price_per_unit": "550",
        "price_unit": "G"
      },
      {
        "state": "WA",
        "price": "550",
        "price_per_unit": "550",
        "price_unit": "G"
      },
      {
        "state": "SA",
        "price": "550",
        "price_per_unit": "550",
        "price_unit": "G"
      },
      {
        "state": "TAS",
        "price": "550",
        "price_per_unit": "550",
        "price_unit": "G"
      },
      {
        "state": "ACT",
        "price": "550",
        "price_per_unit": "550",
        "price_unit": "G"
      },
      {
        "state": "NT",
        "price": "578",
        "price_per_unit": "578",
        "price_unit": "G"
      }
    ]
  },
  {
    "source_url": "https://www.woolworths.com.au/shop/productdetails/297357/lip-smacker-lip-gloss-assorted",
    "name": "Lip Smacker Lip Gloss Assorted 3 Pack",
    "image_url": "https://cdn1.woolworths.media/content/wowproductimages/large/297357.jpg",
    "source_id": "Woolworths - 297357",
    "barcode": "9313395264829",
    "category_id": "1_894D0A8",
    "shop": "Woolworths",
    "weight": "10G",
    "prices": [
      {
        "state": "WA",
        "price": "825",
        "price_per_unit": "688",
        "price_unit": "G"
      }
    ]
  }
]