[
  {
    "source_url": "https://www.woolworths.com.au/shop/productdetails/176167/anihana-conditioner-bar-honey-vanilla",
    "name": "Anihana Conditioner Bar Honey & Vanilla 60g",
    "image_url": "https://cdn1.woolworths.media/content/wowproductimages/large/176167.jpg",
    "source_id": "Woolworths - 176167",
    "barcode": "9421906696240",
    "category_id": "1_894D0A8",
    "shop": "Woolworths",
    "weight": "100G",
    "prices": [
      {
        "state": "NSW",
        "price": "1400",
        "price_per_unit": "2333",
        "price_unit": "G"
      },
      {
        "state": "VIC",
        "price": "1400",
        "price_per_unit": "2333",
        "price_unit": "G"
      },
      {
        "state": "WA",
        "price": "1400",
        "price_per_unit": "2333",
        "price_unit": "G"
      },
      {
        "state": "SA",
        "price": "1400",
        "price_per_unit": "2333",
        "price_unit": "G"
      },
      {
        "state": "TAS",
        "price": "1400",
        "price_per_unit": "2333",
        "price_unit": "G"
      },
      {
        "state": "ACT",
        "price": "1400",
        "price_per_unit": "2333",
        "price_unit": "G"
      },
      {
        "state": "NT",
        "price": "1470",
        "price_per_unit": "2450",
        "price_unit": "G"
      }
    ]
  },
  {
    "source_url": "https://www.woolworths.com.au/shop/productdetails/176935/anihana-shampoo-conditioner-bar-blue-ocean",
    "name": "Anihana Shampoo & Conditioner Bar Blue Ocean 65g",
    "image_url": "https://cdn1.woolworths.media/content/wowproductimages/large/176935.jpg",
    "source_id": "Woolworths - 176935",
    "barcode": "9421906696325",
    "category_id": "1_894D0A8",
    "shop": "Woolworths",
    "weight": "100G",
    "prices": [
      {
        "state": "NSW",
        "price": "1400",
        "price_per_unit": "2154",
        "price_unit": "G"
      },
      {
        "state": "VIC",
        "price": "1400",
        "price_per_unit": "2154",
        "price_unit": "G"
      },
      {
        "state": "WA",
        "price": "1400",
        "price_per_unit": "2154",
        "price_unit": "G"
      },
      {
        "state": "SA",
        "price": "1400",
        "price_per_unit": "2154",
        "price_unit": "G"
      },
      {
        "state": "TAS",
        "price": "1400",
        "price_per_unit": "2154",
        "price_unit": "G"
      },
      {
        "state": "ACT",
        "price": "1400",
        "price_per_unit": "2154",
        "price_unit": "G"
      },
      {
        "state": "NT",
        "price": "1470",
        "price_per_unit": "2262",
        "price_unit": "G"
      }
    ]
  },
  {
    "source_url": "https://www.woolworths.com.au/shop/productdetails/177092/anihana-shampoo-bar-lavender-rosemary",
    "name": "Anihana Shampoo Bar Lavender & Rosemary 65g",
    "image_url": "https://cdn1.woolworths.media/content/wowproductimages/large/177092.jpg",
    "source_id": "Woolworths - 177092",
    "barcode": "9421906696028",
    "category_id": "1_894D0A8",
    "shop": "Woolworths",
    "weight": "100G",
    "prices": [
      {
        "state": "NSW",
        "price": "1400",
        "price_per_unit": "2154",
        "price_unit": "G"
      },
      {
        "state": "VIC",
        "price": "1400",
        "price_per_unit": "2154",
        "price_unit": "G"
      },
      {
        "state": "WA",
        "price": "1400",
        "price_per_unit": "2154",
        "price_unit": "G"
      },
      {
        "state": "SA",
        "price": "1400",
        "price_per_unit": "2154",
        "price_unit": "G"
      },
      {
        "state": "TAS",
        "price": "1400",
        "price_per_unit": "2154",
        "price_unit": "G"
      },
      {
        "state": "ACT",
        "price": "1400",
        "price_per_unit": "2154",
        "price_unit": "G"
      },
      {
        "state": "NT",
        "price": "1470",
        "price_per_unit": "2262",
        "price_unit": "G"
      }
    ]
  },
  {
    "source_url": "https://www.woolworths.com.au/shop/productdetails/176835/anihana-shampoo-bar-manuka-honey-honey",
    "name": "Anihana Shampoo Bar Manuka Honey & Honey 65g",
    "image_url": "https://cdn1.woolworths.media/content/wowproductimages/large/176835.jpg",
    "source_id": "Woolworths - 176835",
    "barcode": "9421906696004",
    "category_id": "1_894D0A8",
    "shop": "Woolworths",
    "weight": "100G",
    "prices": [
      {
        "state": "NSW",
        "price": "1400",
        "price_per_unit": "2154",
        "price_unit": "G"
      },
      {
        "state": "WA",
        "price": "1400",
        "price_per_unit": "2154",
        "price_unit": "G"
      },
      {
        "state": "SA",
        "price": "1400",
        "price_per_unit": "2154",
        "price_unit": "G"
      },
      {
        "state": "TAS",
        "price": "1400",
        "price_per_unit": "2154",
        "price_unit": "G"
      },
      {
        "state": "ACT",
        "price": "1400",
        "price_per_unit": "2154",
        "price_unit": "G"
      },
      {
        "state": "NT",
        "price": "1470",
        "price_per_unit": "2262",
        "price_unit": "G"
      }
    ]
  },
  {
    "source_url": "https://www.woolworths.com.au/shop/productdetails/155696/batiste-beautiful-brunette-dry-shampoo-plus",
    "name": "Batiste Beautiful Brunette Dry Shampoo Plus 350ml",
    "image_url": "https://cdn1.woolworths.media/content/wowproductimages/large/155696.jpg",
    "source_id": "Woolworths - 155696",
    "barcode": "5010724535042",
    "category_id": "1_894D0A8",
    "shop": "Woolworths",
    "weight": "100ML",
    "prices": [
      {
        "state": "NSW",
        "price": "950",
        "price_per_unit": "271",
        "price_unit": "ML"
      },
      {
        "state": "VIC",
        "price": "950",
        "price_per_unit": "271",
        "price_unit": "ML"
      },
      {
        "state": "WA",
        "price": "950",
        "price_per_unit": "271",
        "price_unit": "ML"
      },
      {
        "state": "SA",
        "price": "950",
        "price_per_unit": "271",
        "price_unit": "ML"
      },
      {
        "state": "TAS",
        "price": "950",
        "price_per_unit": "271",
        "price_unit": "ML"
      },
      {
        "state": "ACT",
        "price": "950",
        "price_per_unit": "271",
        "price_unit": "ML"
      },
      {
        "state": "NT",
        "price": "1050",
        "price_per_unit": "300",
        "price_unit": "ML"
      }
    ]
  },
  {
    "source_url": "https://www.woolworths.com.au/shop/productdetails/745783/batiste-blush-dry-shampoo",
    "name": "Batiste Blush Dry Shampoo 200ml",
    "image_url": "https://cdn1.woolworths.media/content/wowproductimages/large/745783.jpg",
    "source_id": "Woolworths - 745783",
    "barcode": "5010724527375",
    "category_id": "1_894D0A8",
    "shop": "Woolworths",
    "weight": "100ML",
    "prices": [
      {
        "state": "NSW",
        "price": "940",
        "price_per_unit": "470",
        "price_unit": "ML"
      },
      {
        "state": "VIC",
        "price": "940",
        "price_per_unit": "470",
        "price_unit": "ML"
      },
      {
        "state": "QLD",
        "price": "940",
        "price_per_unit": "470",
        "price_unit": "ML"
      },
      {
        "state": "WA",
        "price": "940",
        "price_per_unit": "470",
        "price_unit": "ML"
      },
      {
        "state": "SA",
        "price": "940",
        "price_per_unit": "470",
        "price_unit": "ML"
      },
      {
        "state": "TAS",
        "price": "940",
        "price_per_unit": "470",
        "price_unit": "ML"
      },
      {
        "state": "ACT",
        "price": "940",
        "price_per_unit": "470",
        "price_unit": "ML"
      },
      {
        "state": "NT",
        "price": "940",
        "price_per_unit": "470",
        "price_unit": "ML"
      }
    ]
  },
  {
    "source_url": "https://www.woolworths.com.au/shop/productdetails/140903/batiste-blush-dry-shampoo",
    "name": "Batiste Blush Dry Shampoo 350ml",
    "image_url": "https://cdn1.woolworths.media/content/wowproductimages/large/140903.jpg",
    "source_id": "Woolworths - 140903",
    "barcode": "5010724535936",
    "category_id": "1_894D0A8",
    "shop": "Woolworths",
    "weight": "100ML",
    "prices": [
      {
        "state": "NSW",
        "price": "950",
        "price_per_unit": "271",
        "price_unit": "ML"
      },
      {
        "state": "VIC",
        "price": "950",
        "price_per_unit": "271",
        "price_unit": "ML"
      },
      {
        "state": "QLD",
        "price": "950",
        "price_per_unit": "271",
        "price_unit": "ML"
      },
      {
        "state": "WA",
        "price": "950",
        "price_per_unit": "271",
        "price_unit": "ML"
      },
      {
        "state": "SA",
        "price": "950",
        "price_per_unit": "271",
        "price_unit": "ML"
      },
      {
        "state": "TAS",
        "price": "950",
        "price_per_unit": "271",
        "price_unit": "ML"
      },
      {
        "state": "ACT",
        "price": "950",
        "price_per_unit": "271",
        "price_unit": "ML"
      },
      {
        "state": "NT",
        "price": "950",
        "price_per_unit": "271",
        "price_unit": "ML"
      }
    ]
  },
  {
    "source_url": "https://www.woolworths.com.au/shop/productdetails/186314/batiste-divine-dark",
    "name": "Batiste Divine Dark 350ml",
    "image_url": "https://cdn1.woolworths.media/content/wowproductimages/large/186314.jpg",
    "source_id": "Woolworths - 186314",
    "barcode": "5010724537497",
    "category_id": "1_894D0A8",
    "shop": "Woolworths",
    "weight": "100ML",
    "prices": [
      {
        "state": "NSW",
        "price": "950",
        "price_per_unit": "271",
        "price_unit": "ML"
      },
      {
        "state": "VIC",
        "price": "950",
        "price_per_unit": "271",
        "price_unit": "ML"
      },
      {
        "state": "QLD",
        "price": "950",
        "price_per_unit": "271",
        "price_unit": "ML"
      },
      {
        "state": "WA",
        "price": "950",
        "price_per_unit": "271",
        "price_unit": "ML"
      },
      {
        "state": "SA",
        "price": "950",
        "price_per_unit": "271",
        "price_unit": "ML"
      },
      {
        "state": "TAS",
        "price": "950",
        "price_per_unit": "271",
        "price_unit": "ML"
      },
      {
        "state": "ACT",
        "price": "950",
        "price_per_unit": "271",
        "price_unit": "ML"
      },
      {
        "state": "NT",
        "price": "1050",
        "price_per_unit": "300",
        "price_unit": "ML"
      }
    ]
  },
  {
    "source_url": "https://www.woolworths.com.au/shop/productdetails/670330/batiste-divine-dark-dry-shampoo-plus",
    "name": "Batiste Divine Dark Dry Shampoo Plus 200ml",
    "image_url": "https://cdn1.woolworths.media/content/wowproductimages/large/670330.jpg",
    "source_id": "Woolworths - 670330",
    "barcode": "5010724527443",
    "category_id": "1_894D0A8",
    "shop": "Woolworths",
    "weight": "100ML",
    "prices": [
      {
        "state": "NSW",
        "price": "940",
        "price_per_unit": "470",
        "price_unit": "ML"
      },
      {
        "state": "VIC",
        "price": "940",
        "price_per_unit": "470",
        "price_unit": "ML"
      },
      {
        "state": "QLD",
        "price": "940",
        "price_per_unit": "470",
        "price_unit": "ML"
      },
      {
        "state": "WA",
        "price": "940",
        "price_per_unit": "470",
        "price_unit": "ML"
      },
      {
        "state": "SA",
        "price": "940",
        "price_per_unit": "470",
        "price_unit": "ML"
      },
      {
        "state": "TAS",
        "price": "940",
        "price_per_unit": "470",
        "price_unit": "ML"
      },
      {
        "state": "ACT",
        "price": "940",
        "price_per_unit": "470",
        "price_unit": "ML"
      }
    ]
  },
  {
    "source_url": "https://www.woolworths.com.au/shop/productdetails/856988/batiste-dry-shampoo-volume",
    "name": "Batiste Dry Shampoo & Volume 200ml",
    "image_url": "https://cdn1.woolworths.media/content/wowproductimages/large/856988.jpg",
    "source_id": "Woolworths - 856988",
    "barcode": "5010724532966",
    "category_id": "1_894D0A8",
    "shop": "Woolworths",
    "weight": "100ML",
    "prices": [
      {
        "state": "NSW",
        "price": "940",
        "price_per_unit": "470",
        "price_unit": "ML"
      },
      {
        "state": "VIC",
        "price": "940",
        "price_per_unit": "470",
        "price_unit": "ML"
      },
      {
        "state": "QLD",
        "price": "940",
        "price_per_unit": "470",
        "price_unit": "ML"
      },
      {
        "state": "WA",
        "price": "940",
        "price_per_unit": "470",
        "price_unit": "ML"
      },
      {
        "state": "SA",
        "price": "940",
        "price_per_unit": "470",
        "price_unit": "ML"
      },
      {
        "state": "TAS",
        "price": "940",
        "price_per_unit": "470",
        "price_unit": "ML"
      },
      {
        "state": "ACT",
        "price": "940",
        "price_per_unit": "470",
        "price_unit": "ML"
      },
      {
        "state": "NT",
        "price": "940",
        "price_per_unit": "470",
        "price_unit": "ML"
      }
    ]
  },
  {
    "source_url": "https://www.woolworths.com.au/shop/productdetails/747031/batiste-dry-shampoo-blush",
    "name": "Batiste Dry Shampoo Blush 50ml",
    "image_url": "https://cdn1.woolworths.media/content/wowproductimages/large/747031.jpg",
    "source_id": "Woolworths - 747031",
    "barcode": "5010724527399",
    "category_id": "1_894D0A8",
    "shop": "Woolworths",
    "weight": "100ML",
    "prices": [
      {
        "state": "NSW",
        "price": "700",
        "price_per_unit": "1400",
        "price_unit": "ML"
      },
      {
        "state": "VIC",
        "price": "700",
        "price_per_unit": "1400",
        "price_unit": "ML"
      },
      {
        "state": "QLD",
        "price": "700",
        "price_per_unit": "1400",
        "price_unit": "ML"
      },
      {
        "state": "WA",
        "price": "700",
        "price_per_unit": "1400",
        "price_unit": "ML"
      },
      {
        "state": "SA",
        "price": "700",
        "price_per_unit": "1400",
        "price_unit": "ML"
      },
      {
        "state": "TAS",
        "price": "700",
        "price_per_unit": "1400",
        "price_unit": "ML"
      },
      {
        "state": "ACT",
        "price": "700",
        "price_per_unit": "1400",
        "price_unit": "ML"
      },
      {
        "state": "NT",
        "price": "700",
        "price_per_unit": "1400",
        "price_unit": "ML"
      }
    ]
  },
  {
    "source_url": "https://www.woolworths.com.au/shop/productdetails/571025/batiste-dry-shampoo-original",
    "name": "Batiste Dry Shampoo Original 200ml",
    "image_url": "https://cdn1.woolworths.media/content/wowproductimages/large/571025.jpg",
    "source_id": "Woolworths - 571025",
    "barcode": "5010724527481",
    "category_id": "1_894D0A8",
    "shop": "Woolworths",
    "weight": "100ML",
    "prices": [
      {
        "state": "NSW",
        "price": "940",
        "price_per_unit": "470",
        "price_unit": "ML"
      },
      {
        "state": "VIC",
        "price": "940",
        "price_per_unit": "470",
        "price_unit": "ML"
      },
      {
        "state": "QLD",
        "price": "940",
        "price_per_unit": "470",
        "price_unit": "ML"
      },
      {
        "state": "WA",
        "price": "940",
        "price_per_unit": "470",
        "price_unit": "ML"
      },
      {
        "state": "SA",
        "price": "940",
        "price_per_unit": "470",
        "price_unit": "ML"
      },
      {
        "state": "TAS",
        "price": "940",
        "price_per_unit": "470",
        "price_unit": "ML"
      },
      {
        "state": "ACT",
        "price": "940",
        "price_per_unit": "470",
        "price_unit": "ML"
      },
      {
        "state": "NT",
        "price": "940",
        "price_per_unit": "470",
        "price_unit": "ML"
      }
    ]
  },
  {
    "source_url": "https://www.woolworths.com.au/shop/productdetails/140902/batiste-eden-bloom-dry-shampoo",
    "name": "Batiste Eden Bloom Dry Shampoo 350ml",
    "image_url": "https://cdn1.woolworths.media/content/wowproductimages/large/140902.jpg",
    "source_id": "Woolworths - 140902",
    "barcode": "5010724535943",
    "category_id": "1_894D0A8",
    "shop": "Woolworths",
    "weight": "100ML",
    "prices": [
      {
        "state": "NSW",
        "price": "950",
        "price_per_unit": "271",
        "price_unit": "ML"
      },
      {
        "state": "VIC",
        "price": "950",
        "price_per_unit": "271",
        "price_unit": "ML"
      },
      {
        "state": "QLD",
        "price": "950",
        "price_per_unit": "271",
        "price_unit": "ML"
      },
      {
        "state": "WA",
        "price": "950",
        "price_per_unit": "271",
        "price_unit": "ML"
      },
      {
        "state": "SA",
        "price": "950",
        "price_per_unit": "271",
        "price_unit": "ML"
      },
      {
        "state": "TAS",
        "price": "950",
        "price_per_unit": "271",
        "price_unit": "ML"
      },
      {
        "state": "ACT",
        "price": "950",
        "price_per_unit": "271",
        "price_unit": "ML"
      },
      {
        "state": "NT",
        "price": "950",
        "price_per_unit": "271",
        "price_unit": "ML"
      }
    ]
  },
  {
    "source_url": "https://www.woolworths.com.au/shop/productdetails/842060/batiste-limited-edition-eden-dry-shampoo",
    "name": "Batiste Limited Edition Eden Dry Shampoo 200ml",
    "image_url": "https://cdn1.woolworths.media/content/wowproductimages/large/842060.jpg",
    "source_id": "Woolworths - 842060",
    "barcode": "5010724528945",
    "category_id": "1_894D0A8",
    "shop": "Woolworths",
    "weight": "100ML",
    "prices": [
      {
        "state": "NSW",
        "price": "940",
        "price_per_unit": "470",
        "price_unit": "ML"
      },
      {
        "state": "VIC",
        "price": "940",
        "price_per_unit": "470",
        "price_unit": "ML"
      },
      {
        "state": "QLD",
        "price": "940",
        "price_per_unit": "470",
        "price_unit": "ML"
      },
      {
        "state": "WA",
        "price": "940",
        "price_per_unit": "470",
        "price_unit": "ML"
      },
      {
        "state": "SA",
        "price": "940",
        "price_per_unit": "470",
        "price_unit": "ML"
      },
      {
        "state": "TAS",
        "price": "940",
        "price_per_unit": "470",
        "price_unit": "ML"
      },
      {
        "state": "ACT",
        "price": "940",
        "price_per_unit": "470",
        "price_unit": "ML"
      },
      {
        "state": "NT",
        "price": "940",
        "price_per_unit": "470",
        "price_unit": "ML"
      }
    ]
  },
  {
    "source_url": "https://www.woolworths.com.au/shop/productdetails/760873/batiste-medium-brunette-dry-shampoo",
    "name": "Batiste Medium & Brunette Dry Shampoo 200ml",
    "image_url": "https://cdn1.woolworths.media/content/wowproductimages/large/760873.jpg",
    "source_id": "Woolworths - 760873",
    "barcode": "5010724527474",
    "category_id": "1_894D0A8",
    "shop": "Woolworths",
    "weight": "100ML",
    "prices": [
      {
        "state": "NSW",
        "price": "940",
        "price_per_unit": "470",
        "price_unit": "ML"
      },
      {
        "state": "VIC",
        "price": "940",
        "price_per_unit": "470",
        "price_unit": "ML"
      },
      {
        "state": "QLD",
        "price": "940",
        "price_per_unit": "470",
        "price_unit": "ML"
      },
      {
        "state": "WA",
        "price": "940",
        "price_per_unit": "470",
        "price_unit": "ML"
      },
      {
        "state": "SA",
        "price": "940",
        "price_per_unit": "470",
        "price_unit": "ML"
      },
      {
        "state": "TAS",
        "price": "940",
        "price_per_unit": "470",
        "price_unit": "ML"
      },
      {
        "state": "ACT",
        "price": "940",
        "price_per_unit": "470",
        "price_unit": "ML"
      }
    ]
  },
  {
    "source_url": "https://www.woolworths.com.au/shop/productdetails/101921/batiste-natural-light-bare-dry-shampoo",
    "name": "Batiste Natural & Light Bare Dry Shampoo 200ml",
    "image_url": "https://cdn1.woolworths.media/content/wowproductimages/large/101921.jpg",
    "source_id": "Woolworths - 101921",
    "barcode": "5010724529836",
    "category_id": "1_894D0A8",
    "shop": "Woolworths",
    "weight": "100ML",
    "prices": [
      {
        "state": "NSW",
        "price": "940",
        "price_per_unit": "470",
        "price_unit": "ML"
      },
      {
        "state": "VIC",
        "price": "940",
        "price_per_unit": "470",
        "price_unit": "ML"
      },
      {
        "state": "QLD",
        "price": "940",
        "price_per_unit": "470",
        "price_unit": "ML"
      },
      {
        "state": "WA",
        "price": "940",
        "price_per_unit": "470",
        "price_unit": "ML"
      },
      {
        "state": "SA",
        "price": "940",
        "price_per_unit": "470",
        "price_unit": "ML"
      },
      {
        "state": "TAS",
        "price": "940",
        "price_per_unit": "470",
        "price_unit": "ML"
      },
      {
        "state": "ACT",
        "price": "940",
        "price_per_unit": "470",
        "price_unit": "ML"
      }
    ]
  },
  {
    "source_url": "https://www.woolworths.com.au/shop/productdetails/140901/batiste-original-dry-shampoo",
    "name": "Batiste Original Dry Shampoo 350ml",
    "image_url": "https://cdn1.woolworths.media/content/wowproductimages/large/140901.jpg",
    "source_id": "Woolworths - 140901",
    "barcode": "5010724535950",
    "category_id": "1_894D0A8",
    "shop": "Woolworths",
    "weight": "100ML",
    "prices": [
      {
        "state": "NSW",
        "price": "950",
        "price_per_unit": "271",
        "price_unit": "ML"
      },
      {
        "state": "VIC",
        "price": "950",
        "price_per_unit": "271",
        "price_unit": "ML"
      },
      {
        "state": "QLD",
        "price": "950",
        "price_per_unit": "271",
        "price_unit": "ML"
      },
      {
        "state": "WA",
        "price": "950",
        "price_per_unit": "271",
        "price_unit": "ML"
      },
      {
        "state": "SA",
        "price": "950",
        "price_per_unit": "271",
        "price_unit": "ML"
      },
      {
        "state": "TAS",
        "price": "950",
        "price_per_unit": "271",
        "price_unit": "ML"
      },
      {
        "state": "ACT",
        "price": "950",
        "price_per_unit": "271",
        "price_unit": "ML"
      },
      {
        "state": "NT",
        "price": "950",
        "price_per_unit": "271",
        "price_unit": "ML"
      }
    ]
  },
  {
    "source_url": "https://www.woolworths.com.au/shop/productdetails/387606/batiste-overnight-deep-cleanse-dry-shampoo",
    "name": "Batiste Overnight Deep Cleanse Dry Shampoo 200ml",
    "image_url": "https://cdn1.woolworths.media/content/wowproductimages/large/387606.jpg",
    "source_id": "Woolworths - 387606",
    "barcode": "5010724544860",
    "category_id": "1_894D0A8",
    "shop": "Woolworths",
    "weight": "100ML",
    "prices": [
      {
        "state": "NSW",
        "price": "940",
        "price_per_unit": "470",
        "price_unit": "ML"
      },
      {
        "state": "VIC",
        "price": "940",
        "price_per_unit": "470",
        "price_unit": "ML"
      },
      {
        "state": "QLD",
        "price": "940",
        "price_per_unit": "470",
        "price_unit": "ML"
      },
      {
        "state": "WA",
        "price": "940",
        "price_per_unit": "470",
        "price_unit": "ML"
      },
      {
        "state": "SA",
        "price": "940",
        "price_per_unit": "470",
        "price_unit": "ML"
      },
      {
        "state": "TAS",
        "price": "940",
        "price_per_unit": "470",
        "price_unit": "ML"
      },
      {
        "state": "ACT",
        "price": "940",
        "price_per_unit": "470",
        "price_unit": "ML"
      }
    ]
  },
  {
    "source_url": "https://www.woolworths.com.au/shop/productdetails/186499/batiste-rose-gold",
    "name": "Batiste Rose Gold 350ml",
    "image_url": "https://cdn1.woolworths.media/content/wowproductimages/large/186499.jpg",
    "source_id": "Woolworths - 186499",
    "barcode": "5010724537800",
    "category_id": "1_894D0A8",
    "shop": "Woolworths",
    "weight": "100ML",
    "prices": [
      {
        "state": "NSW",
        "price": "950",
        "price_per_unit": "271",
        "price_unit": "ML"
      },
      {
        "state": "VIC",
        "price": "950",
        "price_per_unit": "271",
        "price_unit": "ML"
      },
      {
        "state": "QLD",
        "price": "950",
        "price_per_unit": "271",
        "price_unit": "ML"
      },
      {
        "state": "WA",
        "price": "950",
        "price_per_unit": "271",
        "price_unit": "ML"
      },
      {
        "state": "SA",
        "price": "950",
        "price_per_unit": "271",
        "price_unit": "ML"
      },
      {
        "state": "TAS",
        "price": "950",
        "price_per_unit": "271",
        "price_unit": "ML"
      },
      {
        "state": "ACT",
        "price": "950",
        "price_per_unit": "271",
        "price_unit": "ML"
      },
      {
        "state": "NT",
        "price": "950",
        "price_per_unit": "271",
        "price_unit": "ML"
      }
    ]
  },
  {
    "source_url": "https://www.woolworths.com.au/shop/productdetails/745781/batiste-tropical-dry-shampoo",
    "name": "Batiste Tropical Dry Shampoo 200ml",
    "image_url": "https://cdn1.woolworths.media/content/wowproductimages/large/745781.jpg",
    "source_id": "Woolworths - 745781",
    "barcode": "5010724527511",
    "category_id": "1_894D0A8",
    "shop": "Woolworths",
    "weight": "100ML",
    "prices": [
      {
        "state": "NSW",
        "price": "940",
        "price_per_unit": "470",
        "price_unit": "ML"
      },
      {
        "state": "VIC",
        "price": "940",
        "price_per_unit": "470",
        "price_unit": "ML"
      },
      {
        "state": "QLD",
        "price": "940",
        "price_per_unit": "470",
        "price_unit": "ML"
      },
      {
        "state": "WA",
        "price": "940",
        "price_per_unit": "470",
        "price_unit": "ML"
      },
      {
        "state": "SA",
        "price": "940",
        "price_per_unit": "470",
        "price_unit": "ML"
      },
      {
        "state": "TAS",
        "price": "940",
        "price_per_unit": "470",
        "price_unit": "ML"
      },
      {
        "state": "ACT",
        "price": "940",
        "price_per_unit": "470",
        "price_unit": "ML"
      }
    ]
  },
  {
    "source_url": "https://www.woolworths.com.au/shop/productdetails/140900/batiste-tropical-dry-shampoo",
    "name": "Batiste Tropical Dry Shampoo 350ml",
    "image_url": "https://cdn1.woolworths.media/content/wowproductimages/large/140900.jpg",
    "source_id": "Woolworths - 140900",
    "barcode": "5010724535967",
    "category_id": "1_894D0A8",
    "shop": "Woolworths",
    "weight": "100ML",
    "prices": [
      {
        "state": "NSW",
        "price": "950",
        "price_per_unit": "271",
        "price_unit": "ML"
      },
      {
        "state": "VIC",
        "price": "950",
        "price_per_unit": "271",
        "price_unit": "ML"
      },
      {
        "state": "QLD",
        "price": "950",
        "price_per_unit": "271",
        "price_unit": "ML"
      },
      {
        "state": "WA",
        "price": "950",
        "price_per_unit": "271",
        "price_unit": "ML"
      },
      {
        "state": "SA",
        "price": "950",
        "price_per_unit": "271",
        "price_unit": "ML"
      },
      {
        "state": "TAS",
        "price": "950",
        "price_per_unit": "271",
        "price_unit": "ML"
      },
      {
        "state": "ACT",
        "price": "950",
        "price_per_unit": "271",
        "price_unit": "ML"
      },
      {
        "state": "NT",
        "price": "950",
        "price_per_unit": "271",
        "price_unit": "ML"
      }
    ]
  },
  {
    "source_url": "https://www.woolworths.com.au/shop/productdetails/32952/cedel-hair-spray-extra-firm",
    "name": "Cedel Hair Spray Extra Firm 250g",
    "image_url": "https://cdn1.woolworths.media/content/wowproductimages/large/032952.jpg",
    "source_id": "Woolworths - 32952",
    "barcode": "9300703000132",
    "category_id": "1_894D0A8",
    "shop": "Woolworths",
    "weight": "100G",
    "prices": [
      {
        "state": "NSW",
        "price": "600",
        "price_per_unit": "240",
        "price_unit": "G"
      },
      {
        "state": "VIC",
        "price": "600",
        "price_per_unit": "240",
        "price_unit": "G"
      },
      {
        "state": "QLD",
        "price": "600",
        "price_per_unit": "240",
        "price_unit": "G"
      },
      {
        "state": "WA",
        "price": "600",
        "price_per_unit": "240",
        "price_unit": "G"
      },
      {
        "state": "SA",
        "price": "600",
        "price_per_unit": "240",
        "price_unit": "G"
      },
      {
        "state": "TAS",
        "price": "600",
        "price_per_unit": "240",
        "price_unit": "G"
      },
      {
        "state": "ACT",
        "price": "600",
        "price_per_unit": "240",
        "price_unit": "G"
      },
      {
        "state": "NT",
        "price": "600",
        "price_per_unit": "240",
        "price_unit": "G"
      }
    ]
  },
  {
    "source_url": "https://www.woolworths.com.au/shop/productdetails/32357/cedel-hair-spray-firm-hold",
    "name": "Cedel Hair Spray Firm Hold 250g",
    "image_url": "https://cdn1.woolworths.media/content/wowproductimages/large/032357.jpg",
    "source_id": "Woolworths - 32357",
    "barcode": "9300703000033",
    "category_id": "1_894D0A8",
    "shop": "Woolworths",
    "weight": "100G",
    "prices": [
      {
        "state": "NSW",
        "price": "600",
        "price_per_unit": "240",
        "price_unit": "G"
      },
      {
        "state": "VIC",
        "price": "600",
        "price_per_unit": "240",
        "price_unit": "G"
      },
      {
        "state": "QLD",
        "price": "600",
        "price_per_unit": "240",
        "price_unit": "G"
      },
      {
        "state": "WA",
        "price": "600",
        "price_per_unit": "240",
        "price_unit": "G"
      },
      {
        "state": "SA",
        "price": "600",
        "price_per_unit": "240",
        "price_unit": "G"
      },
      {
        "state": "TAS",
        "price": "600",
        "price_per_unit": "240",
        "price_unit": "G"
      },
      {
        "state": "NT",
        "price": "600",
        "price_per_unit": "240",
        "price_unit": "G"
      }
    ]
  },
  {
    "source_url": "https://www.woolworths.com.au/shop/productdetails/675316/colab-dry-shampoo-fresh",
    "name": "CoLab Dry Shampoo Fresh 200mL",
    "image_url": "https://cdn1.woolworths.media/content/wowproductimages/large/675316.jpg",
    "source_id": "Woolworths - 675316",
    "barcode": "5016155120017",
    "category_id": "1_894D0A8",
    "shop": "Woolworths",
    "weight": "100ML",
    "prices": [
      {
        "state": "NSW",
        "price": "1000",
        "price_per_unit": "500",
        "price_unit": "ML"
      },
      {
        "state": "VIC",
        "price": "1000",
        "price_per_unit": "500",
        "price_unit": "ML"
      },
      {
        "state": "QLD",
        "price": "1000",
        "price_per_unit": "500",
        "price_unit": "ML"
      },
      {
        "state": "WA",
        "price": "1000",
        "price_per_unit": "500",
        "price_unit": "ML"
      },
      {
        "state": "SA",
        "price": "1000",
        "price_per_unit": "500",
        "price_unit": "ML"
      },
      {
        "state": "TAS",
        "price": "1000",
        "price_per_unit": "500",
        "price_unit": "ML"
      },
      {
        "state": "ACT",
        "price": "1000",
        "price_per_unit": "500",
        "price_unit": "ML"
      },
      {
        "state": "NT",
        "price": "1050",
        "price_per_unit": "525",
        "price_unit": "ML"
      }
    ]
  },
  {
    "source_url": "https://www.woolworths.com.au/shop/productdetails/76524/colab-dry-shampoo-original-original-fragrance",
    "name": "CoLab Dry Shampoo Original 200mL",
    "image_url": "https://cdn1.woolworths.media/content/wowproductimages/large/076524.jpg",
    "source_id": "Woolworths - 76524",
    "barcode": "5016155119806",
    "category_id": "1_894D0A8",
    "shop": "Woolworths",
    "weight": "100ML",
    "prices": [
      {
        "state": "NSW",
        "price": "1000",
        "price_per_unit": "500",
        "price_unit": "ML"
      },
      {
        "state": "VIC",
        "price": "1000",
        "price_per_unit": "500",
        "price_unit": "ML"
      },
      {
        "state": "QLD",
        "price": "1000",
        "price_per_unit": "500",
        "price_unit": "ML"
      },
      {
        "state": "WA",
        "price": "1000",
        "price_per_unit": "500",
        "price_unit": "ML"
      },
      {
        "state": "SA",
        "price": "1000",
        "price_per_unit": "500",
        "price_unit": "ML"
      },
      {
        "state": "TAS",
        "price": "1000",
        "price_per_unit": "500",
        "price_unit": "ML"
      },
      {
        "state": "ACT",
        "price": "1000",
        "price_per_unit": "500",
        "price_unit": "ML"
      },
      {
        "state": "NT",
        "price": "1050",
        "price_per_unit": "525",
        "price_unit": "ML"
      }
    ]
  },
  {
    "source_url": "https://www.woolworths.com.au/shop/productdetails/684058/colab-dry-shampoo-paradise-paradise-fragrance",
    "name": "CoLab Dry Shampoo Paradise 200mL",
    "image_url": "https://cdn1.woolworths.media/content/wowproductimages/large/684058.jpg",
    "source_id": "Woolworths - 684058",
    "barcode": "5016155128518",
    "category_id": "1_894D0A8",
    "shop": "Woolworths",
    "weight": "100ML",
    "prices": [
      {
        "state": "NSW",
        "price": "1000",
        "price_per_unit": "500",
        "price_unit": "ML"
      },
      {
        "state": "VIC",
        "price": "1000",
        "price_per_unit": "500",
        "price_unit": "ML"
      },
      {
        "state": "QLD",
        "price": "1000",
        "price_per_unit": "500",
        "price_unit": "ML"
      },
      {
        "state": "WA",
        "price": "1000",
        "price_per_unit": "500",
        "price_unit": "ML"
      },
      {
        "state": "SA",
        "price": "1000",
        "price_per_unit": "500",
        "price_unit": "ML"
      },
      {
        "state": "TAS",
        "price": "1000",
        "price_per_unit": "500",
        "price_unit": "ML"
      },
      {
        "state": "ACT",
        "price": "1000",
        "price_per_unit": "500",
        "price_unit": "ML"
      },
      {
        "state": "NT",
        "price": "1050",
        "price_per_unit": "525",
        "price_unit": "ML"
      }
    ]
  },
  {
    "source_url": "https://www.woolworths.com.au/shop/productdetails/609209/dove-hair-dry-shampoo-refresh-care",
    "name": "Dove Hair Dry Shampoo Refresh & Care 250ml",
    "image_url": "https://cdn1.woolworths.media/content/wowproductimages/large/609209.jpg",
    "source_id": "Woolworths - 609209",
    "barcode": "8710908056505",
    "category_id": "1_894D0A8",
    "shop": "Woolworths",
    "weight": "100ML",
    "prices": [
      {
        "state": "NSW",
        "price": "700",
        "price_per_unit": "280",
        "price_unit": "ML"
      },
      {
        "state": "VIC",
        "price": "700",
        "price_per_unit": "280",
        "price_unit": "ML"
      },
      {
        "state": "QLD",
        "price": "700",
        "price_per_unit": "280",
        "price_unit": "ML"
      },
      {
        "state": "WA",
        "price": "700",
        "price_per_unit": "280",
        "price_unit": "ML"
      },
      {
        "state": "SA",
        "price": "700",
        "price_per_unit": "280",
        "price_unit": "ML"
      },
      {
        "state": "TAS",
        "price": "700",
        "price_per_unit": "280",
        "price_unit": "ML"
      },
      {
        "state": "ACT",
        "price": "700",
        "price_per_unit": "280",
        "price_unit": "ML"
      },
      {
        "state": "NT",
        "price": "700",
        "price_per_unit": "280",
        "price_unit": "ML"
      }
    ]
  },
  {
    "source_url": "https://www.woolworths.com.au/shop/productdetails/345022/fudge-urban-matte-wax-with-no-shine-firm-hold",
    "name": "Fudge Urban Matte Wax With No Shine & Firm Hold 70ml",
    "image_url": "https://cdn1.woolworths.media/content/wowproductimages/large/345022.jpg",
    "source_id": "Woolworths - 345022",
    "barcode": "9312396000061",
    "category_id": "1_894D0A8",
    "shop": "Woolworths",
    "weight": "100ML",
    "prices": [
      {
        "state": "NSW",
        "price": "1000",
        "price_per_unit": "1429",
        "price_unit": "ML"
      },
      {
        "state": "VIC",
        "price": "1000",
        "price_per_unit": "1429",
        "price_unit": "ML"
      },
      {
        "state": "QLD",
        "price": "1000",
        "price_per_unit": "1429",
        "price_unit": "ML"
      },
      {
        "state": "WA",
        "price": "1000",
        "price_per_unit": "1429",
        "price_unit": "ML"
      },
      {
        "state": "SA",
        "price": "1000",
        "price_per_unit": "1429",
        "price_unit": "ML"
      },
      {
        "state": "TAS",
        "price": "1000",
        "price_per_unit": "1429",
        "price_unit": "ML"
      },
      {
        "state": "ACT",
        "price": "1000",
        "price_per_unit": "1429",
        "price_unit": "ML"
      },
      {
        "state": "NT",
        "price": "1000",
        "price_per_unit": "1429",
        "price_unit": "ML"
      }
    ]
  },
  {
    "source_url": "https://www.woolworths.com.au/shop/productdetails/758007/georgiemane-anti-frizz-serum",
    "name": "Georgiemane Anti-Frizz Serum 100mL",
    "image_url": "https://cdn1.woolworths.media/content/wowproductimages/large/758007.jpg",
    "source_id": "Woolworths - 758007",
    "barcode": "9369998157426",
    "category_id": "1_894D0A8",
    "shop": "Woolworths",
    "weight": "100ML",
    "prices": [
      {
        "state": "NSW",
        "price": "3500",
        "price_per_unit": "3500",
        "price_unit": "ML"
      },
      {
        "state": "VIC",
        "price": "3500",
        "price_per_unit": "3500",
        "price_unit": "ML"
      },
      {
        "state": "QLD",
        "price": "3500",
        "price_per_unit": "3500",
        "price_unit": "ML"
      },
      {
        "state": "WA",
        "price": "3500",
        "price_per_unit": "3500",
        "price_unit": "ML"
      },
      {
        "state": "SA",
        "price": "3500",
        "price_per_unit": "3500",
        "price_unit": "ML"
      },
      {
        "state": "TAS",
        "price": "3500",
        "price_per_unit": "3500",
        "price_unit": "ML"
      },
      {
        "state": "ACT",
        "price": "3500",
        "price_per_unit": "3500",
        "price_unit": "ML"
      },
      {
        "state": "NT",
        "price": "3675",
        "price_per_unit": "3675",
        "price_unit": "ML"
      }
    ]
  },
  {
    "source_url": "https://www.woolworths.com.au/shop/productdetails/755577/georgiemane-curl-cream",
    "name": "Georgiemane Curl Cream 200mL",
    "image_url": "https://cdn1.woolworths.media/content/wowproductimages/large/755577.jpg",
    "source_id": "Woolworths - 755577",
    "barcode": "9369998203130",
    "category_id": "1_894D0A8",
    "shop": "Woolworths",
    "weight": "100ML",
    "prices": [
      {
        "state": "NSW",
        "price": "3500",
        "price_per_unit": "1750",
        "price_unit": "ML"
      },
      {
        "state": "VIC",
        "price": "3500",
        "price_per_unit": "1750",
        "price_unit": "ML"
      },
      {
        "state": "QLD",
        "price": "3500",
        "price_per_unit": "1750",
        "price_unit": "ML"
      },
      {
        "state": "WA",
        "price": "3500",
        "price_per_unit": "1750",
        "price_unit": "ML"
      },
      {
        "state": "SA",
        "price": "3500",
        "price_per_unit": "1750",
        "price_unit": "ML"
      },
      {
        "state": "TAS",
        "price": "3500",
        "price_per_unit": "1750",
        "price_unit": "ML"
      },
      {
        "state": "ACT",
        "price": "3500",
        "price_per_unit": "1750",
        "price_unit": "ML"
      },
      {
        "state": "NT",
        "price": "3675",
        "price_per_unit": "1838",
        "price_unit": "ML"
      }
    ]
  },
  {
    "source_url": "https://www.woolworths.com.au/shop/productdetails/757820/georgiemane-dry-shampoo",
    "name": "Georgiemane Dry Shampoo 30g",
    "image_url": "https://cdn1.woolworths.media/content/wowproductimages/large/757820.jpg",
    "source_id": "Woolworths - 757820",
    "barcode": "9369998203635",
    "category_id": "1_894D0A8",
    "shop": "Woolworths",
    "weight": "100G",
    "prices": [
      {
        "state": "NSW",
        "price": "3000",
        "price_per_unit": "10000",
        "price_unit": "G"
      },
      {
        "state": "VIC",
        "price": "3000",
        "price_per_unit": "10000",
        "price_unit": "G"
      },
      {
        "state": "QLD",
        "price": "3000",
        "price_per_unit": "10000",
        "price_unit": "G"
      },
      {
        "state": "WA",
        "price": "3000",
        "price_per_unit": "10000",
        "price_unit": "G"
      },
      {
        "state": "SA",
        "price": "3000",
        "price_per_unit": "10000",
        "price_unit": "G"
      },
      {
        "state": "TAS",
        "price": "3000",
        "price_per_unit": "10000",
        "price_unit": "G"
      },
      {
        "state": "ACT",
        "price": "3000",
        "price_per_unit": "10000",
        "price_unit": "G"
      },
      {
        "state": "NT",
        "price": "3150",
        "price_per_unit": "10500",
        "price_unit": "G"
      }
    ]
  },
  {
    "source_url": "https://www.woolworths.com.au/shop/productdetails/684504/got2b-dry-shampoo-extra-fresh-extra-fresh-dry-shampoo",
    "name": "Got2B Dry Shampoo Extra Fresh 200mL",
    "image_url": "https://cdn1.woolworths.media/content/wowproductimages/large/684504.jpg",
    "source_id": "Woolworths - 684504",
    "barcode": "5410091733377",
    "category_id": "1_894D0A8",
    "shop": "Woolworths",
    "weight": "100ML",
    "prices": [
      {
        "state": "NSW",
        "price": "1050",
        "price_per_unit": "525",
        "price_unit": "ML"
      },
      {
        "state": "VIC",
        "price": "1050",
        "price_per_unit": "525",
        "price_unit": "ML"
      },
      {
        "state": "QLD",
        "price": "1050",
        "price_per_unit": "525",
        "price_unit": "ML"
      },
      {
        "state": "WA",
        "price": "1050",
        "price_per_unit": "525",
        "price_unit": "ML"
      },
      {
        "state": "SA",
        "price": "1050",
        "price_per_unit": "525",
        "price_unit": "ML"
      },
      {
        "state": "TAS",
        "price": "1050",
        "price_per_unit": "525",
        "price_unit": "ML"
      },
      {
        "state": "ACT",
        "price": "1050",
        "price_per_unit": "525",
        "price_unit": "ML"
      },
      {
        "state": "NT",
        "price": "1155",
        "price_per_unit": "578",
        "price_unit": "ML"
      }
    ]
  },
  {
    "source_url": "https://www.woolworths.com.au/shop/productdetails/684013/got2b-dry-shampoo-extra-volume-extra-volume-dry-shampoo",
    "name": "Got2B Dry Shampoo Extra Volume 200mL",
    "image_url": "https://cdn1.woolworths.media/content/wowproductimages/large/684013.jpg",
    "source_id": "Woolworths - 684013",
    "barcode": "7332531063739",
    "category_id": "1_894D0A8",
    "shop": "Woolworths",
    "weight": "100ML",
    "prices": [
      {
        "state": "NSW",
        "price": "1050",
        "price_per_unit": "525",
        "price_unit": "ML"
      },
      {
        "state": "VIC",
        "price": "1050",
        "price_per_unit": "525",
        "price_unit": "ML"
      },
      {
        "state": "QLD",
        "price": "1050",
        "price_per_unit": "525",
        "price_unit": "ML"
      },
      {
        "state": "SA",
        "price": "1050",
        "price_per_unit": "525",
        "price_unit": "ML"
      },
      {
        "state": "TAS",
        "price": "1050",
        "price_per_unit": "525",
        "price_unit": "ML"
      },
      {
        "state": "ACT",
        "price": "1050",
        "price_per_unit": "525",
        "price_unit": "ML"
      },
      {
        "state": "NT",
        "price": "1155",
        "price_per_unit": "578",
        "price_unit": "ML"
      }
    ]
  },
  {
    "source_url": "https://www.woolworths.com.au/shop/productdetails/626940/got2b-hair-spray-curl-spray-define-frizz-protection",
    "name": "Got2B Hair Spray Curl Spray Define & Frizz Protection 150mL",
    "image_url": "https://cdn1.woolworths.media/content/wowproductimages/large/626940.jpg",
    "source_id": "Woolworths - 626940",
    "barcode": "5012583211945",
    "category_id": "1_894D0A8",
    "shop": "Woolworths",
    "weight": "100ML",
    "prices": [
      {
        "state": "NSW",
        "price": "850",
        "price_per_unit": "567",
        "price_unit": "ML"
      },
      {
        "state": "VIC",
        "price": "850",
        "price_per_unit": "567",
        "price_unit": "ML"
      },
      {
        "state": "QLD",
        "price": "850",
        "price_per_unit": "567",
        "price_unit": "ML"
      },
      {
        "state": "WA",
        "price": "850",
        "price_per_unit": "567",
        "price_unit": "ML"
      },
      {
        "state": "SA",
        "price": "850",
        "price_per_unit": "567",
        "price_unit": "ML"
      },
      {
        "state": "TAS",
        "price": "850",
        "price_per_unit": "567",
        "price_unit": "ML"
      },
      {
        "state": "ACT",
        "price": "850",
        "price_per_unit": "567",
        "price_unit": "ML"
      },
      {
        "state": "NT",
        "price": "935",
        "price_per_unit": "623",
        "price_unit": "ML"
      }
    ]
  },
  {
    "source_url": "https://www.woolworths.com.au/shop/productdetails/803895/got2b-hair-spray-glued-blasting-freeze-hairspray",
    "name": "Got2B Hair Spray Glued Blasting Freeze Hairspray 300mL",
    "image_url": "https://cdn1.woolworths.media/content/wowproductimages/large/803895.jpg",
    "source_id": "Woolworths - 803895",
    "barcode": "5012583105091",
    "category_id": "1_894D0A8",
    "shop": "Woolworths",
    "weight": "100ML",
    "prices": [
      {
        "state": "NSW",
        "price": "850",
        "price_per_unit": "283",
        "price_unit": "ML"
      },
      {
        "state": "VIC",
        "price": "850",
        "price_per_unit": "283",
        "price_unit": "ML"
      },
      {
        "state": "QLD",
        "price": "850",
        "price_per_unit": "283",
        "price_unit": "ML"
      },
      {
        "state": "SA",
        "price": "850",
        "price_per_unit": "283",
        "price_unit": "ML"
      },
      {
        "state": "TAS",
        "price": "850",
        "price_per_unit": "283",
        "price_unit": "ML"
      },
      {
        "state": "ACT",
        "price": "850",
        "price_per_unit": "283",
        "price_unit": "ML"
      },
      {
        "state": "NT",
        "price": "935",
        "price_per_unit": "312",
        "price_unit": "ML"
      }
    ]
  },
  {
    "source_url": "https://www.woolworths.com.au/shop/productdetails/199820/got2b-hair-styling-glued-4-brows-edges-hair-wand",
    "name": "Got2B Hair Styling Glued 4 Brows & Edges Hair Wand 16mL",
    "image_url": "https://cdn1.woolworths.media/content/wowproductimages/large/199820.jpg",
    "source_id": "Woolworths - 199820",
    "barcode": "5012583210900",
    "category_id": "1_894D0A8",
    "shop": "Woolworths",
    "weight": "100ML",
    "prices": [
      {
        "state": "NSW",
        "price": "1750",
        "price_per_unit": "10938",
        "price_unit": "ML"
      },
      {
        "state": "VIC",
        "price": "1750",
        "price_per_unit": "10938",
        "price_unit": "ML"
      },
      {
        "state": "QLD",
        "price": "1750",
        "price_per_unit": "10938",
        "price_unit": "ML"
      },
      {
        "state": "WA",
        "price": "1750",
        "price_per_unit": "10938",
        "price_unit": "ML"
      },
      {
        "state": "SA",
        "price": "1750",
        "price_per_unit": "10938",
        "price_unit": "ML"
      },
      {
        "state": "TAS",
        "price": "1750",
        "price_per_unit": "10938",
        "price_unit": "ML"
      },
      {
        "state": "ACT",
        "price": "1750",
        "price_per_unit": "10938",
        "price_unit": "ML"
      }
    ]
  },
  {
    "source_url": "https://www.woolworths.com.au/shop/productdetails/265159/got2b-hair-styling-modelling-wax",
    "name": "Got2B Hair Styling Modelling Wax 100mL",
    "image_url": "https://cdn1.woolworths.media/content/wowproductimages/large/265159.jpg",
    "source_id": "Woolworths - 265159",
    "barcode": "9310714225561",
    "category_id": "1_894D0A8",
    "shop": "Woolworths",
    "weight": "100ML",
    "prices": [
      {
        "state": "NSW",
        "price": "1500",
        "price_per_unit": "1500",
        "price_unit": "ML"
      },
      {
        "state": "VIC",
        "price": "1500",
        "price_per_unit": "1500",
        "price_unit": "ML"
      },
      {
        "state": "QLD",
        "price": "1500",
        "price_per_unit": "1500",
        "price_unit": "ML"
      },
      {
        "state": "WA",
        "price": "1500",
        "price_per_unit": "1500",
        "price_unit": "ML"
      },
      {
        "state": "TAS",
        "price": "1500",
        "price_per_unit": "1500",
        "price_unit": "ML"
      },
      {
        "state": "ACT",
        "price": "1500",
        "price_per_unit": "1500",
        "price_unit": "ML"
      },
      {
        "state": "NT",
        "price": "1575",
        "price_per_unit": "1575",
        "price_unit": "ML"
      }
    ]
  },
  {
    "source_url": "https://www.woolworths.com.au/shop/productdetails/137783/got2b-hair-styling-ultra-glued-styling-gel",
    "name": "Got2B Hair Styling Ultra Glued Styling Gel 150mL",
    "image_url": "https://cdn1.woolworths.media/content/wowproductimages/large/137783.jpg",
    "source_id": "Woolworths - 137783",
    "barcode": "9310714225547",
    "category_id": "1_894D0A8",
    "shop": "Woolworths",
    "weight": "100ML",
    "prices": [
      {
        "state": "NSW",
        "price": "1500",
        "price_per_unit": "1000",
        "price_unit": "ML"
      },
      {
        "state": "VIC",
        "price": "1500",
        "price_per_unit": "1000",
        "price_unit": "ML"
      },
      {
        "state": "QLD",
        "price": "1500",
        "price_per_unit": "1000",
        "price_unit": "ML"
      },
      {
        "state": "WA",
        "price": "1500",
        "price_per_unit": "1000",
        "price_unit": "ML"
      },
      {
        "state": "SA",
        "price": "1500",
        "price_per_unit": "1000",
        "price_unit": "ML"
      },
      {
        "state": "TAS",
        "price": "1500",
        "price_per_unit": "1000",
        "price_unit": "ML"
      },
      {
        "state": "ACT",
        "price": "1500",
        "price_per_unit": "1000",
        "price_unit": "ML"
      },
      {
        "state": "NT",
        "price": "1575",
        "price_per_unit": "1050",
        "price_unit": "ML"
      }
    ]
  },
  {
    "source_url": "https://www.woolworths.com.au/shop/productdetails/711233/john-frieda-frizz-ease-3-day-straight",
    "name": "John Frieda Frizz Ease 3 Day Straight 103ml",
    "image_url": "https://cdn1.woolworths.media/content/wowproductimages/large/711233.jpg",
    "source_id": "Woolworths - 711233",
    "barcode": "717226164286",
    "category_id": "1_894D0A8",
    "shop": "Woolworths",
    "weight": "100ML",
    "prices": [
      {
        "state": "NSW",
        "price": "2100",
        "price_per_unit": "2039",
        "price_unit": "ML"
      },
      {
        "state": "VIC",
        "price": "2100",
        "price_per_unit": "2039",
        "price_unit": "ML"
      },
      {
        "state": "QLD",
        "price": "2100",
        "price_per_unit": "2039",
        "price_unit": "ML"
      },
      {
        "state": "WA",
        "price": "2100",
        "price_per_unit": "2039",
        "price_unit": "ML"
      },
      {
        "state": "SA",
        "price": "2100",
        "price_per_unit": "2039",
        "price_unit": "ML"
      },
      {
        "state": "TAS",
        "price": "2100",
        "price_per_unit": "2039",
        "price_unit": "ML"
      },
      {
        "state": "ACT",
        "price": "2100",
        "price_per_unit": "2039",
        "price_unit": "ML"
      },
      {
        "state": "NT",
        "price": "2300",
        "price_per_unit": "2233",
        "price_unit": "ML"
      }
    ]
  },
  {
    "source_url": "https://www.woolworths.com.au/shop/productdetails/686072/john-frieda-frizz-ease-curl-reviver-mousse",
    "name": "John Frieda Frizz Ease Curl Reviver Mousse 210g",
    "image_url": "https://cdn1.woolworths.media/content/wowproductimages/large/686072.jpg",
    "source_id": "Woolworths - 686072",
    "barcode": "717226128554",
    "category_id": "1_894D0A8",
    "shop": "Woolworths",
    "weight": "100G",
    "prices": [
      {
        "state": "NSW",
        "price": "2100",
        "price_per_unit": "1000",
        "price_unit": "G"
      },
      {
        "state": "VIC",
        "price": "2100",
        "price_per_unit": "1000",
        "price_unit": "G"
      },
      {
        "state": "QLD",
        "price": "2100",
        "price_per_unit": "1000",
        "price_unit": "G"
      },
      {
        "state": "WA",
        "price": "2100",
        "price_per_unit": "1000",
        "price_unit": "G"
      },
      {
        "state": "SA",
        "price": "2100",
        "price_per_unit": "1000",
        "price_unit": "G"
      },
      {
        "state": "TAS",
        "price": "2100",
        "price_per_unit": "1000",
        "price_unit": "G"
      },
      {
        "state": "ACT",
        "price": "2100",
        "price_per_unit": "1000",
        "price_unit": "G"
      },
      {
        "state": "NT",
        "price": "2300",
        "price_per_unit": "1095",
        "price_unit": "G"
      }
    ]
  },
  {
    "source_url": "https://www.woolworths.com.au/shop/productdetails/62570/john-frieda-frizz-ease-dream-curls-defining-creme",
    "name": "John Frieda Frizz Ease Dream Curls Defining Creme 150ml",
    "image_url": "https://cdn1.woolworths.media/content/wowproductimages/large/062570.jpg",
    "source_id": "Woolworths - 62570",
    "barcode": "5037156247121",
    "category_id": "1_894D0A8",
    "shop": "Woolworths",
    "weight": "100ML",
    "prices": [
      {
        "state": "NSW",
        "price": "2100",
        "price_per_unit": "1400",
        "price_unit": "ML"
      },
      {
        "state": "VIC",
        "price": "2100",
        "price_per_unit": "1400",
        "price_unit": "ML"
      },
      {
        "state": "QLD",
        "price": "2100",
        "price_per_unit": "1400",
        "price_unit": "ML"
      },
      {
        "state": "WA",
        "price": "2100",
        "price_per_unit": "1400",
        "price_unit": "ML"
      },
      {
        "state": "SA",
        "price": "2100",
        "price_per_unit": "1400",
        "price_unit": "ML"
      },
      {
        "state": "TAS",
        "price": "2100",
        "price_per_unit": "1400",
        "price_unit": "ML"
      },
      {
        "state": "ACT",
        "price": "2100",
        "price_per_unit": "1400",
        "price_unit": "ML"
      },
      {
        "state": "NT",
        "price": "2300",
        "price_per_unit": "1533",
        "price_unit": "ML"
      }
    ]
  },
  {
    "source_url": "https://www.woolworths.com.au/shop/productdetails/194495/john-frieda-frizz-ease-dream-curls-spray-styler",
    "name": "John Frieda Frizz Ease Dream Curls Spray Styler 198ml",
    "image_url": "https://cdn1.woolworths.media/content/wowproductimages/large/194495.jpg",
    "source_id": "Woolworths - 194495",
    "barcode": "717226111617",
    "category_id": "1_894D0A8",
    "shop": "Woolworths",
    "weight": "100ML",
    "prices": [
      {
        "state": "NSW",
        "price": "2100",
        "price_per_unit": "1061",
        "price_unit": "ML"
      },
      {
        "state": "VIC",
        "price": "2100",
        "price_per_unit": "1061",
        "price_unit": "ML"
      },
      {
        "state": "QLD",
        "price": "2100",
        "price_per_unit": "1061",
        "price_unit": "ML"
      },
      {
        "state": "WA",
        "price": "2100",
        "price_per_unit": "1061",
        "price_unit": "ML"
      },
      {
        "state": "SA",
        "price": "2100",
        "price_per_unit": "1061",
        "price_unit": "ML"
      },
      {
        "state": "TAS",
        "price": "2100",
        "price_per_unit": "1061",
        "price_unit": "ML"
      },
      {
        "state": "ACT",
        "price": "2100",
        "price_per_unit": "1061",
        "price_unit": "ML"
      },
      {
        "state": "NT",
        "price": "2300",
        "price_per_unit": "1162",
        "price_unit": "ML"
      }
    ]
  },
  {
    "source_url": "https://www.woolworths.com.au/shop/productdetails/173167/john-frieda-frizz-ease-secret-weapon-styler",
    "name": "John Frieda Frizz Ease Secret Weapon Styler 113g",
    "image_url": "https://cdn1.woolworths.media/content/wowproductimages/large/173167.jpg",
    "source_id": "Woolworths - 173167",
    "barcode": "717226111433",
    "category_id": "1_894D0A8",
    "shop": "Woolworths",
    "weight": "100G",
    "prices": [
      {
        "state": "NSW",
        "price": "2100",
        "price_per_unit": "1858",
        "price_unit": "G"
      },
      {
        "state": "VIC",
        "price": "2100",
        "price_per_unit": "1858",
        "price_unit": "G"
      },
      {
        "state": "QLD",
        "price": "2100",
        "price_per_unit": "1858",
        "price_unit": "G"
      },
      {
        "state": "WA",
        "price": "2100",
        "price_per_unit": "1858",
        "price_unit": "G"
      },
      {
        "state": "SA",
        "price": "2100",
        "price_per_unit": "1858",
        "price_unit": "G"
      },
      {
        "state": "TAS",
        "price": "2100",
        "price_per_unit": "1858",
        "price_unit": "G"
      },
      {
        "state": "ACT",
        "price": "2100",
        "price_per_unit": "1858",
        "price_unit": "G"
      },
      {
        "state": "NT",
        "price": "2300",
        "price_per_unit": "2035",
        "price_unit": "G"
      }
    ]
  },
  {
    "source_url": "https://www.woolworths.com.au/shop/productdetails/203807/john-frieda-frizz-ease-serum-extra-strength",
    "name": "John Frieda Frizz Ease Serum Extra Strength 50ml",
    "image_url": "https://cdn1.woolworths.media/content/wowproductimages/large/203807.jpg",
    "source_id": "Woolworths - 203807",
    "barcode": "717226280245",
    "category_id": "1_894D0A8",
    "shop": "Woolworths",
    "weight": "100ML",
    "prices": [
      {
        "state": "NSW",
        "price": "2100",
        "price_per_unit": "4200",
        "price_unit": "ML"
      },
      {
        "state": "VIC",
        "price": "2100",
        "price_per_unit": "4200",
        "price_unit": "ML"
      },
      {
        "state": "QLD",
        "price": "2100",
        "price_per_unit": "4200",
        "price_unit": "ML"
      },
      {
        "state": "WA",
        "price": "2100",
        "price_per_unit": "4200",
        "price_unit": "ML"
      },
      {
        "state": "SA",
        "price": "2100",
        "price_per_unit": "4200",
        "price_unit": "ML"
      },
      {
        "state": "TAS",
        "price": "2100",
        "price_per_unit": "4200",
        "price_unit": "ML"
      },
      {
        "state": "ACT",
        "price": "2100",
        "price_per_unit": "4200",
        "price_unit": "ML"
      },
      {
        "state": "NT",
        "price": "2300",
        "price_per_unit": "4600",
        "price_unit": "ML"
      }
    ]
  },
  {
    "source_url": "https://www.woolworths.com.au/shop/productdetails/622035/klorane-dry-shampoo-with-oat-ceramide",
    "name": "Klorane Dry Shampoo With Oat & Ceramide 150mL",
    "image_url": "https://cdn1.woolworths.media/content/wowproductimages/large/622035.jpg",
    "source_id": "Woolworths - 622035",
    "barcode": "3282770390759",
    "category_id": "1_894D0A8",
    "shop": "Woolworths",
    "weight": "100ML",
    "prices": [
      {
        "state": "NSW",
        "price": "1800",
        "price_per_unit": "1200",
        "price_unit": "ML"
      },
      {
        "state": "VIC",
        "price": "1800",
        "price_per_unit": "1200",
        "price_unit": "ML"
      },
      {
        "state": "QLD",
        "price": "1800",
        "price_per_unit": "1200",
        "price_unit": "ML"
      },
      {
        "state": "WA",
        "price": "1800",
        "price_per_unit": "1200",
        "price_unit": "ML"
      },
      {
        "state": "SA",
        "price": "1800",
        "price_per_unit": "1200",
        "price_unit": "ML"
      },
      {
        "state": "TAS",
        "price": "1800",
        "price_per_unit": "1200",
        "price_unit": "ML"
      },
      {
        "state": "ACT",
        "price": "1800",
        "price_per_unit": "1200",
        "price_unit": "ML"
      },
      {
        "state": "NT",
        "price": "1890",
        "price_per_unit": "1260",
        "price_unit": "ML"
      }
    ]
  },
  {
    "source_url": "https://www.woolworths.com.au/shop/productdetails/659678/klorane-dry-shampoo-with-oat-ceramide-for-dark-hair",
    "name": "Klorane Dry Shampoo With Oat & Ceramide For Dark Hair 150mL",
    "image_url": "https://cdn1.woolworths.media/content/wowproductimages/large/659678.jpg",
    "source_id": "Woolworths - 659678",
    "barcode": "3282770390766",
    "category_id": "1_894D0A8",
    "shop": "Woolworths",
    "weight": "100ML",
    "prices": [
      {
        "state": "NSW",
        "price": "1800",
        "price_per_unit": "1200",
        "price_unit": "ML"
      },
      {
        "state": "VIC",
        "price": "1800",
        "price_per_unit": "1200",
        "price_unit": "ML"
      },
      {
        "state": "QLD",
        "price": "1800",
        "price_per_unit": "1200",
        "price_unit": "ML"
      },
      {
        "state": "WA",
        "price": "1800",
        "price_per_unit": "1200",
        "price_unit": "ML"
      },
      {
        "state": "SA",
        "price": "1800",
        "price_per_unit": "1200",
        "price_unit": "ML"
      },
      {
        "state": "TAS",
        "price": "1800",
        "price_per_unit": "1200",
        "price_unit": "ML"
      },
      {
        "state": "ACT",
        "price": "1800",
        "price_per_unit": "1200",
        "price_unit": "ML"
      },
      {
        "state": "NT",
        "price": "1890",
        "price_per_unit": "1260",
        "price_unit": "ML"
      }
    ]
  },
  {
    "source_url": "https://www.woolworths.com.au/shop/productdetails/858504/loreal-extraordinary-oil-mask",
    "name": "Loreal Extraordinary Oil Mask 300ml",
    "image_url": "https://cdn1.woolworths.media/content/wowproductimages/large/858504.jpg",
    "source_id": "Woolworths - 858504",
    "barcode": "3600522873341",
    "category_id": "1_894D0A8",
    "shop": "Woolworths",
    "weight": "100ML",
    "prices": [
      {
        "state": "NSW",
        "price": "1300",
        "price_per_unit": "433",
        "price_unit": "ML"
      },
      {
        "state": "VIC",
        "price": "1300",
        "price_per_unit": "433",
        "price_unit": "ML"
      },
      {
        "state": "QLD",
        "price": "1300",
        "price_per_unit": "433",
        "price_unit": "ML"
      },
      {
        "state": "WA",
        "price": "1300",
        "price_per_unit": "433",
        "price_unit": "ML"
      },
      {
        "state": "SA",
        "price": "1300",
        "price_per_unit": "433",
        "price_unit": "ML"
      },
      {
        "state": "TAS",
        "price": "1300",
        "price_per_unit": "433",
        "price_unit": "ML"
      },
      {
        "state": "ACT",
        "price": "1300",
        "price_per_unit": "433",
        "price_unit": "ML"
      },
      {
        "state": "NT",
        "price": "1430",
        "price_per_unit": "477",
        "price_unit": "ML"
      }
    ]
  },
  {
    "source_url": "https://www.woolworths.com.au/shop/productdetails/307851/marc-daniels-treatment-go-curly-makes-hair-curly",
    "name": "Marc Daniels Treatment Go Curly Makes Hair Curly 150ml",
    "image_url": "https://cdn1.woolworths.media/content/wowproductimages/large/307851.jpg",
    "source_id": "Woolworths - 307851",
    "barcode": "694530000434",
    "category_id": "1_894D0A8",
    "shop": "Woolworths",
    "weight": "100ML",
    "prices": [
      {
        "state": "NSW",
        "price": "800",
        "price_per_unit": "533",
        "price_unit": "ML"
      },
      {
        "state": "VIC",
        "price": "800",
        "price_per_unit": "533",
        "price_unit": "ML"
      },
      {
        "state": "QLD",
        "price": "800",
        "price_per_unit": "533",
        "price_unit": "ML"
      },
      {
        "state": "WA",
        "price": "800",
        "price_per_unit": "533",
        "price_unit": "ML"
      },
      {
        "state": "SA",
        "price": "800",
        "price_per_unit": "533",
        "price_unit": "ML"
      },
      {
        "state": "TAS",
        "price": "800",
        "price_per_unit": "533",
        "price_unit": "ML"
      },
      {
        "state": "ACT",
        "price": "800",
        "price_per_unit": "533",
        "price_unit": "ML"
      },
      {
        "state": "NT",
        "price": "880",
        "price_per_unit": "587",
        "price_unit": "ML"
      }
    ]
  },
  {
    "source_url": "https://www.woolworths.com.au/shop/productdetails/759539/oc-naturals-shampoo-dry-nourish",
    "name": "OC Naturals Shampoo Dry Nourish 725ml",
    "image_url": "https://cdn1.woolworths.media/content/wowproductimages/large/759539.jpg",
    "source_id": "Woolworths - 759539",
    "barcode": "9310692422174",
    "category_id": "1_894D0A8",
    "shop": "Woolworths",
    "weight": "100ML",
    "prices": [
      {
        "state": "NSW",
        "price": "640",
        "price_per_unit": "88",
        "price_unit": "ML"
      },
      {
        "state": "VIC",
        "price": "640",
        "price_per_unit": "88",
        "price_unit": "ML"
      },
      {
        "state": "QLD",
        "price": "640",
        "price_per_unit": "88",
        "price_unit": "ML"
      },
      {
        "state": "WA",
        "price": "640",
        "price_per_unit": "88",
        "price_unit": "ML"
      },
      {
        "state": "SA",
        "price": "640",
        "price_per_unit": "88",
        "price_unit": "ML"
      },
      {
        "state": "TAS",
        "price": "640",
        "price_per_unit": "88",
        "price_unit": "ML"
      },
      {
        "state": "ACT",
        "price": "640",
        "price_per_unit": "88",
        "price_unit": "ML"
      },
      {
        "state": "NT",
        "price": "672",
        "price_per_unit": "93",
        "price_unit": "ML"
      }
    ]
  },
  {
    "source_url": "https://www.woolworths.com.au/shop/productdetails/85695/ogx-argan-oil-dry-shampoo-for-all-hair-types",
    "name": "OGX Argan Oil Dry Shampoo For All Hair Types 200mL",
    "image_url": "https://cdn1.woolworths.media/content/wowproductimages/large/085695.jpg",
    "source_id": "Woolworths - 85695",
    "barcode": "9300607610482",
    "category_id": "1_894D0A8",
    "shop": "Woolworths",
    "weight": "100ML",
    "prices": [
      {
        "state": "NSW",
        "price": "2300",
        "price_per_unit": "1150",
        "price_unit": "ML"
      },
      {
        "state": "VIC",
        "price": "2300",
        "price_per_unit": "1150",
        "price_unit": "ML"
      },
      {
        "state": "QLD",
        "price": "2300",
        "price_per_unit": "1150",
        "price_unit": "ML"
      },
      {
        "state": "WA",
        "price": "2300",
        "price_per_unit": "1150",
        "price_unit": "ML"
      },
      {
        "state": "SA",
        "price": "2300",
        "price_per_unit": "1150",
        "price_unit": "ML"
      },
      {
        "state": "TAS",
        "price": "2300",
        "price_per_unit": "1150",
        "price_unit": "ML"
      },
      {
        "state": "ACT",
        "price": "2300",
        "price_per_unit": "1150",
        "price_unit": "ML"
      },
      {
        "state": "NT",
        "price": "2400",
        "price_per_unit": "1200",
        "price_unit": "ML"
      }
    ]
  },
  {
    "source_url": "https://www.woolworths.com.au/shop/productdetails/83973/ogx-argan-oil-heat-protect-hair-spray-for-heat-styled-hair",
    "name": "OGX Argan Oil Heat Protect Hair Spray For Heat Styled Hair 177mL",
    "image_url": "https://cdn1.woolworths.media/content/wowproductimages/large/083973.jpg",
    "source_id": "Woolworths - 83973",
    "barcode": "3574661547046",
    "category_id": "1_894D0A8",
    "shop": "Woolworths",
    "weight": "100ML",
    "prices": [
      {
        "state": "NSW",
        "price": "2700",
        "price_per_unit": "1525",
        "price_unit": "ML"
      },
      {
        "state": "VIC",
        "price": "2700",
        "price_per_unit": "1525",
        "price_unit": "ML"
      },
      {
        "state": "WA",
        "price": "2700",
        "price_per_unit": "1525",
        "price_unit": "ML"
      },
      {
        "state": "SA",
        "price": "2700",
        "price_per_unit": "1525",
        "price_unit": "ML"
      },
      {
        "state": "TAS",
        "price": "2700",
        "price_per_unit": "1525",
        "price_unit": "ML"
      },
      {
        "state": "ACT",
        "price": "2700",
        "price_per_unit": "1525",
        "price_unit": "ML"
      },
      {
        "state": "NT",
        "price": "2970",
        "price_per_unit": "1678",
        "price_unit": "ML"
      }
    ]
  },
  {
    "source_url": "https://www.woolworths.com.au/shop/productdetails/210629/schwarzkopf-extra-care-hair-spray-keratin-heat-protect-styling-hairspray",
    "name": "Schwarzkopf Extra Care Hair Spray Keratin Heat Protect Styling Hairspray 250mL",
    "image_url": "https://cdn1.woolworths.media/content/wowproductimages/large/210629.jpg",
    "source_id": "Woolworths - 210629",
    "barcode": "9310714228104",
    "category_id": "1_894D0A8",
    "shop": "Woolworths",
    "weight": "100ML",
    "prices": [
      {
        "state": "NSW",
        "price": "1500",
        "price_per_unit": "600",
        "price_unit": "ML"
      },
      {
        "state": "VIC",
        "price": "1500",
        "price_per_unit": "600",
        "price_unit": "ML"
      },
      {
        "state": "QLD",
        "price": "1500",
        "price_per_unit": "600",
        "price_unit": "ML"
      },
      {
        "state": "WA",
        "price": "1500",
        "price_per_unit": "600",
        "price_unit": "ML"
      },
      {
        "state": "SA",
        "price": "1500",
        "price_per_unit": "600",
        "price_unit": "ML"
      },
      {
        "state": "TAS",
        "price": "1500",
        "price_per_unit": "600",
        "price_unit": "ML"
      },
      {
        "state": "ACT",
        "price": "1500",
        "price_per_unit": "600",
        "price_unit": "ML"
      },
      {
        "state": "NT",
        "price": "1650",
        "price_per_unit": "660",
        "price_unit": "ML"
      }
    ]
  },
  {
    "source_url": "https://www.woolworths.com.au/shop/productdetails/211706/schwarzkopf-extra-care-hair-spray-keratin-sea-salt-styling-hairspray",
    "name": "Schwarzkopf Extra Care Hair Spray Keratin Sea Salt Styling Hairspray 250mL",
    "image_url": "https://cdn1.woolworths.media/content/wowproductimages/large/211706.jpg",
    "source_id": "Woolworths - 211706",
    "barcode": "9310714228111",
    "category_id": "1_894D0A8",
    "shop": "Woolworths",
    "weight": "100ML",
    "prices": [
      {
        "state": "NSW",
        "price": "1500",
        "price_per_unit": "600",
        "price_unit": "ML"
      },
      {
        "state": "VIC",
        "price": "1500",
        "price_per_unit": "600",
        "price_unit": "ML"
      },
      {
        "state": "QLD",
        "price": "1500",
        "price_per_unit": "600",
        "price_unit": "ML"
      },
      {
        "state": "WA",
        "price": "1500",
        "price_per_unit": "600",
        "price_unit": "ML"
      },
      {
        "state": "SA",
        "price": "1500",
        "price_per_unit": "600",
        "price_unit": "ML"
      },
      {
        "state": "TAS",
        "price": "1500",
        "price_per_unit": "600",
        "price_unit": "ML"
      },
      {
        "state": "ACT",
        "price": "1500",
        "price_per_unit": "600",
        "price_unit": "ML"
      },
      {
        "state": "NT",
        "price": "1650",
        "price_per_unit": "660",
        "price_unit": "ML"
      }
    ]
  },
  {
    "source_url": "https://www.woolworths.com.au/shop/productdetails/378904/schwarzkopf-extra-care-hair-spray-keratin-strength-styling-hairspray",
    "name": "Schwarzkopf Extra Care Hair Spray Keratin Strength Styling Hairspray 250g",
    "image_url": "https://cdn1.woolworths.media/content/wowproductimages/large/378904.jpg",
    "source_id": "Woolworths - 378904",
    "barcode": "9310714211748",
    "category_id": "1_894D0A8",
    "shop": "Woolworths",
    "weight": "100G",
    "prices": [
      {
        "state": "NSW",
        "price": "1000",
        "price_per_unit": "400",
        "price_unit": "G"
      },
      {
        "state": "VIC",
        "price": "1000",
        "price_per_unit": "400",
        "price_unit": "G"
      },
      {
        "state": "QLD",
        "price": "1000",
        "price_per_unit": "400",
        "price_unit": "G"
      },
      {
        "state": "WA",
        "price": "1000",
        "price_per_unit": "400",
        "price_unit": "G"
      },
      {
        "state": "SA",
        "price": "1000",
        "price_per_unit": "400",
        "price_unit": "G"
      },
      {
        "state": "TAS",
        "price": "1000",
        "price_per_unit": "400",
        "price_unit": "G"
      },
      {
        "state": "ACT",
        "price": "1000",
        "price_per_unit": "400",
        "price_unit": "G"
      },
      {
        "state": "NT",
        "price": "1100",
        "price_per_unit": "440",
        "price_unit": "G"
      }
    ]
  },
  {
    "source_url": "https://www.woolworths.com.au/shop/productdetails/265733/schwarzkopf-extra-care-hair-spray-keratin-strength-styling-hairspray",
    "name": "Schwarzkopf Extra Care Hair Spray Keratin Strength Styling Hairspray 400g",
    "image_url": "https://cdn1.woolworths.media/content/wowproductimages/large/265733.jpg",
    "source_id": "Woolworths - 265733",
    "barcode": "9310714229040",
    "category_id": "1_894D0A8",
    "shop": "Woolworths",
    "weight": "100G",
    "prices": [
      {
        "state": "NSW",
        "price": "1300",
        "price_per_unit": "325",
        "price_unit": "G"
      },
      {
        "state": "VIC",
        "price": "1300",
        "price_per_unit": "325",
        "price_unit": "G"
      },
      {
        "state": "QLD",
        "price": "1300",
        "price_per_unit": "325",
        "price_unit": "G"
      },
      {
        "state": "WA",
        "price": "1300",
        "price_per_unit": "325",
        "price_unit": "G"
      },
      {
        "state": "SA",
        "price": "1300",
        "price_per_unit": "325",
        "price_unit": "G"
      },
      {
        "state": "TAS",
        "price": "1300",
        "price_per_unit": "325",
        "price_unit": "G"
      },
      {
        "state": "ACT",
        "price": "1300",
        "price_per_unit": "325",
        "price_unit": "G"
      },
      {
        "state": "NT",
        "price": "1430",
        "price_per_unit": "358",
        "price_unit": "G"
      }
    ]
  },
  {
    "source_url": "https://www.woolworths.com.au/shop/productdetails/36197/schwarzkopf-extra-care-hair-spray-strong-non-aerosol-styling-hairspray",
    "name": "Schwarzkopf Extra Care Hair Spray Strong Non-Aerosol Styling Hairspray 200mL",
    "image_url": "https://cdn1.woolworths.media/content/wowproductimages/large/036197.jpg",
    "source_id": "Woolworths - 36197",
    "barcode": "9310714468005",
    "category_id": "1_894D0A8",
    "shop": "Woolworths",
    "weight": "100ML",
    "prices": [
      {
        "state": "NSW",
        "price": "1000",
        "price_per_unit": "500",
        "price_unit": "ML"
      },
      {
        "state": "VIC",
        "price": "1000",
        "price_per_unit": "500",
        "price_unit": "ML"
      },
      {
        "state": "QLD",
        "price": "1000",
        "price_per_unit": "500",
        "price_unit": "ML"
      },
      {
        "state": "WA",
        "price": "1000",
        "price_per_unit": "500",
        "price_unit": "ML"
      },
      {
        "state": "SA",
        "price": "1000",
        "price_per_unit": "500",
        "price_unit": "ML"
      },
      {
        "state": "TAS",
        "price": "1000",
        "price_per_unit": "500",
        "price_unit": "ML"
      },
      {
        "state": "ACT",
        "price": "1000",
        "price_per_unit": "500",
        "price_unit": "ML"
      },
      {
        "state": "NT",
        "price": "1100",
        "price_per_unit": "550",
        "price_unit": "ML"
      }
    ]
  },
  {
    "source_url": "https://www.woolworths.com.au/shop/productdetails/21892/schwarzkopf-extra-care-hair-spray-strong-styling-hairspray",
    "name": "Schwarzkopf Extra Care Hair Spray Strong Styling Hairspray 100g",
    "image_url": "https://cdn1.woolworths.media/content/wowproductimages/large/021892.jpg",
    "source_id": "Woolworths - 21892",
    "barcode": "9310714467169",
    "category_id": "1_894D0A8",
    "shop": "Woolworths",
    "weight": "100G",
    "prices": [
      {
        "state": "NSW",
        "price": "800",
        "price_per_unit": "800",
        "price_unit": "G"
      },
      {
        "state": "VIC",
        "price": "800",
        "price_per_unit": "800",
        "price_unit": "G"
      },
      {
        "state": "QLD",
        "price": "800",
        "price_per_unit": "800",
        "price_unit": "G"
      },
      {
        "state": "WA",
        "price": "800",
        "price_per_unit": "800",
        "price_unit": "G"
      },
      {
        "state": "SA",
        "price": "800",
        "price_per_unit": "800",
        "price_unit": "G"
      },
      {
        "state": "TAS",
        "price": "800",
        "price_per_unit": "800",
        "price_unit": "G"
      },
      {
        "state": "ACT",
        "price": "800",
        "price_per_unit": "800",
        "price_unit": "G"
      },
      {
        "state": "NT",
        "price": "880",
        "price_per_unit": "880",
        "price_unit": "G"
      }
    ]
  },
  {
    "source_url": "https://www.woolworths.com.au/shop/productdetails/8617/schwarzkopf-extra-care-hair-spray-strong-styling-hairspray",
    "name": "Schwarzkopf Extra Care Hair Spray Strong Styling Hairspray 250g",
    "image_url": "https://cdn1.woolworths.media/content/wowproductimages/large/008617.jpg",
    "source_id": "Woolworths - 8617",
    "barcode": "9310714467121",
    "category_id": "1_894D0A8",
    "shop": "Woolworths",
    "weight": "100G",
    "prices": [
      {
        "state": "NSW",
        "price": "1000",
        "price_per_unit": "400",
        "price_unit": "G"
      },
      {
        "state": "VIC",
        "price": "1000",
        "price_per_unit": "400",
        "price_unit": "G"
      },
      {
        "state": "QLD",
        "price": "1000",
        "price_per_unit": "400",
        "price_unit": "G"
      },
      {
        "state": "WA",
        "price": "1000",
        "price_per_unit": "400",
        "price_unit": "G"
      },
      {
        "state": "SA",
        "price": "1000",
        "price_per_unit": "400",
        "price_unit": "G"
      },
      {
        "state": "TAS",
        "price": "1000",
        "price_per_unit": "400",
        "price_unit": "G"
      },
      {
        "state": "ACT",
        "price": "1000",
        "price_per_unit": "400",
        "price_unit": "G"
      },
      {
        "state": "NT",
        "price": "1100",
        "price_per_unit": "440",
        "price_unit": "G"
      }
    ]
  },
  {
    "source_url": "https://www.woolworths.com.au/shop/productdetails/35458/schwarzkopf-extra-care-hair-spray-strong-styling-hairspray",
    "name": "Schwarzkopf Extra Care Hair Spray Strong Styling Hairspray 400g",
    "image_url": "https://cdn1.woolworths.media/content/wowproductimages/large/035458.jpg",
    "source_id": "Woolworths - 35458",
    "barcode": "9310714467381",
    "category_id": "1_894D0A8",
    "shop": "Woolworths",
    "weight": "100G",
    "prices": [
      {
        "state": "NSW",
        "price": "1300",
        "price_per_unit": "325",
        "price_unit": "G"
      },
      {
        "state": "VIC",
        "price": "1300",
        "price_per_unit": "325",
        "price_unit": "G"
      },
      {
        "state": "QLD",
        "price": "1300",
        "price_per_unit": "325",
        "price_unit": "G"
      },
      {
        "state": "WA",
        "price": "1300",
        "price_per_unit": "325",
        "price_unit": "G"
      },
      {
        "state": "SA",
        "price": "1300",
        "price_per_unit": "325",
        "price_unit": "G"
      },
      {
        "state": "TAS",
        "price": "1300",
        "price_per_unit": "325",
        "price_unit": "G"
      },
      {
        "state": "ACT",
        "price": "1300",
        "price_per_unit": "325",
        "price_unit": "G"
      },
      {
        "state": "NT",
        "price": "1430",
        "price_per_unit": "358",
        "price_unit": "G"
      }
    ]
  },
  {
    "source_url": "https://www.woolworths.com.au/shop/productdetails/22753/schwarzkopf-extra-care-hair-spray-super-styling-lacquer-hairspray",
    "name": "Schwarzkopf Extra Care Hair Spray Super Styling Lacquer Hairspray 250g",
    "image_url": "https://cdn1.woolworths.media/content/wowproductimages/large/022753.jpg",
    "source_id": "Woolworths - 22753",
    "barcode": "9310714467435",
    "category_id": "1_894D0A8",
    "shop": "Woolworths",
    "weight": "100G",
    "prices": [
      {
        "state": "NSW",
        "price": "1000",
        "price_per_unit": "400",
        "price_unit": "G"
      },
      {
        "state": "VIC",
        "price": "1000",
        "price_per_unit": "400",
        "price_unit": "G"
      },
      {
        "state": "QLD",
        "price": "1000",
        "price_per_unit": "400",
        "price_unit": "G"
      },
      {
        "state": "WA",
        "price": "1000",
        "price_per_unit": "400",
        "price_unit": "G"
      },
      {
        "state": "TAS",
        "price": "1000",
        "price_per_unit": "400",
        "price_unit": "G"
      },
      {
        "state": "ACT",
        "price": "1000",
        "price_per_unit": "400",
        "price_unit": "G"
      },
      {
        "state": "NT",
        "price": "1100",
        "price_per_unit": "440",
        "price_unit": "G"
      }
    ]
  },
  {
    "source_url": "https://www.woolworths.com.au/shop/productdetails/14138/schwarzkopf-extra-care-hair-spray-super-styling-lacquer-hairspray",
    "name": "Schwarzkopf Extra Care Hair Spray Super Styling Lacquer Hairspray 400g",
    "image_url": "https://cdn1.woolworths.media/content/wowproductimages/large/014138.jpg",
    "source_id": "Woolworths - 14138",
    "barcode": "9310714467411",
    "category_id": "1_894D0A8",
    "shop": "Woolworths",
    "weight": "100G",
    "prices": [
      {
        "state": "NSW",
        "price": "1300",
        "price_per_unit": "325",
        "price_unit": "G"
      },
      {
        "state": "VIC",
        "price": "1300",
        "price_per_unit": "325",
        "price_unit": "G"
      },
      {
        "state": "QLD",
        "price": "1300",
        "price_per_unit": "325",
        "price_unit": "G"
      },
      {
        "state": "WA",
        "price": "1300",
        "price_per_unit": "325",
        "price_unit": "G"
      },
      {
        "state": "SA",
        "price": "1300",
        "price_per_unit": "325",
        "price_unit": "G"
      },
      {
        "state": "TAS",
        "price": "1300",
        "price_per_unit": "325",
        "price_unit": "G"
      },
      {
        "state": "ACT",
        "price": "1300",
        "price_per_unit": "325",
        "price_unit": "G"
      },
      {
        "state": "NT",
        "price": "1430",
        "price_per_unit": "358",
        "price_unit": "G"
      }
    ]
  },
  {
    "source_url": "https://www.woolworths.com.au/shop/productdetails/230589/schwarzkopf-extra-care-hair-styling-curl-flex-cream",
    "name": "Schwarzkopf Extra Care Hair Styling Curl Flex Cream 200mL",
    "image_url": "https://cdn1.woolworths.media/content/wowproductimages/large/230589.jpg",
    "source_id": "Woolworths - 230589",
    "barcode": "9310714228135",
    "category_id": "1_894D0A8",
    "shop": "Woolworths",
    "weight": "100ML",
    "prices": [
      {
        "state": "NSW",
        "price": "1500",
        "price_per_unit": "750",
        "price_unit": "ML"
      },
      {
        "state": "VIC",
        "price": "1500",
        "price_per_unit": "750",
        "price_unit": "ML"
      },
      {
        "state": "QLD",
        "price": "1500",
        "price_per_unit": "750",
        "price_unit": "ML"
      },
      {
        "state": "WA",
        "price": "1500",
        "price_per_unit": "750",
        "price_unit": "ML"
      },
      {
        "state": "SA",
        "price": "1500",
        "price_per_unit": "750",
        "price_unit": "ML"
      },
      {
        "state": "TAS",
        "price": "1500",
        "price_per_unit": "750",
        "price_unit": "ML"
      },
      {
        "state": "ACT",
        "price": "1500",
        "price_per_unit": "750",
        "price_unit": "ML"
      },
      {
        "state": "NT",
        "price": "1650",
        "price_per_unit": "825",
        "price_unit": "ML"
      }
    ]
  },
  {
    "source_url": "https://www.woolworths.com.au/shop/productdetails/378916/schwarzkopf-extra-care-hair-styling-keratin-styling-mousse",
    "name": "Schwarzkopf Extra Care Hair Styling Keratin Styling Mousse 150g",
    "image_url": "https://cdn1.woolworths.media/content/wowproductimages/large/378916.jpg",
    "source_id": "Woolworths - 378916",
    "barcode": "9310714211755",
    "category_id": "1_894D0A8",
    "shop": "Woolworths",
    "weight": "100G",
    "prices": [
      {
        "state": "NSW",
        "price": "900",
        "price_per_unit": "600",
        "price_unit": "G"
      },
      {
        "state": "VIC",
        "price": "900",
        "price_per_unit": "600",
        "price_unit": "G"
      },
      {
        "state": "QLD",
        "price": "900",
        "price_per_unit": "600",
        "price_unit": "G"
      },
      {
        "state": "WA",
        "price": "900",
        "price_per_unit": "600",
        "price_unit": "G"
      },
      {
        "state": "SA",
        "price": "900",
        "price_per_unit": "600",
        "price_unit": "G"
      },
      {
        "state": "TAS",
        "price": "900",
        "price_per_unit": "600",
        "price_unit": "G"
      },
      {
        "state": "ACT",
        "price": "900",
        "price_per_unit": "600",
        "price_unit": "G"
      },
      {
        "state": "NT",
        "price": "990",
        "price_per_unit": "660",
        "price_unit": "G"
      }
    ]
  },
  {
    "source_url": "https://www.woolworths.com.au/shop/productdetails/716810/schwarzkopf-extra-care-hair-styling-push-up-volume-powder",
    "name": "Schwarzkopf Extra Care Hair Styling Push Up Volume Powder 10g",
    "image_url": "https://cdn1.woolworths.media/content/wowproductimages/large/716810.jpg",
    "source_id": "Woolworths - 716810",
    "barcode": "9310714212516",
    "category_id": "1_894D0A8",
    "shop": "Woolworths",
    "weight": "100G",
    "prices": [
      {
        "state": "NSW",
        "price": "1100",
        "price_per_unit": "11000",
        "price_unit": "G"
      },
      {
        "state": "VIC",
        "price": "1100",
        "price_per_unit": "11000",
        "price_unit": "G"
      },
      {
        "state": "QLD",
        "price": "1100",
        "price_per_unit": "11000",
        "price_unit": "G"
      },
      {
        "state": "WA",
        "price": "1100",
        "price_per_unit": "11000",
        "price_unit": "G"
      },
      {
        "state": "SA",
        "price": "1100",
        "price_per_unit": "11000",
        "price_unit": "G"
      },
      {
        "state": "TAS",
        "price": "1100",
        "price_per_unit": "11000",
        "price_unit": "G"
      },
      {
        "state": "ACT",
        "price": "1100",
        "price_per_unit": "11000",
        "price_unit": "G"
      },
      {
        "state": "NT",
        "price": "1200",
        "price_per_unit": "12000",
        "price_unit": "G"
      }
    ]
  },
  {
    "source_url": "https://www.woolworths.com.au/shop/productdetails/31193/schwarzkopf-extra-care-hair-styling-strong-styling-mousse",
    "name": "Schwarzkopf Extra Care Hair Styling Strong Styling Mousse 150g",
    "image_url": "https://cdn1.woolworths.media/content/wowproductimages/large/031193.jpg",
    "source_id": "Woolworths - 31193",
    "barcode": "9310714466902",
    "category_id": "1_894D0A8",
    "shop": "Woolworths",
    "weight": "100G",
    "prices": [
      {
        "state": "NSW",
        "price": "900",
        "price_per_unit": "600",
        "price_unit": "G"
      },
      {
        "state": "VIC",
        "price": "900",
        "price_per_unit": "600",
        "price_unit": "G"
      },
      {
        "state": "QLD",
        "price": "900",
        "price_per_unit": "600",
        "price_unit": "G"
      },
      {
        "state": "WA",
        "price": "900",
        "price_per_unit": "600",
        "price_unit": "G"
      },
      {
        "state": "SA",
        "price": "900",
        "price_per_unit": "600",
        "price_unit": "G"
      },
      {
        "state": "TAS",
        "price": "900",
        "price_per_unit": "600",
        "price_unit": "G"
      },
      {
        "state": "ACT",
        "price": "900",
        "price_per_unit": "600",
        "price_unit": "G"
      },
      {
        "state": "NT",
        "price": "990",
        "price_per_unit": "660",
        "price_unit": "G"
      }
    ]
  },
  {
    "source_url": "https://www.woolworths.com.au/shop/productdetails/38117/schwarzkopf-taft-hair-styling-hair-gel-maximum-hold",
    "name": "Schwarzkopf Taft Hair Styling Hair Gel Maximum Hold 250g",
    "image_url": "https://cdn1.woolworths.media/content/wowproductimages/large/038117.jpg",
    "source_id": "Woolworths - 38117",
    "barcode": "9310714324165",
    "category_id": "1_894D0A8",
    "shop": "Woolworths",
    "weight": "100G",
    "prices": [
      {
        "state": "NSW",
        "price": "600",
        "price_per_unit": "240",
        "price_unit": "G"
      },
      {
        "state": "VIC",
        "price": "600",
        "price_per_unit": "240",
        "price_unit": "G"
      },
      {
        "state": "QLD",
        "price": "600",
        "price_per_unit": "240",
        "price_unit": "G"
      },
      {
        "state": "WA",
        "price": "600",
        "price_per_unit": "240",
        "price_unit": "G"
      },
      {
        "state": "SA",
        "price": "600",
        "price_per_unit": "240",
        "price_unit": "G"
      },
      {
        "state": "TAS",
        "price": "600",
        "price_per_unit": "240",
        "price_unit": "G"
      },
      {
        "state": "ACT",
        "price": "600",
        "price_per_unit": "240",
        "price_unit": "G"
      },
      {
        "state": "NT",
        "price": "630",
        "price_per_unit": "252",
        "price_unit": "G"
      }
    ]
  },
  {
    "source_url": "https://www.woolworths.com.au/shop/productdetails/316823/shockwaves-gel-extreme-hold",
    "name": "Shockwaves Gel Extreme Hold 250ml",
    "image_url": "https://cdn1.woolworths.media/content/wowproductimages/large/316823.jpg",
    "source_id": "Woolworths - 316823",
    "barcode": "9421008701507",
    "category_id": "1_894D0A8",
    "shop": "Woolworths",
    "weight": "100ML",
    "prices": [
      {
        "state": "NSW",
        "price": "400",
        "price_per_unit": "160",
        "price_unit": "ML"
      },
      {
        "state": "VIC",
        "price": "400",
        "price_per_unit": "160",
        "price_unit": "ML"
      },
      {
        "state": "QLD",
        "price": "400",
        "price_per_unit": "160",
        "price_unit": "ML"
      },
      {
        "state": "WA",
        "price": "400",
        "price_per_unit": "160",
        "price_unit": "ML"
      },
      {
        "state": "SA",
        "price": "400",
        "price_per_unit": "160",
        "price_unit": "ML"
      },
      {
        "state": "TAS",
        "price": "400",
        "price_per_unit": "160",
        "price_unit": "ML"
      },
      {
        "state": "ACT",
        "price": "400",
        "price_per_unit": "160",
        "price_unit": "ML"
      },
      {
        "state": "NT",
        "price": "418",
        "price_per_unit": "167",
        "price_unit": "ML"
      }
    ]
  },
  {
    "source_url": "https://www.woolworths.com.au/shop/productdetails/591746/slickhair-hair-wax-stick-extra-strong-hold",
    "name": "Slickhair Hair Wax Stick Extra Strong Hold 50g",
    "image_url": "https://cdn1.woolworths.media/content/wowproductimages/large/591746.jpg",
    "source_id": "Woolworths - 591746",
    "barcode": "9360477000004",
    "category_id": "1_894D0A8",
    "shop": "Woolworths",
    "weight": "100G",
    "prices": [
      {
        "state": "NSW",
        "price": "2500",
        "price_per_unit": "5000",
        "price_unit": "G"
      },
      {
        "state": "VIC",
        "price": "2500",
        "price_per_unit": "5000",
        "price_unit": "G"
      },
      {
        "state": "QLD",
        "price": "2500",
        "price_per_unit": "5000",
        "price_unit": "G"
      },
      {
        "state": "WA",
        "price": "2500",
        "price_per_unit": "5000",
        "price_unit": "G"
      },
      {
        "state": "SA",
        "price": "2500",
        "price_per_unit": "5000",
        "price_unit": "G"
      },
      {
        "state": "TAS",
        "price": "2500",
        "price_per_unit": "5000",
        "price_unit": "G"
      },
      {
        "state": "ACT",
        "price": "2500",
        "price_per_unit": "5000",
        "price_unit": "G"
      },
      {
        "state": "NT",
        "price": "2625",
        "price_per_unit": "5250",
        "price_unit": "G"
      }
    ]
  },
  {
    "source_url": "https://www.woolworths.com.au/shop/productdetails/591533/slickhair-slick-stick-anti-flyaway-hair-wand",
    "name": "Slickhair Slick Stick Anti Flyaway Hair Wand 10mL",
    "image_url": "https://cdn1.woolworths.media/content/wowproductimages/large/591533.jpg",
    "source_id": "Woolworths - 591533",
    "barcode": "9360477000059",
    "category_id": "1_894D0A8",
    "shop": "Woolworths",
    "weight": "100ML",
    "prices": [
      {
        "state": "NSW",
        "price": "2500",
        "price_per_unit": "25000",
        "price_unit": "ML"
      },
      {
        "state": "VIC",
        "price": "2500",
        "price_per_unit": "25000",
        "price_unit": "ML"
      },
      {
        "state": "QLD",
        "price": "2500",
        "price_per_unit": "25000",
        "price_unit": "ML"
      },
      {
        "state": "WA",
        "price": "2500",
        "price_per_unit": "25000",
        "price_unit": "ML"
      },
      {
        "state": "SA",
        "price": "2500",
        "price_per_unit": "25000",
        "price_unit": "ML"
      },
      {
        "state": "TAS",
        "price": "2500",
        "price_per_unit": "25000",
        "price_unit": "ML"
      },
      {
        "state": "ACT",
        "price": "2500",
        "price_per_unit": "25000",
        "price_unit": "ML"
      },
      {
        "state": "NT",
        "price": "2625",
        "price_per_unit": "26250",
        "price_unit": "ML"
      }
    ]
  },
  {
    "source_url": "https://www.woolworths.com.au/shop/productdetails/577768/thanks-to-nature-cool-curls-curling-balm-with-aloe",
    "name": "Thanks To Nature Cool Curls Curling Balm With Aloe 150mL",
    "image_url": "https://cdn1.woolworths.media/content/wowproductimages/large/577768.jpg",
    "source_id": "Woolworths - 577768",
    "barcode": "9342746005644",
    "category_id": "1_894D0A8",
    "shop": "Woolworths",
    "weight": "100ML",
    "prices": [
      {
        "state": "NSW",
        "price": "1800",
        "price_per_unit": "1200",
        "price_unit": "ML"
      },
      {
        "state": "VIC",
        "price": "1800",
        "price_per_unit": "1200",
        "price_unit": "ML"
      },
      {
        "state": "QLD",
        "price": "1800",
        "price_per_unit": "1200",
        "price_unit": "ML"
      },
      {
        "state": "WA",
        "price": "1800",
        "price_per_unit": "1200",
        "price_unit": "ML"
      },
      {
        "state": "SA",
        "price": "1800",
        "price_per_unit": "1200",
        "price_unit": "ML"
      },
      {
        "state": "TAS",
        "price": "1800",
        "price_per_unit": "1200",
        "price_unit": "ML"
      },
      {
        "state": "ACT",
        "price": "1800",
        "price_per_unit": "1200",
        "price_unit": "ML"
      },
      {
        "state": "NT",
        "price": "1890",
        "price_per_unit": "1260",
        "price_unit": "ML"
      }
    ]
  },
  {
    "source_url": "https://www.woolworths.com.au/shop/productdetails/554626/thanks-to-nature-cool-curls-curling-gel",
    "name": "Thanks To Nature Cool Curls Curling Gel 150mL",
    "image_url": "https://cdn1.woolworths.media/content/wowproductimages/large/554626.jpg",
    "source_id": "Woolworths - 554626",
    "barcode": "9342746005637",
    "category_id": "1_894D0A8",
    "shop": "Woolworths",
    "weight": "100ML",
    "prices": [
      {
        "state": "NSW",
        "price": "1800",
        "price_per_unit": "1200",
        "price_unit": "ML"
      },
      {
        "state": "VIC",
        "price": "1800",
        "price_per_unit": "1200",
        "price_unit": "ML"
      },
      {
        "state": "QLD",
        "price": "1800",
        "price_per_unit": "1200",
        "price_unit": "ML"
      },
      {
        "state": "SA",
        "price": "1800",
        "price_per_unit": "1200",
        "price_unit": "ML"
      },
      {
        "state": "TAS",
        "price": "1800",
        "price_per_unit": "1200",
        "price_unit": "ML"
      },
      {
        "state": "ACT",
        "price": "1800",
        "price_per_unit": "1200",
        "price_unit": "ML"
      },
      {
        "state": "NT",
        "price": "1890",
        "price_per_unit": "1260",
        "price_unit": "ML"
      }
    ]
  },
  {
    "source_url": "https://www.woolworths.com.au/shop/productdetails/578160/thanks-to-nature-everyday-dry-shampoo-powder",
    "name": "Thanks To Nature Everyday Dry Shampoo Powder 35g",
    "image_url": "https://cdn1.woolworths.media/content/wowproductimages/large/578160.jpg",
    "source_id": "Woolworths - 578160",
    "barcode": "9342746005743",
    "category_id": "1_894D0A8",
    "shop": "Woolworths",
    "weight": "100G",
    "prices": [
      {
        "state": "NSW",
        "price": "1000",
        "price_per_unit": "2857",
        "price_unit": "G"
      },
      {
        "state": "VIC",
        "price": "1000",
        "price_per_unit": "2857",
        "price_unit": "G"
      },
      {
        "state": "QLD",
        "price": "1000",
        "price_per_unit": "2857",
        "price_unit": "G"
      },
      {
        "state": "WA",
        "price": "1000",
        "price_per_unit": "2857",
        "price_unit": "G"
      },
      {
        "state": "SA",
        "price": "1000",
        "price_per_unit": "2857",
        "price_unit": "G"
      },
      {
        "state": "TAS",
        "price": "1000",
        "price_per_unit": "2857",
        "price_unit": "G"
      },
      {
        "state": "ACT",
        "price": "1000",
        "price_per_unit": "2857",
        "price_unit": "G"
      },
      {
        "state": "NT",
        "price": "1050",
        "price_per_unit": "3000",
        "price_unit": "G"
      }
    ]
  },
  {
    "source_url": "https://www.woolworths.com.au/shop/productdetails/578061/thanks-to-nature-hair-styling-wax-stick",
    "name": "Thanks To Nature Hair Styling Wax Stick 50g",
    "image_url": "https://cdn1.woolworths.media/content/wowproductimages/large/578061.jpg",
    "source_id": "Woolworths - 578061",
    "barcode": "9342746005828",
    "category_id": "1_894D0A8",
    "shop": "Woolworths",
    "weight": "100G",
    "prices": [
      {
        "state": "NSW",
        "price": "2000",
        "price_per_unit": "4000",
        "price_unit": "G"
      },
      {
        "state": "VIC",
        "price": "2000",
        "price_per_unit": "4000",
        "price_unit": "G"
      },
      {
        "state": "QLD",
        "price": "2000",
        "price_per_unit": "4000",
        "price_unit": "G"
      },
      {
        "state": "WA",
        "price": "2000",
        "price_per_unit": "4000",
        "price_unit": "G"
      },
      {
        "state": "SA",
        "price": "2000",
        "price_per_unit": "4000",
        "price_unit": "G"
      },
      {
        "state": "TAS",
        "price": "2000",
        "price_per_unit": "4000",
        "price_unit": "G"
      },
      {
        "state": "ACT",
        "price": "2000",
        "price_per_unit": "4000",
        "price_unit": "G"
      },
      {
        "state": "NT",
        "price": "2100",
        "price_per_unit": "4200",
        "price_unit": "G"
      }
    ]
  },
  {
    "source_url": "https://www.woolworths.com.au/shop/productdetails/152536/toni-guy-brunette-dry-shampoo",
    "name": "Toni & Guy Brunette Dry Shampoo 250ml",
    "image_url": "https://cdn1.woolworths.media/content/wowproductimages/large/152536.jpg",
    "source_id": "Woolworths - 152536",
    "barcode": "9300830057771",
    "category_id": "1_894D0A8",
    "shop": "Woolworths",
    "weight": "100ML",
    "prices": [
      {
        "state": "NSW",
        "price": "1900",
        "price_per_unit": "760",
        "price_unit": "ML"
      },
      {
        "state": "VIC",
        "price": "1900",
        "price_per_unit": "760",
        "price_unit": "ML"
      },
      {
        "state": "QLD",
        "price": "1900",
        "price_per_unit": "760",
        "price_unit": "ML"
      },
      {
        "state": "WA",
        "price": "1900",
        "price_per_unit": "760",
        "price_unit": "ML"
      },
      {
        "state": "SA",
        "price": "1900",
        "price_per_unit": "760",
        "price_unit": "ML"
      },
      {
        "state": "TAS",
        "price": "1900",
        "price_per_unit": "760",
        "price_unit": "ML"
      },
      {
        "state": "ACT",
        "price": "1900",
        "price_per_unit": "760",
        "price_unit": "ML"
      },
      {
        "state": "NT",
        "price": "2000",
        "price_per_unit": "800",
        "price_unit": "ML"
      }
    ]
  },
  {
    "source_url": "https://www.woolworths.com.au/shop/productdetails/726244/toni-guy-casual-sea-salt-texturising-spray",
    "name": "Toni & Guy Casual Sea Salt Texturising Spray 200ml",
    "image_url": "https://cdn1.woolworths.media/content/wowproductimages/large/726244.jpg",
    "source_id": "Woolworths - 726244",
    "barcode": "79400204714",
    "category_id": "1_894D0A8",
    "shop": "Woolworths",
    "weight": "100ML",
    "prices": [
      {
        "state": "NSW",
        "price": "1900",
        "price_per_unit": "950",
        "price_unit": "ML"
      },
      {
        "state": "VIC",
        "price": "1900",
        "price_per_unit": "950",
        "price_unit": "ML"
      },
      {
        "state": "QLD",
        "price": "1900",
        "price_per_unit": "950",
        "price_unit": "ML"
      },
      {
        "state": "WA",
        "price": "1900",
        "price_per_unit": "950",
        "price_unit": "ML"
      },
      {
        "state": "SA",
        "price": "1900",
        "price_per_unit": "950",
        "price_unit": "ML"
      },
      {
        "state": "TAS",
        "price": "1900",
        "price_per_unit": "950",
        "price_unit": "ML"
      },
      {
        "state": "ACT",
        "price": "1900",
        "price_per_unit": "950",
        "price_unit": "ML"
      },
      {
        "state": "NT",
        "price": "2000",
        "price_per_unit": "1000",
        "price_unit": "ML"
      }
    ]
  },
  {
    "source_url": "https://www.woolworths.com.au/shop/productdetails/726243/toni-guy-cleanse-instant-refresh-dry-shampoo",
    "name": "Toni & Guy Cleanse Instant Refresh Dry Shampoo 250ml",
    "image_url": "https://cdn1.woolworths.media/content/wowproductimages/large/726243.jpg",
    "source_id": "Woolworths - 726243",
    "barcode": "79400197139",
    "category_id": "1_894D0A8",
    "shop": "Woolworths",
    "weight": "100ML",
    "prices": [
      {
        "state": "NSW",
        "price": "1900",
        "price_per_unit": "760",
        "price_unit": "ML"
      },
      {
        "state": "VIC",
        "price": "1900",
        "price_per_unit": "760",
        "price_unit": "ML"
      },
      {
        "state": "QLD",
        "price": "1900",
        "price_per_unit": "760",
        "price_unit": "ML"
      },
      {
        "state": "WA",
        "price": "1900",
        "price_per_unit": "760",
        "price_unit": "ML"
      },
      {
        "state": "SA",
        "price": "1900",
        "price_per_unit": "760",
        "price_unit": "ML"
      },
      {
        "state": "TAS",
        "price": "1900",
        "price_per_unit": "760",
        "price_unit": "ML"
      },
      {
        "state": "ACT",
        "price": "1900",
        "price_per_unit": "760",
        "price_unit": "ML"
      },
      {
        "state": "NT",
        "price": "2000",
        "price_per_unit": "800",
        "price_unit": "ML"
      }
    ]
  },
  {
    "source_url": "https://www.woolworths.com.au/shop/productdetails/726290/toni-guy-heat-protection-mist",
    "name": "Toni & Guy Heat Protection Mist 150ml",
    "image_url": "https://cdn1.woolworths.media/content/wowproductimages/large/726290.jpg",
    "source_id": "Woolworths - 726290",
    "barcode": "79400204585",
    "category_id": "1_894D0A8",
    "shop": "Woolworths",
    "weight": "100ML",
    "prices": [
      {
        "state": "NSW",
        "price": "1900",
        "price_per_unit": "1267",
        "price_unit": "ML"
      },
      {
        "state": "VIC",
        "price": "1900",
        "price_per_unit": "1267",
        "price_unit": "ML"
      },
      {
        "state": "QLD",
        "price": "1900",
        "price_per_unit": "1267",
        "price_unit": "ML"
      },
      {
        "state": "WA",
        "price": "1900",
        "price_per_unit": "1267",
        "price_unit": "ML"
      },
      {
        "state": "SA",
        "price": "1900",
        "price_per_unit": "1267",
        "price_unit": "ML"
      },
      {
        "state": "TAS",
        "price": "1900",
        "price_per_unit": "1267",
        "price_unit": "ML"
      },
      {
        "state": "ACT",
        "price": "1900",
        "price_per_unit": "1267",
        "price_unit": "ML"
      },
      {
        "state": "NT",
        "price": "2000",
        "price_per_unit": "1333",
        "price_unit": "ML"
      }
    ]
  },
  {
    "source_url": "https://www.woolworths.com.au/shop/productdetails/855768/toni-guy-sky-high-volume-dry-shampoo",
    "name": "Toni & Guy Sky High Volume Dry Shampoo 250ml",
    "image_url": "https://cdn1.woolworths.media/content/wowproductimages/large/855768.jpg",
    "source_id": "Woolworths - 855768",
    "barcode": "667803002657",
    "category_id": "1_894D0A8",
    "shop": "Woolworths",
    "weight": "100ML",
    "prices": [
      {
        "state": "NSW",
        "price": "1900",
        "price_per_unit": "760",
        "price_unit": "ML"
      },
      {
        "state": "VIC",
        "price": "1900",
        "price_per_unit": "760",
        "price_unit": "ML"
      },
      {
        "state": "QLD",
        "price": "1900",
        "price_per_unit": "760",
        "price_unit": "ML"
      },
      {
        "state": "WA",
        "price": "1900",
        "price_per_unit": "760",
        "price_unit": "ML"
      },
      {
        "state": "SA",
        "price": "1900",
        "price_per_unit": "760",
        "price_unit": "ML"
      },
      {
        "state": "TAS",
        "price": "1900",
        "price_per_unit": "760",
        "price_unit": "ML"
      },
      {
        "state": "ACT",
        "price": "1900",
        "price_per_unit": "760",
        "price_unit": "ML"
      },
      {
        "state": "NT",
        "price": "2000",
        "price_per_unit": "800",
        "price_unit": "ML"
      }
    ]
  },
  {
    "source_url": "https://www.woolworths.com.au/shop/productdetails/227552/tresemme-hair-spray-extra-hold-salon-finish",
    "name": "TRESemme Hair Spray Extra Hold Salon Finish 360G",
    "image_url": "https://cdn1.woolworths.media/content/wowproductimages/large/227552.jpg",
    "source_id": "Woolworths - 227552",
    "barcode": "9310158111543",
    "category_id": "1_894D0A8",
    "shop": "Woolworths",
    "weight": "100G",
    "prices": [
      {
        "state": "NSW",
        "price": "900",
        "price_per_unit": "250",
        "price_unit": "G"
      },
      {
        "state": "VIC",
        "price": "900",
        "price_per_unit": "250",
        "price_unit": "G"
      },
      {
        "state": "QLD",
        "price": "900",
        "price_per_unit": "250",
        "price_unit": "G"
      },
      {
        "state": "WA",
        "price": "900",
        "price_per_unit": "250",
        "price_unit": "G"
      },
      {
        "state": "SA",
        "price": "900",
        "price_per_unit": "250",
        "price_unit": "G"
      },
      {
        "state": "TAS",
        "price": "900",
        "price_per_unit": "250",
        "price_unit": "G"
      },
      {
        "state": "ACT",
        "price": "900",
        "price_per_unit": "250",
        "price_unit": "G"
      },
      {
        "state": "NT",
        "price": "900",
        "price_per_unit": "250",
        "price_unit": "G"
      }
    ]
  },
  {
    "source_url": "https://www.woolworths.com.au/shop/productdetails/250242/tresemme-hair-spray-extra-hold-salon-finish",
    "name": "TRESemme Hair Spray Extra Hold Salon Finish 75G",
    "image_url": "https://cdn1.woolworths.media/content/wowproductimages/large/250242.jpg",
    "source_id": "Woolworths - 250242",
    "barcode": "9310158111567",
    "category_id": "1_894D0A8",
    "shop": "Woolworths",
    "weight": "100G",
    "prices": [
      {
        "state": "NSW",
        "price": "450",
        "price_per_unit": "600",
        "price_unit": "G"
      },
      {
        "state": "VIC",
        "price": "450",
        "price_per_unit": "600",
        "price_unit": "G"
      },
      {
        "state": "QLD",
        "price": "450",
        "price_per_unit": "600",
        "price_unit": "G"
      },
      {
        "state": "WA",
        "price": "450",
        "price_per_unit": "600",
        "price_unit": "G"
      },
      {
        "state": "SA",
        "price": "450",
        "price_per_unit": "600",
        "price_unit": "G"
      },
      {
        "state": "TAS",
        "price": "450",
        "price_per_unit": "600",
        "price_unit": "G"
      },
      {
        "state": "ACT",
        "price": "450",
        "price_per_unit": "600",
        "price_unit": "G"
      },
      {
        "state": "NT",
        "price": "495",
        "price_per_unit": "660",
        "price_unit": "G"
      }
    ]
  },
  {
    "source_url": "https://www.woolworths.com.au/shop/productdetails/610738/vo5-frizz-free-smoothing-cream",
    "name": "Vo5 Frizz Free Smoothing Cream 125ml",
    "image_url": "https://cdn1.woolworths.media/content/wowproductimages/large/610738.jpg",
    "source_id": "Woolworths - 610738",
    "barcode": "8710908779145",
    "category_id": "1_894D0A8",
    "shop": "Woolworths",
    "weight": "100ML",
    "prices": [
      {
        "state": "NSW",
        "price": "600",
        "price_per_unit": "480",
        "price_unit": "ML"
      },
      {
        "state": "VIC",
        "price": "600",
        "price_per_unit": "480",
        "price_unit": "ML"
      },
      {
        "state": "QLD",
        "price": "600",
        "price_per_unit": "480",
        "price_unit": "ML"
      },
      {
        "state": "WA",
        "price": "600",
        "price_per_unit": "480",
        "price_unit": "ML"
      },
      {
        "state": "SA",
        "price": "600",
        "price_per_unit": "480",
        "price_unit": "ML"
      },
      {
        "state": "TAS",
        "price": "600",
        "price_per_unit": "480",
        "price_unit": "ML"
      },
      {
        "state": "ACT",
        "price": "600",
        "price_per_unit": "480",
        "price_unit": "ML"
      },
      {
        "state": "NT",
        "price": "600",
        "price_per_unit": "480",
        "price_unit": "ML"
      }
    ]
  },
  {
    "source_url": "https://www.woolworths.com.au/shop/productdetails/855766/vo5-groomed-wax-styling",
    "name": "Vo5 Groomed Wax Styling 75ml",
    "image_url": "https://cdn1.woolworths.media/content/wowproductimages/large/855766.jpg",
    "source_id": "Woolworths - 855766",
    "barcode": "50398621",
    "category_id": "1_894D0A8",
    "shop": "Woolworths",
    "weight": "100ML",
    "prices": [
      {
        "state": "NSW",
        "price": "600",
        "price_per_unit": "800",
        "price_unit": "ML"
      },
      {
        "state": "VIC",
        "price": "600",
        "price_per_unit": "800",
        "price_unit": "ML"
      },
      {
        "state": "QLD",
        "price": "600",
        "price_per_unit": "800",
        "price_unit": "ML"
      },
      {
        "state": "WA",
        "price": "600",
        "price_per_unit": "800",
        "price_unit": "ML"
      },
      {
        "state": "SA",
        "price": "600",
        "price_per_unit": "800",
        "price_unit": "ML"
      },
      {
        "state": "TAS",
        "price": "600",
        "price_per_unit": "800",
        "price_unit": "ML"
      },
      {
        "state": "ACT",
        "price": "600",
        "price_per_unit": "800",
        "price_unit": "ML"
      },
      {
        "state": "NT",
        "price": "630",
        "price_per_unit": "840",
        "price_unit": "ML"
      }
    ]
  },
  {
    "source_url": "https://www.woolworths.com.au/shop/productdetails/173977/vo5-hairspray-extra-hold",
    "name": "Vo5 Hairspray Extra Hold 200g",
    "image_url": "https://cdn1.woolworths.media/content/wowproductimages/large/173977.jpg",
    "source_id": "Woolworths - 173977",
    "barcode": "9310158168028",
    "category_id": "1_894D0A8",
    "shop": "Woolworths",
    "weight": "100G",
    "prices": [
      {
        "state": "NSW",
        "price": "550",
        "price_per_unit": "275",
        "price_unit": "G"
      },
      {
        "state": "VIC",
        "price": "550",
        "price_per_unit": "275",
        "price_unit": "G"
      },
      {
        "state": "QLD",
        "price": "550",
        "price_per_unit": "275",
        "price_unit": "G"
      },
      {
        "state": "WA",
        "price": "550",
        "price_per_unit": "275",
        "price_unit": "G"
      },
      {
        "state": "SA",
        "price": "550",
        "price_per_unit": "275",
        "price_unit": "G"
      },
      {
        "state": "TAS",
        "price": "550",
        "price_per_unit": "275",
        "price_unit": "G"
      },
      {
        "state": "ACT",
        "price": "550",
        "price_per_unit": "275",
        "price_unit": "G"
      },
      {
        "state": "NT",
        "price": "550",
        "price_per_unit": "275",
        "price_unit": "G"
      }
    ]
  },
  {
    "source_url": "https://www.woolworths.com.au/shop/productdetails/960603/vo5-plump-me-up-dry-shampoo",
    "name": "Vo5 Plump Me Up Dry Shampoo 250ml",
    "image_url": "https://cdn1.woolworths.media/content/wowproductimages/large/960603.jpg",
    "source_id": "Woolworths - 960603",
    "barcode": "8710908051685",
    "category_id": "1_894D0A8",
    "shop": "Woolworths",
    "weight": "100ML",
    "prices": [
      {
        "state": "NSW",
        "price": "750",
        "price_per_unit": "300",
        "price_unit": "ML"
      },
      {
        "state": "VIC",
        "price": "750",
        "price_per_unit": "300",
        "price_unit": "ML"
      },
      {
        "state": "QLD",
        "price": "750",
        "price_per_unit": "300",
        "price_unit": "ML"
      },
      {
        "state": "WA",
        "price": "750",
        "price_per_unit": "300",
        "price_unit": "ML"
      },
      {
        "state": "SA",
        "price": "750",
        "price_per_unit": "300",
        "price_unit": "ML"
      },
      {
        "state": "TAS",
        "price": "750",
        "price_per_unit": "300",
        "price_unit": "ML"
      },
      {
        "state": "ACT",
        "price": "750",
        "price_per_unit": "300",
        "price_unit": "ML"
      },
      {
        "state": "NT",
        "price": "750",
        "price_per_unit": "300",
        "price_unit": "ML"
      }
    ]
  },
  {
    "source_url": "https://www.woolworths.com.au/shop/productdetails/431184/vo5-refresh-me-quick-dry-shampoo",
    "name": "Vo5 Refresh Me Quick Dry Shampoo 250ml",
    "image_url": "https://cdn1.woolworths.media/content/wowproductimages/large/431184.jpg",
    "source_id": "Woolworths - 431184",
    "barcode": "8710908051708",
    "category_id": "1_894D0A8",
    "shop": "Woolworths",
    "weight": "100ML",
    "prices": [
      {
        "state": "NSW",
        "price": "750",
        "price_per_unit": "300",
        "price_unit": "ML"
      },
      {
        "state": "VIC",
        "price": "750",
        "price_per_unit": "300",
        "price_unit": "ML"
      },
      {
        "state": "QLD",
        "price": "750",
        "price_per_unit": "300",
        "price_unit": "ML"
      },
      {
        "state": "WA",
        "price": "750",
        "price_per_unit": "300",
        "price_unit": "ML"
      },
      {
        "state": "SA",
        "price": "750",
        "price_per_unit": "300",
        "price_unit": "ML"
      },
      {
        "state": "TAS",
        "price": "750",
        "price_per_unit": "300",
        "price_unit": "ML"
      },
      {
        "state": "ACT",
        "price": "750",
        "price_per_unit": "300",
        "price_unit": "ML"
      },
      {
        "state": "NT",
        "price": "750",
        "price_per_unit": "300",
        "price_unit": "ML"
      }
    ]
  },
  {
    "source_url": "https://www.woolworths.com.au/shop/productdetails/173963/vo5-styling-gel-tub-mega-hold",
    "name": "Vo5 Styling Gel Tub Mega Hold 250g",
    "image_url": "https://cdn1.woolworths.media/content/wowproductimages/large/173963.jpg",
    "source_id": "Woolworths - 173963",
    "barcode": "9310158168301",
    "category_id": "1_894D0A8",
    "shop": "Woolworths",
    "weight": "100G",
    "prices": [
      {
        "state": "NSW",
        "price": "550",
        "price_per_unit": "220",
        "price_unit": "G"
      },
      {
        "state": "VIC",
        "price": "550",
        "price_per_unit": "220",
        "price_unit": "G"
      },
      {
        "state": "QLD",
        "price": "550",
        "price_per_unit": "220",
        "price_unit": "G"
      },
      {
        "state": "WA",
        "price": "550",
        "price_per_unit": "220",
        "price_unit": "G"
      },
      {
        "state": "SA",
        "price": "550",
        "price_per_unit": "220",
        "price_unit": "G"
      },
      {
        "state": "TAS",
        "price": "550",
        "price_per_unit": "220",
        "price_unit": "G"
      },
      {
        "state": "ACT",
        "price": "550",
        "price_per_unit": "220",
        "price_unit": "G"
      },
      {
        "state": "NT",
        "price": "570",
        "price_per_unit": "228",
        "price_unit": "G"
      }
    ]
  },
  {
    "source_url": "https://www.woolworths.com.au/shop/productdetails/604700/batiste-24h-active-dry-shampoo",
    "name": "Batiste 24H Active Dry Shampoo 200mL",
    "image_url": "https://cdn1.woolworths.media/content/wowproductimages/large/604700.jpg",
    "source_id": "Woolworths - 604700",
    "barcode": "5010724539804",
    "category_id": "1_894D0A8",
    "shop": "Woolworths",
    "weight": "100ML",
    "prices": [
      {
        "state": "VIC",
        "price": "940",
        "price_per_unit": "470",
        "price_unit": "ML"
      },
      {
        "state": "WA",
        "price": "940",
        "price_per_unit": "470",
        "price_unit": "ML"
      },
      {
        "state": "ACT",
        "price": "940",
        "price_per_unit": "470",
        "price_unit": "ML"
      },
      {
        "state": "NT",
        "price": "940",
        "price_per_unit": "470",
        "price_unit": "ML"
      }
    ]
  },
  {
    "source_url": "https://www.woolworths.com.au/shop/productdetails/173976/vo5-hairspray-firm-hold",
    "name": "Vo5 Hairspray Firm Hold 200g",
    "image_url": "https://cdn1.woolworths.media/content/wowproductimages/large/173976.jpg",
    "source_id": "Woolworths - 173976",
    "barcode": "9310158168011",
    "category_id": "1_894D0A8",
    "shop": "Woolworths",
    "weight": "100G",
    "prices": [
      {
        "state": "VIC",
        "price": "550",
        "price_per_unit": "275",
        "price_unit": "G"
      },
      {
        "state": "QLD",
        "price": "550",
        "price_per_unit": "275",
        "price_unit": "G"
      },
      {
        "state": "WA",
        "price": "550",
        "price_per_unit": "275",
        "price_unit": "G"
      },
      {
        "state": "SA",
        "price": "550",
        "price_per_unit": "275",
        "price_unit": "G"
      },
      {
        "state": "TAS",
        "price": "550",
        "price_per_unit": "275",
        "price_unit": "G"
      },
      {
        "state": "NT",
        "price": "550",
        "price_per_unit": "275",
        "price_unit": "G"
      }
    ]
  },
  {
    "source_url": "https://www.woolworths.com.au/shop/productdetails/270892/batiste-volume-dry-shampoo",
    "name": "Batiste Volume Dry Shampoo 350ml",
    "image_url": "https://cdn1.woolworths.media/content/wowproductimages/large/270892.jpg",
    "source_id": "Woolworths - 270892",
    "barcode": "5010724544778",
    "category_id": "1_894D0A8",
    "shop": "Woolworths",
    "weight": "100ML",
    "prices": [
      {
        "state": "QLD",
        "price": "950",
        "price_per_unit": "271",
        "price_unit": "ML"
      },
      {
        "state": "WA",
        "price": "950",
        "price_per_unit": "271",
        "price_unit": "ML"
      },
      {
        "state": "SA",
        "price": "950",
        "price_per_unit": "271",
        "price_unit": "ML"
      },
      {
        "state": "ACT",
        "price": "950",
        "price_per_unit": "271",
        "price_unit": "ML"
      },
      {
        "state": "NT",
        "price": "1050",
        "price_per_unit": "300",
        "price_unit": "ML"
      }
    ]
  },
  {
    "source_url": "https://www.woolworths.com.au/shop/productdetails/683617/got2b-hair-spray-heat-protection-frizz-control-spray",
    "name": "Got2B Hair Spray Heat Protection & Frizz Control Spray 200mL",
    "image_url": "https://cdn1.woolworths.media/content/wowproductimages/large/683617.jpg",
    "source_id": "Woolworths - 683617",
    "barcode": "5012583201885",
    "category_id": "1_894D0A8",
    "shop": "Woolworths",
    "weight": "100ML",
    "prices": [
      {
        "state": "QLD",
        "price": "850",
        "price_per_unit": "425",
        "price_unit": "ML"
      },
      {
        "state": "WA",
        "price": "850",
        "price_per_unit": "425",
        "price_unit": "ML"
      },
      {
        "state": "SA",
        "price": "850",
        "price_per_unit": "425",
        "price_unit": "ML"
      },
      {
        "state": "ACT",
        "price": "850",
        "price_per_unit": "425",
        "price_unit": "ML"
      },
      {
        "state": "NT",
        "price": "935",
        "price_per_unit": "468",
        "price_unit": "ML"
      }
    ]
  },
  {
    "source_url": "https://www.woolworths.com.au/shop/productdetails/845626/john-frieda-air-dry-waves",
    "name": "John Frieda Air Dry Waves 147ml",
    "image_url": "https://cdn1.woolworths.media/content/wowproductimages/large/845626.jpg",
    "source_id": "Woolworths - 845626",
    "barcode": "717226208805",
    "category_id": "1_894D0A8",
    "shop": "Woolworths",
    "weight": "100ML",
    "prices": [
      {
        "state": "QLD",
        "price": "2100",
        "price_per_unit": "1429",
        "price_unit": "ML"
      },
      {
        "state": "WA",
        "price": "2100",
        "price_per_unit": "1429",
        "price_unit": "ML"
      },
      {
        "state": "SA",
        "price": "2100",
        "price_per_unit": "1429",
        "price_unit": "ML"
      },
      {
        "state": "ACT",
        "price": "2100",
        "price_per_unit": "1429",
        "price_unit": "ML"
      },
      {
        "state": "NT",
        "price": "2300",
        "price_per_unit": "1565",
        "price_unit": "ML"
      }
    ]
  },
  {
    "source_url": "https://www.woolworths.com.au/shop/productdetails/84979/ogx-coconut-milk-dry-shampoo",
    "name": "OGX Coconut Milk Dry Shampoo 200ml",
    "image_url": "https://cdn1.woolworths.media/content/wowproductimages/large/084979.jpg",
    "source_id": "Woolworths - 84979",
    "barcode": "9300607610499",
    "category_id": "1_894D0A8",
    "shop": "Woolworths",
    "weight": "100ML",
    "prices": [
      {
        "state": "QLD",
        "price": "2300",
        "price_per_unit": "1150",
        "price_unit": "ML"
      },
      {
        "state": "WA",
        "price": "2300",
        "price_per_unit": "1150",
        "price_unit": "ML"
      },
      {
        "state": "SA",
        "price": "2300",
        "price_per_unit": "1150",
        "price_unit": "ML"
      },
      {
        "state": "ACT",
        "price": "2300",
        "price_per_unit": "1150",
        "price_unit": "ML"
      },
      {
        "state": "NT",
        "price": "2400",
        "price_per_unit": "1200",
        "price_unit": "ML"
      }
    ]
  },
  {
    "source_url": "https://www.woolworths.com.au/shop/productdetails/378909/l-oreal-hair-spray-elnett-supreme-volume-hold",
    "name": "L'Oreal Hair Spray Elnett Supreme Volume Hold 400ml",
    "image_url": "https://cdn1.woolworths.media/content/wowproductimages/large/378909.jpg",
    "source_id": "Woolworths - 378909",
    "barcode": "3600524109714",
    "category_id": "1_894D0A8",
    "shop": "Woolworths",
    "weight": "100ML",
    "prices": [
      {
        "state": "WA",
        "price": "900",
        "price_per_unit": "225",
        "price_unit": "ML"
      },
      {
        "state": "SA",
        "price": "900",
        "price_per_unit": "225",
        "price_unit": "ML"
      },
      {
        "state": "ACT",
        "price": "900",
        "price_per_unit": "225",
        "price_unit": "ML"
      }
    ]
  },
  {
    "source_url": "https://www.woolworths.com.au/shop/productdetails/172768/oscar-orsen-hair-spray-regular-hold",
    "name": "Oscar Orsen Hair Spray Regular Hold 250g",
    "image_url": "https://cdn1.woolworths.media/content/wowproductimages/large/172768.jpg",
    "source_id": "Woolworths - 172768",
    "barcode": "29339687269246",
    "category_id": "1_894D0A8",
    "shop": "Woolworths",
    "weight": "100G",
    "prices": [
      {
        "state": "WA",
        "price": "290",
        "price_per_unit": "116",
        "price_unit": "G"
      },
      {
        "state": "ACT",
        "price": "290",
        "price_per_unit": "116",
        "price_unit": "G"
      },
      {
        "state": "NT",
        "price": "290",
        "price_per_unit": "116",
        "price_unit": "G"
      }
    ]
  },
  {
    "source_url": "https://www.woolworths.com.au/shop/productdetails/172767/oscar-orsen-styling-mousse-regular-hold",
    "name": "Oscar Orsen Styling Mousse Regular Hold 250g",
    "image_url": "https://cdn1.woolworths.media/content/wowproductimages/large/172767.jpg",
    "source_id": "Woolworths - 172767",
    "barcode": "9339687269242",
    "category_id": "1_894D0A8",
    "shop": "Woolworths",
    "weight": "100G",
    "prices": [
      {
        "state": "WA",
        "price": "260",
        "price_per_unit": "104",
        "price_unit": "G"
      },
      {
        "state": "ACT",
        "price": "260",
        "price_per_unit": "104",
        "price_unit": "G"
      },
      {
        "state": "NT",
        "price": "260",
        "price_per_unit": "104",
        "price_unit": "G"
      }
    ]
  },
  {
    "source_url": "https://www.woolworths.com.au/shop/productdetails/603783/batiste-24hr-fresh-dry-shampoo",
    "name": "Batiste 24hr Fresh Dry Shampoo 200mL",
    "image_url": "https://cdn1.woolworths.media/content/wowproductimages/large/603783.jpg",
    "source_id": "Woolworths - 603783",
    "barcode": "5010724539811",
    "category_id": "1_894D0A8",
    "shop": "Woolworths",
    "weight": "100ML",
    "prices": [
      {
        "state": "TAS",
        "price": "940",
        "price_per_unit": "470",
        "price_unit": "ML"
      }
    ]
  },
  {
    "source_url": "https://www.woolworths.com.au/shop/productdetails/227749/garnier-fructis-style-curl-control-mousse",
    "name": "Garnier Fructis Style Curl Control Mousse 200ml",
    "image_url": "https://cdn1.woolworths.media/content/wowproductimages/large/227749.jpg",
    "source_id": "Woolworths - 227749",
    "barcode": "3600540859495",
    "category_id": "1_894D0A8",
    "shop": "Woolworths",
    "weight": "100ML",
    "prices": [
      {
        "state": "TAS",
        "price": "850",
        "price_per_unit": "425",
        "price_unit": "ML"
      }
    ]
  },
  {
    "source_url": "https://www.woolworths.com.au/shop/productdetails/134180/vs-sassoon-style-smooth-straightener",
    "name": "VS Sassoon Style Smooth Straightener Each",
    "image_url": "https://cdn1.woolworths.media/content/wowproductimages/large/134180.jpg",
    "source_id": "Woolworths - 134180",
    "barcode": "9338841013899",
    "category_id": "1_894D0A8",
    "shop": "Woolworths",
    "weight": "0",
    "prices": [
      {
        "state": "NT",
        "price": "3900",
        "price_per_unit": null,
        "price_unit": ""
      }
    ]
  }
]