[
  {
    "source_url": "https://www.woolworths.com.au/shop/productdetails/61137/barrs-bubblegum-drink",
    "name": "Barrs Bubblegum Drink 330ml",
    "image_url": "https://cdn1.woolworths.media/content/wowproductimages/large/061137.jpg",
    "source_id": "Woolworths - 61137",
    "barcode": "5000382108238",
    "shop": "Woolworths",
    "weight": "100ML",
    "prices": [
      {
        "state": "ACT",
        "price": "270",
        "price_per_unit": "82",
        "price_unit": "ML"
      }
    ]
  },
  {
    "source_url": "https://www.woolworths.com.au/shop/productdetails/508672/barrs-dandelion-and-burdock-can",
    "name": "Barrs Dandelion And Burdock Can 330ml",
    "image_url": "https://cdn1.woolworths.media/content/wowproductimages/large/508672.jpg",
    "source_id": "Woolworths - 508672",
    "barcode": "50107445",
    "shop": "Woolworths",
    "weight": "100ML",
    "prices": [
      {
        "state": "NSW",
        "price": "270",
        "price_per_unit": "82",
        "price_unit": "ML"
      },
      {
        "state": "ACT",
        "price": "270",
        "price_per_unit": "82",
        "price_unit": "ML"
      }
    ]
  },
  {
    "source_url": "https://www.woolworths.com.au/shop/productdetails/360834/barrs-irn-bru-drink-sparkling-can",
    "name": "Barrs Irn Bru Drink Sparkling Can 330ml",
    "image_url": "https://cdn1.woolworths.media/content/wowproductimages/large/360834.jpg",
    "source_id": "Woolworths - 360834",
    "barcode": "5000382026112",
    "shop": "Woolworths",
    "weight": "1L",
    "prices": [
      {
        "state": "NSW",
        "price": "270",
        "price_per_unit": "818",
        "price_unit": "L"
      },
      {
        "state": "VIC",
        "price": "270",
        "price_per_unit": "818",
        "price_unit": "L"
      },
      {
        "state": "QLD",
        "price": "270",
        "price_per_unit": "818",
        "price_unit": "L"
      },
      {
        "state": "WA",
        "price": "270",
        "price_per_unit": "818",
        "price_unit": "L"
      },
      {
        "state": "SA",
        "price": "270",
        "price_per_unit": "818",
        "price_unit": "L"
      },
      {
        "state": "TAS",
        "price": "270",
        "price_per_unit": "818",
        "price_unit": "L"
      },
      {
        "state": "ACT",
        "price": "270",
        "price_per_unit": "818",
        "price_unit": "L"
      },
      {
        "state": "NT",
        "price": "270",
        "price_per_unit": "818",
        "price_unit": "L"
      }
    ]
  },
  {
    "source_url": "https://www.woolworths.com.au/shop/productdetails/337576/bolands-fig-rolls",
    "name": "Bolands Fig Rolls 200g",
    "image_url": "https://cdn1.woolworths.media/content/wowproductimages/large/337576.jpg",
    "source_id": "Woolworths - 337576",
    "barcode": "74448403365",
    "shop": "Woolworths",
    "weight": "100G",
    "prices": [
      {
        "state": "NSW",
        "price": "400",
        "price_per_unit": "200",
        "price_unit": "G"
      },
      {
        "state": "VIC",
        "price": "435",
        "price_per_unit": "218",
        "price_unit": "G"
      },
      {
        "state": "QLD",
        "price": "435",
        "price_per_unit": "218",
        "price_unit": "G"
      },
      {
        "state": "WA",
        "price": "435",
        "price_per_unit": "218",
        "price_unit": "G"
      },
      {
        "state": "SA",
        "price": "400",
        "price_per_unit": "200",
        "price_unit": "G"
      },
      null,
      {
        "state": "ACT",
        "price": "400",
        "price_per_unit": "200",
        "price_unit": "G"
      },
      {
        "state": "NT",
        "price": "435",
        "price_per_unit": "218",
        "price_unit": "G"
      }
    ]
  },
  {
    "source_url": "https://www.woolworths.com.au/shop/productdetails/701826/cadbury-chocolate-bar-wispa",
    "name": "Cadbury Chocolate Bar Wispa 36g",
    "image_url": "https://cdn1.woolworths.media/content/wowproductimages/large/701826.jpg",
    "source_id": "Woolworths - 701826",
    "barcode": "5034660026921",
    "shop": "Woolworths",
    "weight": "100G",
    "prices": [
      {
        "state": "NSW",
        "price": "220",
        "price_per_unit": "611",
        "price_unit": "G"
      },
      {
        "state": "VIC",
        "price": "220",
        "price_per_unit": "611",
        "price_unit": "G"
      },
      {
        "state": "QLD",
        "price": "220",
        "price_per_unit": "611",
        "price_unit": "G"
      },
      {
        "state": "WA",
        "price": "220",
        "price_per_unit": "611",
        "price_unit": "G"
      },
      {
        "state": "SA",
        "price": "220",
        "price_per_unit": "611",
        "price_unit": "G"
      },
      {
        "state": "TAS",
        "price": "190",
        "price_per_unit": "528",
        "price_unit": "G"
      },
      {
        "state": "ACT",
        "price": "190",
        "price_per_unit": "528",
        "price_unit": "G"
      },
      {
        "state": "NT",
        "price": "190",
        "price_per_unit": "528",
        "price_unit": "G"
      }
    ]
  },
  {
    "source_url": "https://www.woolworths.com.au/shop/productdetails/60136/cadbury-dairy-milk-chocolate-bar",
    "name": "Cadbury Dairy Milk Chocolate Bar 45g",
    "image_url": "https://cdn1.woolworths.media/content/wowproductimages/large/060136.jpg",
    "source_id": "Woolworths - 60136",
    "barcode": "7622300743536",
    "shop": "Woolworths",
    "weight": "100G",
    "prices": [
      {
        "state": "NSW",
        "price": "280",
        "price_per_unit": "622",
        "price_unit": "G"
      },
      {
        "state": "VIC",
        "price": "280",
        "price_per_unit": "622",
        "price_unit": "G"
      },
      {
        "state": "QLD",
        "price": "280",
        "price_per_unit": "622",
        "price_unit": "G"
      },
      {
        "state": "WA",
        "price": "280",
        "price_per_unit": "622",
        "price_unit": "G"
      },
      {
        "state": "SA",
        "price": "280",
        "price_per_unit": "622",
        "price_unit": "G"
      },
      {
        "state": "TAS",
        "price": "280",
        "price_per_unit": "622",
        "price_unit": "G"
      },
      {
        "state": "ACT",
        "price": "280",
        "price_per_unit": "622",
        "price_unit": "G"
      },
      {
        "state": "NT",
        "price": "280",
        "price_per_unit": "622",
        "price_unit": "G"
      }
    ]
  },
  {
    "source_url": "https://www.woolworths.com.au/shop/productdetails/764104/cadbury-double-decker-chocolate",
    "name": "Cadbury Double Decker Chocolate 54.5g",
    "image_url": "https://cdn1.woolworths.media/content/wowproductimages/large/764104.jpg",
    "source_id": "Woolworths - 764104",
    "barcode": "7622210106421",
    "shop": "Woolworths",
    "weight": "100G",
    "prices": [
      {
        "state": "NSW",
        "price": "220",
        "price_per_unit": "404",
        "price_unit": "G"
      },
      {
        "state": "VIC",
        "price": "220",
        "price_per_unit": "404",
        "price_unit": "G"
      },
      {
        "state": "QLD",
        "price": "220",
        "price_per_unit": "404",
        "price_unit": "G"
      },
      {
        "state": "WA",
        "price": "220",
        "price_per_unit": "404",
        "price_unit": "G"
      },
      {
        "state": "SA",
        "price": "220",
        "price_per_unit": "404",
        "price_unit": "G"
      },
      {
        "state": "TAS",
        "price": "220",
        "price_per_unit": "404",
        "price_unit": "G"
      },
      {
        "state": "ACT",
        "price": "220",
        "price_per_unit": "404",
        "price_unit": "G"
      },
      {
        "state": "NT",
        "price": "240",
        "price_per_unit": "440",
        "price_unit": "G"
      }
    ]
  },
  {
    "source_url": "https://www.woolworths.com.au/shop/productdetails/362262/coca-cola-cherry",
    "name": "Coca-Cola Cherry 330mL",
    "image_url": "https://cdn1.woolworths.media/content/wowproductimages/large/362262.jpg",
    "source_id": "Woolworths - 362262",
    "barcode": "5449000009500",
    "shop": "Woolworths",
    "weight": "1L",
    "prices": [
      {
        "state": "NSW",
        "price": "315",
        "price_per_unit": "955",
        "price_unit": "L"
      },
      {
        "state": "VIC",
        "price": "315",
        "price_per_unit": "955",
        "price_unit": "L"
      },
      {
        "state": "QLD",
        "price": "315",
        "price_per_unit": "955",
        "price_unit": "L"
      },
      {
        "state": "WA",
        "price": "315",
        "price_per_unit": "955",
        "price_unit": "L"
      },
      {
        "state": "SA",
        "price": "315",
        "price_per_unit": "955",
        "price_unit": "L"
      },
      {
        "state": "TAS",
        "price": "315",
        "price_per_unit": "955",
        "price_unit": "L"
      },
      {
        "state": "ACT",
        "price": "315",
        "price_per_unit": "955",
        "price_unit": "L"
      },
      {
        "state": "NT",
        "price": "315",
        "price_per_unit": "955",
        "price_unit": "L"
      }
    ]
  },
  {
    "source_url": "https://www.woolworths.com.au/shop/productdetails/363746/daim-bar",
    "name": "Daim Bar 28g",
    "image_url": "https://cdn1.woolworths.media/content/wowproductimages/large/363746.jpg",
    "source_id": "Woolworths - 363746",
    "barcode": "7622300294069",
    "shop": "Woolworths",
    "weight": "100G",
    "prices": [
      {
        "state": "NSW",
        "price": "280",
        "price_per_unit": "1000",
        "price_unit": "G"
      },
      {
        "state": "VIC",
        "price": "280",
        "price_per_unit": "1000",
        "price_unit": "G"
      },
      {
        "state": "QLD",
        "price": "280",
        "price_per_unit": "1000",
        "price_unit": "G"
      },
      {
        "state": "WA",
        "price": "280",
        "price_per_unit": "1000",
        "price_unit": "G"
      },
      {
        "state": "SA",
        "price": "280",
        "price_per_unit": "1000",
        "price_unit": "G"
      },
      {
        "state": "TAS",
        "price": "280",
        "price_per_unit": "1000",
        "price_unit": "G"
      },
      {
        "state": "ACT",
        "price": "280",
        "price_per_unit": "1000",
        "price_unit": "G"
      },
      {
        "state": "NT",
        "price": "280",
        "price_per_unit": "1000",
        "price_unit": "G"
      }
    ]
  },
  {
    "source_url": "https://www.woolworths.com.au/shop/productdetails/741134/dr-pepper-cola-drinks",
    "name": "Dr Pepper Cola Drinks 330ml",
    "image_url": "https://cdn1.woolworths.media/content/wowproductimages/large/741134.jpg",
    "source_id": "Woolworths - 741134",
    "barcode": "5010102100015",
    "shop": "Woolworths",
    "weight": "1L",
    "prices": [
      {
        "state": "NSW",
        "price": "310",
        "price_per_unit": "939",
        "price_unit": "L"
      },
      {
        "state": "VIC",
        "price": "310",
        "price_per_unit": "939",
        "price_unit": "L"
      },
      {
        "state": "QLD",
        "price": "310",
        "price_per_unit": "939",
        "price_unit": "L"
      },
      {
        "state": "WA",
        "price": "310",
        "price_per_unit": "939",
        "price_unit": "L"
      },
      {
        "state": "SA",
        "price": "310",
        "price_per_unit": "939",
        "price_unit": "L"
      },
      {
        "state": "TAS",
        "price": "310",
        "price_per_unit": "939",
        "price_unit": "L"
      },
      {
        "state": "ACT",
        "price": "310",
        "price_per_unit": "939",
        "price_unit": "L"
      },
      {
        "state": "NT",
        "price": "310",
        "price_per_unit": "939",
        "price_unit": "L"
      }
    ]
  },
  {
    "source_url": "https://www.woolworths.com.au/shop/productdetails/326183/fry-s-chocolate-bar-peppermint-cream",
    "name": "Fry's Chocolate Bar Peppermint Cream 49G",
    "image_url": "https://cdn1.woolworths.media/content/wowproductimages/large/326183.jpg",
    "source_id": "Woolworths - 326183",
    "barcode": "5000201460738",
    "shop": "Woolworths",
    "weight": "100G",
    "prices": [
      {
        "state": "NSW",
        "price": "260",
        "price_per_unit": "531",
        "price_unit": "G"
      },
      {
        "state": "SA",
        "price": "260",
        "price_per_unit": "531",
        "price_unit": "G"
      },
      {
        "state": "ACT",
        "price": "210",
        "price_per_unit": "429",
        "price_unit": "G"
      }
    ]
  },
  {
    "source_url": "https://www.woolworths.com.au/shop/productdetails/326182/fry-s-chocolate-cream",
    "name": "Fry's Chocolate Cream 49g",
    "image_url": "https://cdn1.woolworths.media/content/wowproductimages/large/326182.jpg",
    "source_id": "Woolworths - 326182",
    "barcode": "5000201460509",
    "shop": "Woolworths",
    "weight": "100G",
    "prices": [
      {
        "state": "NSW",
        "price": "260",
        "price_per_unit": "531",
        "price_unit": "G"
      },
      {
        "state": "VIC",
        "price": "260",
        "price_per_unit": "531",
        "price_unit": "G"
      },
      {
        "state": "QLD",
        "price": "260",
        "price_per_unit": "531",
        "price_unit": "G"
      },
      {
        "state": "WA",
        "price": "260",
        "price_per_unit": "531",
        "price_unit": "G"
      },
      null,
      {
        "state": "ACT",
        "price": "210",
        "price_per_unit": "429",
        "price_unit": "G"
      }
    ]
  },
  {
    "source_url": "https://www.woolworths.com.au/shop/productdetails/777287/galaxy-chocolate",
    "name": "Galaxy Chocolate 42g",
    "image_url": "https://cdn1.woolworths.media/content/wowproductimages/large/777287.jpg",
    "source_id": "Woolworths - 777287",
    "barcode": "5000159470292",
    "shop": "Woolworths",
    "weight": "100G",
    "prices": [
      {
        "state": "NSW",
        "price": "260",
        "price_per_unit": "619",
        "price_unit": "G"
      },
      {
        "state": "VIC",
        "price": "260",
        "price_per_unit": "619",
        "price_unit": "G"
      },
      {
        "state": "QLD",
        "price": "260",
        "price_per_unit": "619",
        "price_unit": "G"
      },
      {
        "state": "WA",
        "price": "260",
        "price_per_unit": "619",
        "price_unit": "G"
      },
      {
        "state": "SA",
        "price": "260",
        "price_per_unit": "619",
        "price_unit": "G"
      },
      {
        "state": "TAS",
        "price": "260",
        "price_per_unit": "619",
        "price_unit": "G"
      },
      {
        "state": "ACT",
        "price": "260",
        "price_per_unit": "619",
        "price_unit": "G"
      },
      {
        "state": "NT",
        "price": "260",
        "price_per_unit": "619",
        "price_unit": "G"
      }
    ]
  },
  {
    "source_url": "https://www.woolworths.com.au/shop/productdetails/266989/nestle-after-eight-mint-chocolate-thins",
    "name": "Nestle After Eight Mint Chocolate Thins 300g",
    "image_url": "https://cdn1.woolworths.media/content/wowproductimages/large/266989.jpg",
    "source_id": "Woolworths - 266989",
    "barcode": "500426171518",
    "shop": "Woolworths",
    "weight": "100G",
    "prices": [
      {
        "state": "NSW",
        "price": "1200",
        "price_per_unit": "400",
        "price_unit": "G"
      },
      {
        "state": "ACT",
        "price": "1000",
        "price_per_unit": "333",
        "price_unit": "G"
      }
    ]
  },
  {
    "source_url": "https://www.woolworths.com.au/shop/productdetails/175291/nestle-polo-mints",
    "name": "Nestle Polo Mints 34g",
    "image_url": "https://cdn1.woolworths.media/content/wowproductimages/large/175291.jpg",
    "source_id": "Woolworths - 175291",
    "barcode": "50189779",
    "shop": "Woolworths",
    "weight": "100G",
    "prices": [
      {
        "state": "NSW",
        "price": "225",
        "price_per_unit": "662",
        "price_unit": "G"
      },
      {
        "state": "VIC",
        "price": "225",
        "price_per_unit": "662",
        "price_unit": "G"
      },
      {
        "state": "QLD",
        "price": "225",
        "price_per_unit": "662",
        "price_unit": "G"
      },
      {
        "state": "WA",
        "price": "225",
        "price_per_unit": "662",
        "price_unit": "G"
      },
      {
        "state": "SA",
        "price": "225",
        "price_per_unit": "662",
        "price_unit": "G"
      },
      {
        "state": "TAS",
        "price": "225",
        "price_per_unit": "662",
        "price_unit": "G"
      },
      {
        "state": "ACT",
        "price": "225",
        "price_per_unit": "662",
        "price_unit": "G"
      },
      {
        "state": "NT",
        "price": "225",
        "price_per_unit": "662",
        "price_unit": "G"
      }
    ]
  },
  {
    "source_url": "https://www.woolworths.com.au/shop/productdetails/841361/nestle-yorkie-bar",
    "name": "Nestle Yorkie Bar 46g",
    "image_url": "https://cdn1.woolworths.media/content/wowproductimages/large/841361.jpg",
    "source_id": "Woolworths - 841361",
    "barcode": "7613034872630",
    "shop": "Woolworths",
    "weight": "100G",
    "prices": [
      {
        "state": "NSW",
        "price": "210",
        "price_per_unit": "457",
        "price_unit": "G"
      },
      {
        "state": "ACT",
        "price": "210",
        "price_per_unit": "457",
        "price_unit": "G"
      }
    ]
  },
  {
    "source_url": "https://www.woolworths.com.au/shop/productdetails/700422/paynes-poppets-chewy-toffee",
    "name": "Paynes Poppets Chewy Toffee 39g",
    "image_url": "https://cdn1.woolworths.media/content/wowproductimages/large/700422.jpg",
    "source_id": "Woolworths - 700422",
    "barcode": "50314904",
    "shop": "Woolworths",
    "weight": "100G",
    "prices": [
      {
        "state": "NSW",
        "price": "215",
        "price_per_unit": "551",
        "price_unit": "G"
      },
      {
        "state": "ACT",
        "price": "215",
        "price_per_unit": "551",
        "price_unit": "G"
      }
    ]
  },
  {
    "source_url": "https://www.woolworths.com.au/shop/productdetails/36456/rolo-caramel-milk-chocolate-bar",
    "name": "Rolo Caramel Milk Chocolate Bar 52g",
    "image_url": "https://cdn1.woolworths.media/content/wowproductimages/large/036456.jpg",
    "source_id": "Woolworths - 36456",
    "barcode": "9300684374062",
    "shop": "Woolworths",
    "weight": "100G",
    "prices": [
      {
        "state": "NSW",
        "price": "200",
        "price_per_unit": "385",
        "price_unit": "G"
      },
      {
        "state": "ACT",
        "price": "200",
        "price_per_unit": "385",
        "price_unit": "G"
      }
    ]
  },
  {
    "source_url": "https://www.woolworths.com.au/shop/productdetails/172449/rowntree-s-fruit-pastilles",
    "name": "Rowntree's Fruit Pastilles 143g",
    "image_url": "https://cdn1.woolworths.media/content/wowproductimages/large/172449.jpg",
    "source_id": "Woolworths - 172449",
    "barcode": "7613287228338",
    "shop": "Woolworths",
    "weight": "100G",
    "prices": [
      {
        "state": "NSW",
        "price": "550",
        "price_per_unit": "385",
        "price_unit": "G"
      },
      {
        "state": "VIC",
        "price": "550",
        "price_per_unit": "385",
        "price_unit": "G"
      },
      {
        "state": "QLD",
        "price": "550",
        "price_per_unit": "385",
        "price_unit": "G"
      },
      {
        "state": "WA",
        "price": "550",
        "price_per_unit": "385",
        "price_unit": "G"
      },
      {
        "state": "SA",
        "price": "550",
        "price_per_unit": "385",
        "price_unit": "G"
      },
      {
        "state": "TAS",
        "price": "550",
        "price_per_unit": "385",
        "price_unit": "G"
      },
      {
        "state": "ACT",
        "price": "550",
        "price_per_unit": "385",
        "price_unit": "G"
      },
      {
        "state": "NT",
        "price": "550",
        "price_per_unit": "385",
        "price_unit": "G"
      }
    ]
  },
  {
    "source_url": "https://www.woolworths.com.au/shop/productdetails/521595/rowntree-s-jelly-tots",
    "name": "Rowntree's Jelly Tots 150G",
    "image_url": "https://cdn1.woolworths.media/content/wowproductimages/large/521595.jpg",
    "source_id": "Woolworths - 521595",
    "barcode": "7613035419056",
    "shop": "Woolworths",
    "weight": "100G",
    "prices": [
      {
        "state": "NSW",
        "price": "550",
        "price_per_unit": "367",
        "price_unit": "G"
      },
      {
        "state": "ACT",
        "price": "550",
        "price_per_unit": "367",
        "price_unit": "G"
      }
    ]
  },
  {
    "source_url": "https://www.woolworths.com.au/shop/productdetails/49486/tunnock-s-snacks-caramel-wafer",
    "name": "Tunnock's Snacks Caramel Wafer 8 Pack 240G",
    "image_url": "https://cdn1.woolworths.media/content/wowproductimages/large/049486.jpg",
    "source_id": "Woolworths - 49486",
    "barcode": "5010975070095",
    "shop": "Woolworths",
    "weight": "100G",
    "prices": [
      {
        "state": "NSW",
        "price": "670",
        "price_per_unit": "279",
        "price_unit": "G"
      },
      {
        "state": "VIC",
        "price": "670",
        "price_per_unit": "279",
        "price_unit": "G"
      },
      {
        "state": "QLD",
        "price": "670",
        "price_per_unit": "279",
        "price_unit": "G"
      },
      {
        "state": "WA",
        "price": "670",
        "price_per_unit": "279",
        "price_unit": "G"
      },
      {
        "state": "SA",
        "price": "670",
        "price_per_unit": "279",
        "price_unit": "G"
      },
      {
        "state": "TAS",
        "price": "500",
        "price_per_unit": "208",
        "price_unit": "G"
      },
      {
        "state": "ACT",
        "price": "500",
        "price_per_unit": "208",
        "price_unit": "G"
      },
      {
        "state": "NT",
        "price": "500",
        "price_per_unit": "208",
        "price_unit": "G"
      }
    ]
  },
  {
    "source_url": "https://www.woolworths.com.au/shop/productdetails/745042/vimto-canned-drink",
    "name": "Vimto Canned Drink 330ml",
    "image_url": "https://cdn1.woolworths.media/content/wowproductimages/large/745042.jpg",
    "source_id": "Woolworths - 745042",
    "barcode": "5010438007095",
    "shop": "Woolworths",
    "weight": "100ML",
    "prices": [
      {
        "state": "NSW",
        "price": "270",
        "price_per_unit": "82",
        "price_unit": "ML"
      }
    ]
  },
  {
    "source_url": "https://www.woolworths.com.au/shop/productdetails/893775/angel-delight-chocolate",
    "name": "Angel Delight Chocolate 59g",
    "image_url": "https://cdn1.woolworths.media/content/wowproductimages/large/893775.jpg",
    "source_id": "Woolworths - 893775",
    "barcode": "5000354770302",
    "shop": "Woolworths",
    "weight": "100G",
    "prices": [
      {
        "state": "VIC",
        "price": "360",
        "price_per_unit": "610",
        "price_unit": "G"
      },
      {
        "state": "QLD",
        "price": "360",
        "price_per_unit": "610",
        "price_unit": "G"
      },
      {
        "state": "WA",
        "price": "360",
        "price_per_unit": "610",
        "price_unit": "G"
      },
      {
        "state": "TAS",
        "price": "360",
        "price_per_unit": "610",
        "price_unit": "G"
      },
      {
        "state": "ACT",
        "price": "360",
        "price_per_unit": "610",
        "price_unit": "G"
      },
      {
        "state": "NT",
        "price": "360",
        "price_per_unit": "610",
        "price_unit": "G"
      }
    ]
  },
  {
    "source_url": "https://www.woolworths.com.au/shop/productdetails/512226/barrys-bay-gold-blend-tea-80-s",
    "name": "Barrys Bay Gold Blend Tea 80's 250g",
    "image_url": "https://cdn1.woolworths.media/content/wowproductimages/large/512226.jpg",
    "source_id": "Woolworths - 512226",
    "barcode": "5099810204055",
    "shop": "Woolworths",
    "weight": "100G",
    "prices": [
      {
        "state": "VIC",
        "price": "1100",
        "price_per_unit": "440",
        "price_unit": "G"
      },
      {
        "state": "QLD",
        "price": "1100",
        "price_per_unit": "440",
        "price_unit": "G"
      },
      {
        "state": "WA",
        "price": "1100",
        "price_per_unit": "440",
        "price_unit": "G"
      },
      {
        "state": "SA",
        "price": "1100",
        "price_per_unit": "440",
        "price_unit": "G"
      },
      {
        "state": "TAS",
        "price": "1100",
        "price_per_unit": "440",
        "price_unit": "G"
      },
      {
        "state": "ACT",
        "price": "1200",
        "price_per_unit": "480",
        "price_unit": "G"
      },
      {
        "state": "NT",
        "price": "1200",
        "price_per_unit": "480",
        "price_unit": "G"
      }
    ]
  },
  {
    "source_url": "https://www.woolworths.com.au/shop/productdetails/303266/batchelors-mushy-peas-canned-chip-shop",
    "name": "Batchelors Mushy Peas Canned Chip Shop 300g",
    "image_url": "https://cdn1.woolworths.media/content/wowproductimages/large/303266.jpg",
    "source_id": "Woolworths - 303266",
    "barcode": "5000175413495",
    "shop": "Woolworths",
    "weight": "100G",
    "prices": [
      {
        "state": "VIC",
        "price": "290",
        "price_per_unit": "97",
        "price_unit": "G"
      },
      {
        "state": "QLD",
        "price": "290",
        "price_per_unit": "97",
        "price_unit": "G"
      },
      {
        "state": "WA",
        "price": "290",
        "price_per_unit": "97",
        "price_unit": "G"
      },
      {
        "state": "SA",
        "price": "290",
        "price_per_unit": "97",
        "price_unit": "G"
      },
      {
        "state": "TAS",
        "price": "290",
        "price_per_unit": "97",
        "price_unit": "G"
      },
      {
        "state": "ACT",
        "price": "290",
        "price_per_unit": "97",
        "price_unit": "G"
      },
      {
        "state": "NT",
        "price": "290",
        "price_per_unit": "97",
        "price_unit": "G"
      }
    ]
  },
  {
    "source_url": "https://www.woolworths.com.au/shop/productdetails/52183/batchelors-mushy-peas-canned-original",
    "name": "Batchelors Mushy Peas Canned Original 300g",
    "image_url": "https://cdn1.woolworths.media/content/wowproductimages/large/052183.jpg",
    "source_id": "Woolworths - 52183",
    "barcode": "5000113001388",
    "shop": "Woolworths",
    "weight": "100G",
    "prices": [
      {
        "state": "VIC",
        "price": "290",
        "price_per_unit": "97",
        "price_unit": "G"
      },
      {
        "state": "QLD",
        "price": "290",
        "price_per_unit": "97",
        "price_unit": "G"
      },
      {
        "state": "WA",
        "price": "290",
        "price_per_unit": "97",
        "price_unit": "G"
      },
      {
        "state": "SA",
        "price": "290",
        "price_per_unit": "97",
        "price_unit": "G"
      },
      {
        "state": "TAS",
        "price": "290",
        "price_per_unit": "97",
        "price_unit": "G"
      },
      {
        "state": "ACT",
        "price": "290",
        "price_per_unit": "97",
        "price_unit": "G"
      },
      {
        "state": "NT",
        "price": "290",
        "price_per_unit": "97",
        "price_unit": "G"
      }
    ]
  },
  {
    "source_url": "https://www.woolworths.com.au/shop/productdetails/362258/bisto-beef-gravy-granules-original-beef-gravy",
    "name": "Bisto Beef Gravy Granules 170g",
    "image_url": "https://cdn1.woolworths.media/content/wowproductimages/large/362258.jpg",
    "source_id": "Woolworths - 362258",
    "barcode": "5010024101381",
    "shop": "Woolworths",
    "weight": "100G",
    "prices": [
      {
        "state": "VIC",
        "price": "600",
        "price_per_unit": "353",
        "price_unit": "G"
      },
      {
        "state": "QLD",
        "price": "600",
        "price_per_unit": "353",
        "price_unit": "G"
      },
      {
        "state": "WA",
        "price": "600",
        "price_per_unit": "353",
        "price_unit": "G"
      },
      {
        "state": "SA",
        "price": "600",
        "price_per_unit": "353",
        "price_unit": "G"
      },
      {
        "state": "TAS",
        "price": "950",
        "price_per_unit": "559",
        "price_unit": "G"
      },
      {
        "state": "ACT",
        "price": "950",
        "price_per_unit": "559",
        "price_unit": "G"
      },
      {
        "state": "NT",
        "price": "950",
        "price_per_unit": "559",
        "price_unit": "G"
      }
    ]
  },
  {
    "source_url": "https://www.woolworths.com.au/shop/productdetails/724479/bisto-chicken-flavour-gravy-granules-chicken",
    "name": "Bisto Chicken Flavour Gravy Granules 170g",
    "image_url": "https://cdn1.woolworths.media/content/wowproductimages/large/724479.jpg",
    "source_id": "Woolworths - 724479",
    "barcode": "5000354202476",
    "shop": "Woolworths",
    "weight": "100G",
    "prices": [
      {
        "state": "VIC",
        "price": "600",
        "price_per_unit": "353",
        "price_unit": "G"
      },
      {
        "state": "QLD",
        "price": "600",
        "price_per_unit": "353",
        "price_unit": "G"
      },
      {
        "state": "WA",
        "price": "600",
        "price_per_unit": "353",
        "price_unit": "G"
      },
      {
        "state": "SA",
        "price": "600",
        "price_per_unit": "353",
        "price_unit": "G"
      },
      {
        "state": "TAS",
        "price": "950",
        "price_per_unit": "559",
        "price_unit": "G"
      },
      {
        "state": "ACT",
        "price": "950",
        "price_per_unit": "559",
        "price_unit": "G"
      },
      {
        "state": "NT",
        "price": "950",
        "price_per_unit": "559",
        "price_unit": "G"
      }
    ]
  },
  {
    "source_url": "https://www.woolworths.com.au/shop/productdetails/325944/club-orange",
    "name": "CLUB Orange 330ml",
    "image_url": "https://cdn1.woolworths.media/content/wowproductimages/large/325944.jpg",
    "source_id": "Woolworths - 325944",
    "barcode": "5391521833976",
    "shop": "Woolworths",
    "weight": "100ML",
    "prices": [
      {
        "state": "VIC",
        "price": "300",
        "price_per_unit": "91",
        "price_unit": "ML"
      },
      {
        "state": "QLD",
        "price": "300",
        "price_per_unit": "91",
        "price_unit": "ML"
      },
      {
        "state": "WA",
        "price": "300",
        "price_per_unit": "91",
        "price_unit": "ML"
      },
      {
        "state": "SA",
        "price": "300",
        "price_per_unit": "91",
        "price_unit": "ML"
      },
      {
        "state": "TAS",
        "price": "300",
        "price_per_unit": "91",
        "price_unit": "ML"
      },
      {
        "state": "ACT",
        "price": "300",
        "price_per_unit": "91",
        "price_unit": "ML"
      },
      {
        "state": "NT",
        "price": "300",
        "price_per_unit": "91",
        "price_unit": "ML"
      }
    ]
  },
  {
    "source_url": "https://www.woolworths.com.au/shop/productdetails/88972/colman-s-ingredients-english-mustard",
    "name": "Colman's Ingredients English Mustard 100G",
    "image_url": "https://cdn1.woolworths.media/content/wowproductimages/large/088972.jpg",
    "source_id": "Woolworths - 88972",
    "barcode": "8722700238324",
    "shop": "Woolworths",
    "weight": "100G",
    "prices": [
      {
        "state": "VIC",
        "price": "460",
        "price_per_unit": "460",
        "price_unit": "G"
      },
      {
        "state": "QLD",
        "price": "460",
        "price_per_unit": "460",
        "price_unit": "G"
      },
      {
        "state": "WA",
        "price": "460",
        "price_per_unit": "460",
        "price_unit": "G"
      },
      {
        "state": "SA",
        "price": "460",
        "price_per_unit": "460",
        "price_unit": "G"
      },
      {
        "state": "TAS",
        "price": "300",
        "price_per_unit": "300",
        "price_unit": "G"
      },
      {
        "state": "ACT",
        "price": "300",
        "price_per_unit": "300",
        "price_unit": "G"
      },
      {
        "state": "NT",
        "price": "300",
        "price_per_unit": "300",
        "price_unit": "G"
      }
    ]
  },
  {
    "source_url": "https://www.woolworths.com.au/shop/productdetails/392202/fanta-pineapple-grapefruit-soft-drink-can",
    "name": "Fanta Pineapple & Grapefruit Soft Drink Can 330ml",
    "image_url": "https://cdn1.woolworths.media/content/wowproductimages/large/392202.jpg",
    "source_id": "Woolworths - 392202",
    "barcode": "5449000089359",
    "shop": "Woolworths",
    "weight": "1L",
    "prices": [
      {
        "state": "VIC",
        "price": "270",
        "price_per_unit": "818",
        "price_unit": "L"
      },
      {
        "state": "QLD",
        "price": "270",
        "price_per_unit": "818",
        "price_unit": "L"
      },
      {
        "state": "WA",
        "price": "270",
        "price_per_unit": "818",
        "price_unit": "L"
      },
      {
        "state": "SA",
        "price": "270",
        "price_per_unit": "818",
        "price_unit": "L"
      },
      {
        "state": "TAS",
        "price": "270",
        "price_per_unit": "818",
        "price_unit": "L"
      },
      {
        "state": "ACT",
        "price": "270",
        "price_per_unit": "818",
        "price_unit": "L"
      },
      {
        "state": "NT",
        "price": "270",
        "price_per_unit": "818",
        "price_unit": "L"
      }
    ]
  },
  {
    "source_url": "https://www.woolworths.com.au/shop/productdetails/578373/galaxy-minstrels-treat-bag",
    "name": "Galaxy Minstrels Treat Bag 80g",
    "image_url": "https://cdn1.woolworths.media/content/wowproductimages/large/578373.jpg",
    "source_id": "Woolworths - 578373",
    "barcode": "5000159503785",
    "shop": "Woolworths",
    "weight": "100G",
    "prices": [
      {
        "state": "VIC",
        "price": "480",
        "price_per_unit": "600",
        "price_unit": "G"
      },
      {
        "state": "QLD",
        "price": "480",
        "price_per_unit": "600",
        "price_unit": "G"
      },
      {
        "state": "WA",
        "price": "480",
        "price_per_unit": "600",
        "price_unit": "G"
      },
      {
        "state": "SA",
        "price": "480",
        "price_per_unit": "600",
        "price_unit": "G"
      },
      {
        "state": "TAS",
        "price": "480",
        "price_per_unit": "600",
        "price_unit": "G"
      },
      {
        "state": "ACT",
        "price": "480",
        "price_per_unit": "600",
        "price_unit": "G"
      },
      {
        "state": "NT",
        "price": "480",
        "price_per_unit": "600",
        "price_unit": "G"
      }
    ]
  },
  {
    "source_url": "https://www.woolworths.com.au/shop/productdetails/337237/goldenfry-gravy-smooth-rich-granules",
    "name": "Goldenfry Gravy Smooth Rich Granules 300g",
    "image_url": "https://cdn1.woolworths.media/content/wowproductimages/large/337237.jpg",
    "source_id": "Woolworths - 337237",
    "barcode": "792851357982",
    "shop": "Woolworths",
    "weight": "100G",
    "prices": [
      {
        "state": "VIC",
        "price": "700",
        "price_per_unit": "233",
        "price_unit": "G"
      },
      {
        "state": "QLD",
        "price": "700",
        "price_per_unit": "233",
        "price_unit": "G"
      },
      {
        "state": "WA",
        "price": "700",
        "price_per_unit": "233",
        "price_unit": "G"
      },
      {
        "state": "SA",
        "price": "700",
        "price_per_unit": "233",
        "price_unit": "G"
      },
      {
        "state": "TAS",
        "price": "700",
        "price_per_unit": "233",
        "price_unit": "G"
      },
      {
        "state": "ACT",
        "price": "550",
        "price_per_unit": "183",
        "price_unit": "G"
      },
      {
        "state": "NT",
        "price": "550",
        "price_per_unit": "183",
        "price_unit": "G"
      }
    ]
  },
  {
    "source_url": "https://www.woolworths.com.au/shop/productdetails/529030/hellmann-s-real-mayonnaise-squeeze",
    "name": "Hellmann's Real Mayonnaise Squeeze 400 g",
    "image_url": "https://cdn1.woolworths.media/content/wowproductimages/large/529030.jpg",
    "source_id": "Woolworths - 529030",
    "barcode": "8722700479475",
    "shop": "Woolworths",
    "weight": "100G",
    "prices": [
      {
        "state": "VIC",
        "price": "800",
        "price_per_unit": "200",
        "price_unit": "G"
      },
      {
        "state": "QLD",
        "price": "800",
        "price_per_unit": "200",
        "price_unit": "G"
      },
      {
        "state": "WA",
        "price": "800",
        "price_per_unit": "200",
        "price_unit": "G"
      },
      {
        "state": "SA",
        "price": "800",
        "price_per_unit": "200",
        "price_unit": "G"
      },
      {
        "state": "TAS",
        "price": "550",
        "price_per_unit": "138",
        "price_unit": "G"
      },
      {
        "state": "ACT",
        "price": "550",
        "price_per_unit": "138",
        "price_unit": "G"
      },
      {
        "state": "NT",
        "price": "580",
        "price_per_unit": "145",
        "price_unit": "G"
      },
      {
        "state": "NT",
        "price": "550",
        "price_per_unit": "138",
        "price_unit": "G"
      }
    ]
  },
  {
    "source_url": "https://www.woolworths.com.au/shop/productdetails/362224/jacobs-snacks-original-twiglets",
    "name": "Jacobs Snacks Original Twiglets 45g",
    "image_url": "https://cdn1.woolworths.media/content/wowproductimages/large/362224.jpg",
    "source_id": "Woolworths - 362224",
    "barcode": "5000137001968",
    "shop": "Woolworths",
    "weight": "100G",
    "prices": [
      {
        "state": "VIC",
        "price": "340",
        "price_per_unit": "756",
        "price_unit": "G"
      },
      {
        "state": "QLD",
        "price": "340",
        "price_per_unit": "756",
        "price_unit": "G"
      },
      {
        "state": "WA",
        "price": "340",
        "price_per_unit": "756",
        "price_unit": "G"
      },
      {
        "state": "SA",
        "price": "340",
        "price_per_unit": "756",
        "price_unit": "G"
      },
      {
        "state": "TAS",
        "price": "340",
        "price_per_unit": "756",
        "price_unit": "G"
      },
      {
        "state": "ACT",
        "price": "340",
        "price_per_unit": "756",
        "price_unit": "G"
      },
      {
        "state": "NT",
        "price": "340",
        "price_per_unit": "756",
        "price_unit": "G"
      }
    ]
  },
  {
    "source_url": "https://www.woolworths.com.au/shop/productdetails/758009/maynards-bassetts-wine-gums",
    "name": "Maynards Bassetts Wine Gums 165g",
    "image_url": "https://cdn1.woolworths.media/content/wowproductimages/large/758009.jpg",
    "source_id": "Woolworths - 758009",
    "barcode": "7622210575012",
    "shop": "Woolworths",
    "weight": "100G",
    "prices": [
      {
        "state": "VIC",
        "price": "600",
        "price_per_unit": "364",
        "price_unit": "G"
      },
      {
        "state": "QLD",
        "price": "600",
        "price_per_unit": "364",
        "price_unit": "G"
      },
      {
        "state": "WA",
        "price": "600",
        "price_per_unit": "364",
        "price_unit": "G"
      },
      {
        "state": "TAS",
        "price": "600",
        "price_per_unit": "364",
        "price_unit": "G"
      },
      {
        "state": "ACT",
        "price": "600",
        "price_per_unit": "364",
        "price_unit": "G"
      },
      {
        "state": "NT",
        "price": "600",
        "price_per_unit": "364",
        "price_unit": "G"
      }
    ]
  },
  {
    "source_url": "https://www.woolworths.com.au/shop/productdetails/425314/mcdonnells-the-original-curry-sauce",
    "name": "McDonnells The Original Curry Sauce 200g",
    "image_url": "https://cdn1.woolworths.media/content/wowproductimages/large/425314.jpg",
    "source_id": "Woolworths - 425314",
    "barcode": "5098732012625",
    "shop": "Woolworths",
    "weight": "100G",
    "prices": [
      {
        "state": "VIC",
        "price": "1000",
        "price_per_unit": "500",
        "price_unit": "G"
      },
      {
        "state": "QLD",
        "price": "1000",
        "price_per_unit": "500",
        "price_unit": "G"
      },
      {
        "state": "WA",
        "price": "1000",
        "price_per_unit": "500",
        "price_unit": "G"
      },
      {
        "state": "SA",
        "price": "1000",
        "price_per_unit": "500",
        "price_unit": "G"
      },
      {
        "state": "TAS",
        "price": "1000",
        "price_per_unit": "500",
        "price_unit": "G"
      },
      {
        "state": "ACT",
        "price": "1000",
        "price_per_unit": "500",
        "price_unit": "G"
      },
      {
        "state": "NT",
        "price": "1000",
        "price_per_unit": "500",
        "price_unit": "G"
      }
    ]
  },
  {
    "source_url": "https://www.woolworths.com.au/shop/productdetails/659039/nesquik-milkshake-mix-banana-flavour",
    "name": "Nesquik Milkshake Mix Banana Flavour 300g",
    "image_url": "https://cdn1.woolworths.media/content/wowproductimages/large/659039.jpg",
    "source_id": "Woolworths - 659039",
    "barcode": "7613031513093",
    "shop": "Woolworths",
    "weight": "100G",
    "prices": [
      {
        "state": "VIC",
        "price": "870",
        "price_per_unit": "290",
        "price_unit": "G"
      },
      {
        "state": "QLD",
        "price": "870",
        "price_per_unit": "290",
        "price_unit": "G"
      },
      {
        "state": "WA",
        "price": "870",
        "price_per_unit": "290",
        "price_unit": "G"
      },
      {
        "state": "TAS",
        "price": "870",
        "price_per_unit": "290",
        "price_unit": "G"
      },
      {
        "state": "ACT",
        "price": "870",
        "price_per_unit": "290",
        "price_unit": "G"
      },
      {
        "state": "NT",
        "price": "870",
        "price_per_unit": "290",
        "price_unit": "G"
      }
    ]
  },
  {
    "source_url": "https://www.woolworths.com.au/shop/productdetails/702511/paxo-stuffing-sage-onion",
    "name": "Paxo Stuffing Sage & Onion 170g",
    "image_url": "https://cdn1.woolworths.media/content/wowproductimages/large/702511.jpg",
    "source_id": "Woolworths - 702511",
    "barcode": "5000354909702",
    "shop": "Woolworths",
    "weight": "100G",
    "prices": [
      {
        "state": "VIC",
        "price": "600",
        "price_per_unit": "353",
        "price_unit": "G"
      },
      {
        "state": "QLD",
        "price": "600",
        "price_per_unit": "353",
        "price_unit": "G"
      },
      {
        "state": "WA",
        "price": "600",
        "price_per_unit": "353",
        "price_unit": "G"
      },
      {
        "state": "SA",
        "price": "600",
        "price_per_unit": "353",
        "price_unit": "G"
      },
      {
        "state": "TAS",
        "price": "500",
        "price_per_unit": "294",
        "price_unit": "G"
      },
      {
        "state": "ACT",
        "price": "500",
        "price_per_unit": "294",
        "price_unit": "G"
      },
      {
        "state": "NT",
        "price": "500",
        "price_per_unit": "294",
        "price_unit": "G"
      }
    ]
  },
  {
    "source_url": "https://www.woolworths.com.au/shop/productdetails/413707/pg-tips-tea-bags-116g",
    "name": "PG Tips Tea Bags 116G Each",
    "image_url": "https://cdn1.woolworths.media/content/wowproductimages/large/413707.jpg",
    "source_id": "Woolworths - 413707",
    "barcode": "8712100739231",
    "shop": "Woolworths",
    "weight": "1EA",
    "prices": [
      {
        "state": "VIC",
        "price": "600",
        "price_per_unit": "15",
        "price_unit": "EA"
      },
      {
        "state": "QLD",
        "price": "600",
        "price_per_unit": "15",
        "price_unit": "EA"
      },
      {
        "state": "WA",
        "price": "600",
        "price_per_unit": "15",
        "price_unit": "EA"
      },
      {
        "state": "SA",
        "price": "600",
        "price_per_unit": "15",
        "price_unit": "EA"
      },
      {
        "state": "TAS",
        "price": "600",
        "price_per_unit": "15",
        "price_unit": "EA"
      },
      {
        "state": "ACT",
        "price": "600",
        "price_per_unit": "15",
        "price_unit": "EA"
      },
      {
        "state": "NT",
        "price": "600",
        "price_per_unit": "15",
        "price_unit": "EA"
      }
    ]
  },
  {
    "source_url": "https://www.woolworths.com.au/shop/productdetails/337238/pot-noodle-chicken-mushroom",
    "name": "Pot Noodle Chicken & Mushroom 94G",
    "image_url": "https://cdn1.woolworths.media/content/wowproductimages/large/337238.jpg",
    "source_id": "Woolworths - 337238",
    "barcode": "5000118203503",
    "shop": "Woolworths",
    "weight": "100G",
    "prices": [
      {
        "state": "VIC",
        "price": "470",
        "price_per_unit": "522",
        "price_unit": "G"
      },
      {
        "state": "QLD",
        "price": "470",
        "price_per_unit": "522",
        "price_unit": "G"
      },
      {
        "state": "WA",
        "price": "470",
        "price_per_unit": "522",
        "price_unit": "G"
      },
      {
        "state": "SA",
        "price": "470",
        "price_per_unit": "522",
        "price_unit": "G"
      },
      {
        "state": "TAS",
        "price": "470",
        "price_per_unit": "522",
        "price_unit": "G"
      },
      {
        "state": "ACT",
        "price": "470",
        "price_per_unit": "522",
        "price_unit": "G"
      },
      {
        "state": "NT",
        "price": "470",
        "price_per_unit": "522",
        "price_unit": "G"
      }
    ]
  },
  {
    "source_url": "https://www.woolworths.com.au/shop/productdetails/242153/rowntree-s-fruit-gums-bag",
    "name": "Rowntree's Fruit Gums Bag 150g",
    "image_url": "https://cdn1.woolworths.media/content/wowproductimages/large/242153.jpg",
    "source_id": "Woolworths - 242153",
    "barcode": "8445290019530",
    "shop": "Woolworths",
    "weight": "100G",
    "prices": [
      {
        "state": "VIC",
        "price": "550",
        "price_per_unit": "367",
        "price_unit": "G"
      },
      {
        "state": "QLD",
        "price": "550",
        "price_per_unit": "367",
        "price_unit": "G"
      },
      {
        "state": "WA",
        "price": "550",
        "price_per_unit": "367",
        "price_unit": "G"
      },
      {
        "state": "SA",
        "price": "550",
        "price_per_unit": "367",
        "price_unit": "G"
      },
      {
        "state": "TAS",
        "price": "550",
        "price_per_unit": "367",
        "price_unit": "G"
      },
      {
        "state": "ACT",
        "price": "550",
        "price_per_unit": "367",
        "price_unit": "G"
      },
      {
        "state": "NT",
        "price": "550",
        "price_per_unit": "367",
        "price_unit": "G"
      }
    ]
  },
  {
    "source_url": "https://www.woolworths.com.au/shop/productdetails/689450/starburst-fruit-chews-original",
    "name": "Starburst Fruit Chews Original 127g",
    "image_url": "https://cdn1.woolworths.media/content/wowproductimages/large/689450.jpg",
    "source_id": "Woolworths - 689450",
    "barcode": "4009900549752",
    "shop": "Woolworths",
    "weight": "100G",
    "prices": [
      {
        "state": "VIC",
        "price": "500",
        "price_per_unit": "394",
        "price_unit": "G"
      },
      {
        "state": "QLD",
        "price": "500",
        "price_per_unit": "394",
        "price_unit": "G"
      },
      {
        "state": "WA",
        "price": "500",
        "price_per_unit": "394",
        "price_unit": "G"
      },
      {
        "state": "ACT",
        "price": "450",
        "price_per_unit": "354",
        "price_unit": "G"
      },
      {
        "state": "NT",
        "price": "450",
        "price_per_unit": "354",
        "price_unit": "G"
      }
    ]
  },
  {
    "source_url": "https://www.woolworths.com.au/shop/productdetails/942051/swizzels-squashies-drumstick-original",
    "name": "Swizzels Squashies Drumstick Original 140g",
    "image_url": "https://cdn1.woolworths.media/content/wowproductimages/large/942051.jpg",
    "source_id": "Woolworths - 942051",
    "barcode": "5010478014510",
    "shop": "Woolworths",
    "weight": "100G",
    "prices": [
      {
        "state": "VIC",
        "price": "500",
        "price_per_unit": "357",
        "price_unit": "G"
      },
      {
        "state": "QLD",
        "price": "500",
        "price_per_unit": "357",
        "price_unit": "G"
      },
      {
        "state": "WA",
        "price": "500",
        "price_per_unit": "357",
        "price_unit": "G"
      },
      {
        "state": "SA",
        "price": "500",
        "price_per_unit": "357",
        "price_unit": "G"
      },
      {
        "state": "TAS",
        "price": "500",
        "price_per_unit": "357",
        "price_unit": "G"
      },
      {
        "state": "NT",
        "price": "400",
        "price_per_unit": "286",
        "price_unit": "G"
      }
    ]
  },
  {
    "source_url": "https://www.woolworths.com.au/shop/productdetails/326515/tayto-cheese-onion-irish-crisps",
    "name": "Tayto Cheese & Onion Irish Crisps 37g",
    "image_url": "https://cdn1.woolworths.media/content/wowproductimages/large/326515.jpg",
    "source_id": "Woolworths - 326515",
    "barcode": "5011096011059",
    "shop": "Woolworths",
    "weight": "100G",
    "prices": [
      {
        "state": "VIC",
        "price": "290",
        "price_per_unit": "784",
        "price_unit": "G"
      },
      {
        "state": "QLD",
        "price": "290",
        "price_per_unit": "784",
        "price_unit": "G"
      },
      {
        "state": "WA",
        "price": "290",
        "price_per_unit": "784",
        "price_unit": "G"
      },
      {
        "state": "SA",
        "price": "290",
        "price_per_unit": "784",
        "price_unit": "G"
      },
      {
        "state": "TAS",
        "price": "290",
        "price_per_unit": "784",
        "price_unit": "G"
      },
      {
        "state": "NT",
        "price": "290",
        "price_per_unit": "784",
        "price_unit": "G"
      }
    ]
  },
  {
    "source_url": "https://www.woolworths.com.au/shop/productdetails/613394/alpen-muesli-original-recipe",
    "name": "Alpen Muesli Original Recipe 550g",
    "image_url": "https://cdn1.woolworths.media/content/wowproductimages/large/613394.jpg",
    "source_id": "Woolworths - 613394",
    "barcode": "5010029226133",
    "shop": "Woolworths",
    "weight": "100G",
    "prices": [
      {
        "state": "ACT",
        "price": "980",
        "price_per_unit": "178",
        "price_unit": "G"
      }
    ]
  },
  {
    "source_url": "https://www.woolworths.com.au/shop/productdetails/711114/ambrosia-dessert-rice-pudding",
    "name": "Ambrosia Dessert Rice Pudding 400g",
    "image_url": "https://cdn1.woolworths.media/content/wowproductimages/large/711114.jpg",
    "source_id": "Woolworths - 711114",
    "barcode": "5000354800931",
    "shop": "Woolworths",
    "weight": "100G",
    "prices": [
      {
        "state": "ACT",
        "price": "580",
        "price_per_unit": "145",
        "price_unit": "G"
      }
    ]
  },
  {
    "source_url": "https://www.woolworths.com.au/shop/productdetails/382668/angel-delight-banana-whip-banana-whip",
    "name": "Angel Delight Banana Whip Banana Whip 59G",
    "image_url": "https://cdn1.woolworths.media/content/wowproductimages/large/382668.jpg",
    "source_id": "Woolworths - 382668",
    "barcode": "5000354770036",
    "shop": "Woolworths",
    "weight": "100G",
    "prices": [
      {
        "state": "ACT",
        "price": "360",
        "price_per_unit": "610",
        "price_unit": "G"
      }
    ]
  },
  {
    "source_url": "https://www.woolworths.com.au/shop/productdetails/964472/barratt-milk-teeth",
    "name": "Barratt Milk Teeth 190g",
    "image_url": "https://cdn1.woolworths.media/content/wowproductimages/large/964472.jpg",
    "source_id": "Woolworths - 964472",
    "barcode": "5010511477807",
    "shop": "Woolworths",
    "weight": "100G",
    "prices": [
      {
        "state": "ACT",
        "price": "575",
        "price_per_unit": "303",
        "price_unit": "G"
      }
    ]
  },
  {
    "source_url": "https://www.woolworths.com.au/shop/productdetails/751306/bartons-pickles-piccalilli",
    "name": "Bartons Pickles Piccalilli 270g",
    "image_url": "https://cdn1.woolworths.media/content/wowproductimages/large/751306.jpg",
    "source_id": "Woolworths - 751306",
    "barcode": "5011553400532",
    "shop": "Woolworths",
    "weight": "100G",
    "prices": [
      {
        "state": "ACT",
        "price": "400",
        "price_per_unit": "148",
        "price_unit": "G"
      }
    ]
  },
  {
    "source_url": "https://www.woolworths.com.au/shop/productdetails/705866/branston-pickle-small-chunk",
    "name": "Branston Pickle Small Chunk 360g",
    "image_url": "https://cdn1.woolworths.media/content/wowproductimages/large/705866.jpg",
    "source_id": "Woolworths - 705866",
    "barcode": "5000354902154",
    "shop": "Woolworths",
    "weight": "1KG",
    "prices": [
      {
        "state": "ACT",
        "price": "720",
        "price_per_unit": "2000",
        "price_unit": "KG"
      }
    ]
  },
  {
    "source_url": "https://www.woolworths.com.au/shop/productdetails/390967/cadbury-dairy-milk-giant-buttons",
    "name": "Cadbury Dairy Milk Giant Buttons 95g",
    "image_url": "https://cdn1.woolworths.media/content/wowproductimages/large/390967.jpg",
    "source_id": "Woolworths - 390967",
    "barcode": "7622210818492",
    "shop": "Woolworths",
    "weight": "100G",
    "prices": [
      {
        "state": "ACT",
        "price": "600",
        "price_per_unit": "632",
        "price_unit": "G"
      }
    ]
  },
  {
    "source_url": "https://www.woolworths.com.au/shop/productdetails/661839/colman-s-mint-sauce",
    "name": "Colman's Mint Sauce 165G",
    "image_url": "https://cdn1.woolworths.media/content/wowproductimages/large/661839.jpg",
    "source_id": "Woolworths - 661839",
    "barcode": "8714100536186",
    "shop": "Woolworths",
    "weight": "100G",
    "prices": [
      {
        "state": "ACT",
        "price": "300",
        "price_per_unit": "182",
        "price_unit": "G"
      }
    ]
  },
  {
    "source_url": "https://www.woolworths.com.au/shop/productdetails/60131/dr-pepper-bottle-9",
    "name": "Dr Pepper Bottle 2l",
    "image_url": "https://cdn1.woolworths.media/content/wowproductimages/large/060131.jpg",
    "source_id": "Woolworths - 60131",
    "barcode": "5015672006903",
    "shop": "Woolworths",
    "weight": "100ML",
    "prices": [
      {
        "state": "ACT",
        "price": "765",
        "price_per_unit": "38",
        "price_unit": "ML"
      }
    ]
  },
  {
    "source_url": "https://www.woolworths.com.au/shop/productdetails/304203/farrows-giant-marrowfat-peas",
    "name": "Farrows Giant Marrowfat Peas 300g",
    "image_url": "https://cdn1.woolworths.media/content/wowproductimages/large/304203.jpg",
    "source_id": "Woolworths - 304203",
    "barcode": "5000175413358",
    "shop": "Woolworths",
    "weight": "100G",
    "prices": [
      {
        "state": "ACT",
        "price": "245",
        "price_per_unit": "82",
        "price_unit": "G"
      }
    ]
  },
  {
    "source_url": "https://www.woolworths.com.au/shop/productdetails/243623/goldenfry-yorkshire-pudding-mix",
    "name": "Goldenfry Yorkshire Pudding Mix 142g",
    "image_url": "https://cdn1.woolworths.media/content/wowproductimages/large/243623.jpg",
    "source_id": "Woolworths - 243623",
    "barcode": "5010105132013",
    "shop": "Woolworths",
    "weight": "100G",
    "prices": [
      {
        "state": "ACT",
        "price": "250",
        "price_per_unit": "176",
        "price_unit": "G"
      }
    ]
  },
  {
    "source_url": "https://www.woolworths.com.au/shop/productdetails/304207/harbour-foods-whole-wheat-biscuits",
    "name": "Harbour Foods Whole Wheat Biscuits 430g",
    "image_url": "https://cdn1.woolworths.media/content/wowproductimages/large/304207.jpg",
    "source_id": "Woolworths - 304207",
    "barcode": "5010029003222",
    "shop": "Woolworths",
    "weight": "100G",
    "prices": [
      {
        "state": "ACT",
        "price": "850",
        "price_per_unit": "198",
        "price_unit": "G"
      }
    ]
  },
  {
    "source_url": "https://www.woolworths.com.au/shop/productdetails/700523/jammie-dodgers-raspberry",
    "name": "Jammie Dodgers Raspberry 140g",
    "image_url": "https://cdn1.woolworths.media/content/wowproductimages/large/700523.jpg",
    "source_id": "Woolworths - 700523",
    "barcode": "72417143700",
    "shop": "Woolworths",
    "weight": "100G",
    "prices": [
      {
        "state": "ACT",
        "price": "320",
        "price_per_unit": "229",
        "price_unit": "G"
      }
    ]
  },
  {
    "source_url": "https://www.woolworths.com.au/shop/productdetails/56984/odlums-irish-farmhouse-brown-bread-mix",
    "name": "Odlums Irish Farmhouse Brown Bread Mix 450g",
    "image_url": "https://cdn1.woolworths.media/content/wowproductimages/large/056984.jpg",
    "source_id": "Woolworths - 56984",
    "barcode": "5011040019568",
    "shop": "Woolworths",
    "weight": "100G",
    "prices": [
      {
        "state": "ACT",
        "price": "550",
        "price_per_unit": "122",
        "price_unit": "G"
      }
    ]
  },
  {
    "source_url": "https://www.woolworths.com.au/shop/productdetails/703830/pot-noodle-original-curry",
    "name": "Pot Noodle Original Curry 90g",
    "image_url": "https://cdn1.woolworths.media/content/wowproductimages/large/703830.jpg",
    "source_id": "Woolworths - 703830",
    "barcode": "5000118203480",
    "shop": "Woolworths",
    "weight": "100G",
    "prices": [
      {
        "state": "ACT",
        "price": "470",
        "price_per_unit": "522",
        "price_unit": "G"
      }
    ]
  }
]