[
  {
    "source_url": "https://www.woolworths.com.au/shop/productdetails/102670/alishaan-super-basmati-rice",
    "name": "Alishaan Super Basmati Rice 5kg",
    "image_url": "https://cdn1.woolworths.media/content/wowproductimages/large/102670.jpg",
    "source_id": "Woolworths - 102670",
    "barcode": "8904049651938",
    "shop": "Woolworths",
    "weight": "100G",
    "prices": [
      {
        "state": "NSW",
        "price": "3200",
        "price_per_unit": "64",
        "price_unit": "G"
      },
      {
        "state": "VIC",
        "price": "3200",
        "price_per_unit": "64",
        "price_unit": "G"
      },
      {
        "state": "QLD",
        "price": "3200",
        "price_per_unit": "64",
        "price_unit": "G"
      },
      {
        "state": "WA",
        "price": "3200",
        "price_per_unit": "64",
        "price_unit": "G"
      },
      {
        "state": "SA",
        "price": "3200",
        "price_per_unit": "64",
        "price_unit": "G"
      },
      {
        "state": "TAS",
        "price": "3200",
        "price_per_unit": "64",
        "price_unit": "G"
      },
      {
        "state": "ACT",
        "price": "3200",
        "price_per_unit": "64",
        "price_unit": "G"
      },
      {
        "state": "NT",
        "price": "3200",
        "price_per_unit": "64",
        "price_unit": "G"
      }
    ]
  },
  {
    "source_url": "https://www.woolworths.com.au/shop/productdetails/727257/ben-s-original-brown-mexican-style-microwave-rice-pouch",
    "name": "Ben's Original Brown Mexican Style Microwave Rice Pouch 250g",
    "image_url": "https://cdn1.woolworths.media/content/wowproductimages/large/727257.jpg",
    "source_id": "Woolworths - 727257",
    "barcode": "9310012060307",
    "shop": "Woolworths",
    "weight": "100G",
    "prices": [
      {
        "state": "NSW",
        "price": "300",
        "price_per_unit": "120",
        "price_unit": "G"
      },
      {
        "state": "VIC",
        "price": "300",
        "price_per_unit": "120",
        "price_unit": "G"
      },
      {
        "state": "QLD",
        "price": "300",
        "price_per_unit": "120",
        "price_unit": "G"
      },
      {
        "state": "WA",
        "price": "300",
        "price_per_unit": "120",
        "price_unit": "G"
      },
      {
        "state": "SA",
        "price": "300",
        "price_per_unit": "120",
        "price_unit": "G"
      },
      {
        "state": "TAS",
        "price": "400",
        "price_per_unit": "160",
        "price_unit": "G"
      },
      {
        "state": "ACT",
        "price": "400",
        "price_per_unit": "160",
        "price_unit": "G"
      },
      {
        "state": "NT",
        "price": "400",
        "price_per_unit": "160",
        "price_unit": "G"
      }
    ]
  },
  {
    "source_url": "https://www.woolworths.com.au/shop/productdetails/364093/ben-s-original-brown-microwave-rice-pouch",
    "name": "Ben's Original Brown Microwave Rice Pouch 250g",
    "image_url": "https://cdn1.woolworths.media/content/wowproductimages/large/364093.jpg",
    "source_id": "Woolworths - 364093",
    "barcode": "9310012060468",
    "shop": "Woolworths",
    "weight": "100G",
    "prices": [
      {
        "state": "NSW",
        "price": "300",
        "price_per_unit": "120",
        "price_unit": "G"
      },
      {
        "state": "VIC",
        "price": "300",
        "price_per_unit": "120",
        "price_unit": "G"
      },
      {
        "state": "QLD",
        "price": "300",
        "price_per_unit": "120",
        "price_unit": "G"
      },
      {
        "state": "WA",
        "price": "300",
        "price_per_unit": "120",
        "price_unit": "G"
      },
      {
        "state": "SA",
        "price": "300",
        "price_per_unit": "120",
        "price_unit": "G"
      },
      {
        "state": "TAS",
        "price": "400",
        "price_per_unit": "160",
        "price_unit": "G"
      },
      {
        "state": "ACT",
        "price": "400",
        "price_per_unit": "160",
        "price_unit": "G"
      },
      {
        "state": "NT",
        "price": "400",
        "price_per_unit": "160",
        "price_unit": "G"
      }
    ]
  },
  {
    "source_url": "https://www.woolworths.com.au/shop/productdetails/792456/ben-s-original-brown-red-wild-rice-medley-microwave-rice-pouch",
    "name": "Ben's Original Brown, Red & Wild Rice Medley Microwave Rice Pouch 250g",
    "image_url": "https://cdn1.woolworths.media/content/wowproductimages/large/792456.jpg",
    "source_id": "Woolworths - 792456",
    "barcode": "9310012060482",
    "shop": "Woolworths",
    "weight": "100G",
    "prices": [
      {
        "state": "NSW",
        "price": "300",
        "price_per_unit": "120",
        "price_unit": "G"
      },
      {
        "state": "VIC",
        "price": "300",
        "price_per_unit": "120",
        "price_unit": "G"
      },
      {
        "state": "QLD",
        "price": "300",
        "price_per_unit": "120",
        "price_unit": "G"
      },
      {
        "state": "WA",
        "price": "300",
        "price_per_unit": "120",
        "price_unit": "G"
      },
      {
        "state": "SA",
        "price": "300",
        "price_per_unit": "120",
        "price_unit": "G"
      },
      {
        "state": "TAS",
        "price": "400",
        "price_per_unit": "160",
        "price_unit": "G"
      },
      {
        "state": "ACT",
        "price": "400",
        "price_per_unit": "160",
        "price_unit": "G"
      },
      {
        "state": "NT",
        "price": "400",
        "price_per_unit": "160",
        "price_unit": "G"
      }
    ]
  },
  {
    "source_url": "https://www.woolworths.com.au/shop/productdetails/176829/ben-s-original-coconut-chilli-lemongrass-microwave-rice-pouch",
    "name": "Ben's Original Coconut, Chilli & Lemongrass Microwave Rice Pouch 250g",
    "image_url": "https://cdn1.woolworths.media/content/wowproductimages/large/176829.jpg",
    "source_id": "Woolworths - 176829",
    "barcode": "9310012060321",
    "shop": "Woolworths",
    "weight": "100G",
    "prices": [
      {
        "state": "NSW",
        "price": "300",
        "price_per_unit": "120",
        "price_unit": "G"
      },
      {
        "state": "VIC",
        "price": "300",
        "price_per_unit": "120",
        "price_unit": "G"
      },
      {
        "state": "QLD",
        "price": "300",
        "price_per_unit": "120",
        "price_unit": "G"
      },
      {
        "state": "WA",
        "price": "300",
        "price_per_unit": "120",
        "price_unit": "G"
      },
      {
        "state": "SA",
        "price": "300",
        "price_per_unit": "120",
        "price_unit": "G"
      },
      {
        "state": "TAS",
        "price": "400",
        "price_per_unit": "160",
        "price_unit": "G"
      },
      {
        "state": "ACT",
        "price": "400",
        "price_per_unit": "160",
        "price_unit": "G"
      },
      {
        "state": "NT",
        "price": "400",
        "price_per_unit": "160",
        "price_unit": "G"
      }
    ]
  },
  {
    "source_url": "https://www.woolworths.com.au/shop/productdetails/37211/ben-s-original-golden-vegetable-microwave-rice-pouch",
    "name": "Ben's Original Golden Vegetable Microwave Rice Pouch 250g",
    "image_url": "https://cdn1.woolworths.media/content/wowproductimages/large/037211.jpg",
    "source_id": "Woolworths - 37211",
    "barcode": "9310012060345",
    "shop": "Woolworths",
    "weight": "100G",
    "prices": [
      {
        "state": "NSW",
        "price": "300",
        "price_per_unit": "120",
        "price_unit": "G"
      },
      {
        "state": "VIC",
        "price": "300",
        "price_per_unit": "120",
        "price_unit": "G"
      },
      {
        "state": "QLD",
        "price": "300",
        "price_per_unit": "120",
        "price_unit": "G"
      },
      {
        "state": "WA",
        "price": "300",
        "price_per_unit": "120",
        "price_unit": "G"
      },
      {
        "state": "SA",
        "price": "300",
        "price_per_unit": "120",
        "price_unit": "G"
      },
      {
        "state": "TAS",
        "price": "400",
        "price_per_unit": "160",
        "price_unit": "G"
      },
      {
        "state": "ACT",
        "price": "400",
        "price_per_unit": "160",
        "price_unit": "G"
      },
      {
        "state": "NT",
        "price": "400",
        "price_per_unit": "160",
        "price_unit": "G"
      }
    ]
  },
  {
    "source_url": "https://www.woolworths.com.au/shop/productdetails/80037/ben-s-original-indian-style-spiced-microwave-rice-pouch",
    "name": "Ben's Original Indian Style Spiced Microwave Rice Pouch 250g",
    "image_url": "https://cdn1.woolworths.media/content/wowproductimages/large/080037.jpg",
    "source_id": "Woolworths - 80037",
    "barcode": "9310012060444",
    "shop": "Woolworths",
    "weight": "100G",
    "prices": [
      {
        "state": "NSW",
        "price": "300",
        "price_per_unit": "120",
        "price_unit": "G"
      },
      {
        "state": "VIC",
        "price": "300",
        "price_per_unit": "120",
        "price_unit": "G"
      },
      {
        "state": "QLD",
        "price": "300",
        "price_per_unit": "120",
        "price_unit": "G"
      },
      {
        "state": "WA",
        "price": "300",
        "price_per_unit": "120",
        "price_unit": "G"
      },
      {
        "state": "SA",
        "price": "300",
        "price_per_unit": "120",
        "price_unit": "G"
      },
      {
        "state": "TAS",
        "price": "400",
        "price_per_unit": "160",
        "price_unit": "G"
      },
      {
        "state": "ACT",
        "price": "400",
        "price_per_unit": "160",
        "price_unit": "G"
      },
      null
    ]
  },
  {
    "source_url": "https://www.woolworths.com.au/shop/productdetails/177521/ben-s-original-lightly-flavour-coconut-microwave-rice-pouch",
    "name": "Ben's Original Lightly Flavour Coconut Microwave Rice Pouch 250g",
    "image_url": "https://cdn1.woolworths.media/content/wowproductimages/large/177521.jpg",
    "source_id": "Woolworths - 177521",
    "barcode": "9310012060567",
    "shop": "Woolworths",
    "weight": "100G",
    "prices": [
      {
        "state": "NSW",
        "price": "300",
        "price_per_unit": "120",
        "price_unit": "G"
      },
      {
        "state": "VIC",
        "price": "300",
        "price_per_unit": "120",
        "price_unit": "G"
      },
      {
        "state": "QLD",
        "price": "300",
        "price_per_unit": "120",
        "price_unit": "G"
      },
      {
        "state": "WA",
        "price": "300",
        "price_per_unit": "120",
        "price_unit": "G"
      },
      {
        "state": "SA",
        "price": "300",
        "price_per_unit": "120",
        "price_unit": "G"
      },
      {
        "state": "TAS",
        "price": "400",
        "price_per_unit": "160",
        "price_unit": "G"
      },
      {
        "state": "ACT",
        "price": "400",
        "price_per_unit": "160",
        "price_unit": "G"
      },
      {
        "state": "NT",
        "price": "400",
        "price_per_unit": "160",
        "price_unit": "G"
      }
    ]
  },
  {
    "source_url": "https://www.woolworths.com.au/shop/productdetails/79980/ben-s-original-lightly-flavour-garlic-microwave-rice-pouch",
    "name": "Ben's Original Lightly Flavour Garlic Microwave Rice Pouch 250g",
    "image_url": "https://cdn1.woolworths.media/content/wowproductimages/large/079980.jpg",
    "source_id": "Woolworths - 79980",
    "barcode": "9310012060581",
    "shop": "Woolworths",
    "weight": "100G",
    "prices": [
      {
        "state": "NSW",
        "price": "300",
        "price_per_unit": "120",
        "price_unit": "G"
      },
      {
        "state": "VIC",
        "price": "300",
        "price_per_unit": "120",
        "price_unit": "G"
      },
      {
        "state": "QLD",
        "price": "300",
        "price_per_unit": "120",
        "price_unit": "G"
      },
      {
        "state": "WA",
        "price": "300",
        "price_per_unit": "120",
        "price_unit": "G"
      },
      {
        "state": "SA",
        "price": "300",
        "price_per_unit": "120",
        "price_unit": "G"
      },
      {
        "state": "TAS",
        "price": "400",
        "price_per_unit": "160",
        "price_unit": "G"
      },
      {
        "state": "ACT",
        "price": "400",
        "price_per_unit": "160",
        "price_unit": "G"
      },
      {
        "state": "NT",
        "price": "400",
        "price_per_unit": "160",
        "price_unit": "G"
      }
    ]
  },
  {
    "source_url": "https://www.woolworths.com.au/shop/productdetails/248288/ben-s-original-lightly-flavoured-lime-rice",
    "name": "Ben's Original Lightly Flavoured Lime Rice 250g",
    "image_url": "https://cdn1.woolworths.media/content/wowproductimages/large/248288.jpg",
    "source_id": "Woolworths - 248288",
    "barcode": "9310012060628",
    "shop": "Woolworths",
    "weight": "100G",
    "prices": [
      {
        "state": "NSW",
        "price": "300",
        "price_per_unit": "120",
        "price_unit": "G"
      },
      {
        "state": "VIC",
        "price": "300",
        "price_per_unit": "120",
        "price_unit": "G"
      },
      {
        "state": "QLD",
        "price": "300",
        "price_per_unit": "120",
        "price_unit": "G"
      },
      {
        "state": "WA",
        "price": "300",
        "price_per_unit": "120",
        "price_unit": "G"
      },
      {
        "state": "SA",
        "price": "300",
        "price_per_unit": "120",
        "price_unit": "G"
      },
      {
        "state": "TAS",
        "price": "400",
        "price_per_unit": "160",
        "price_unit": "G"
      },
      {
        "state": "ACT",
        "price": "400",
        "price_per_unit": "160",
        "price_unit": "G"
      },
      {
        "state": "NT",
        "price": "400",
        "price_per_unit": "160",
        "price_unit": "G"
      }
    ]
  },
  {
    "source_url": "https://www.woolworths.com.au/shop/productdetails/270829/ben-s-original-mexican-style-microwave-rice-pouch",
    "name": "Ben's Original Mexican Style Microwave Rice Pouch 250g",
    "image_url": "https://cdn1.woolworths.media/content/wowproductimages/large/270829.jpg",
    "source_id": "Woolworths - 270829",
    "barcode": "9310012060369",
    "shop": "Woolworths",
    "weight": "100G",
    "prices": [
      {
        "state": "NSW",
        "price": "300",
        "price_per_unit": "120",
        "price_unit": "G"
      },
      {
        "state": "VIC",
        "price": "300",
        "price_per_unit": "120",
        "price_unit": "G"
      },
      {
        "state": "QLD",
        "price": "300",
        "price_per_unit": "120",
        "price_unit": "G"
      },
      {
        "state": "WA",
        "price": "300",
        "price_per_unit": "120",
        "price_unit": "G"
      },
      {
        "state": "SA",
        "price": "300",
        "price_per_unit": "120",
        "price_unit": "G"
      },
      {
        "state": "TAS",
        "price": "400",
        "price_per_unit": "160",
        "price_unit": "G"
      },
      {
        "state": "ACT",
        "price": "400",
        "price_per_unit": "160",
        "price_unit": "G"
      },
      {
        "state": "NT",
        "price": "400",
        "price_per_unit": "160",
        "price_unit": "G"
      }
    ]
  },
  {
    "source_url": "https://www.woolworths.com.au/shop/productdetails/947841/ben-s-original-one-pan-creation-indonesian-style-nasi-goreng",
    "name": "Ben's Original One Pan Creation Indonesian Style Nasi Goreng 250g",
    "image_url": "https://cdn1.woolworths.media/content/wowproductimages/large/947841.jpg",
    "source_id": "Woolworths - 947841",
    "barcode": "9310012063025",
    "shop": "Woolworths",
    "weight": "100G",
    "prices": [
      {
        "state": "NSW",
        "price": "320",
        "price_per_unit": "128",
        "price_unit": "G"
      },
      {
        "state": "VIC",
        "price": "320",
        "price_per_unit": "128",
        "price_unit": "G"
      },
      {
        "state": "QLD",
        "price": "320",
        "price_per_unit": "128",
        "price_unit": "G"
      },
      {
        "state": "WA",
        "price": "320",
        "price_per_unit": "128",
        "price_unit": "G"
      },
      {
        "state": "SA",
        "price": "320",
        "price_per_unit": "128",
        "price_unit": "G"
      },
      {
        "state": "TAS",
        "price": "400",
        "price_per_unit": "160",
        "price_unit": "G"
      },
      {
        "state": "ACT",
        "price": "400",
        "price_per_unit": "160",
        "price_unit": "G"
      },
      {
        "state": "NT",
        "price": "400",
        "price_per_unit": "160",
        "price_unit": "G"
      }
    ]
  },
  {
    "source_url": "https://www.woolworths.com.au/shop/productdetails/947852/ben-s-original-one-pan-creations-indian-biryani-style-meal-base",
    "name": "Ben's Original One Pan Creations Indian Biryani Style Meal Base 250g",
    "image_url": "https://cdn1.woolworths.media/content/wowproductimages/large/947852.jpg",
    "source_id": "Woolworths - 947852",
    "barcode": "9310012063018",
    "shop": "Woolworths",
    "weight": "100G",
    "prices": [
      {
        "state": "NSW",
        "price": "320",
        "price_per_unit": "128",
        "price_unit": "G"
      },
      {
        "state": "VIC",
        "price": "320",
        "price_per_unit": "128",
        "price_unit": "G"
      },
      {
        "state": "QLD",
        "price": "320",
        "price_per_unit": "128",
        "price_unit": "G"
      },
      {
        "state": "WA",
        "price": "320",
        "price_per_unit": "128",
        "price_unit": "G"
      },
      {
        "state": "SA",
        "price": "320",
        "price_per_unit": "128",
        "price_unit": "G"
      },
      {
        "state": "TAS",
        "price": "400",
        "price_per_unit": "160",
        "price_unit": "G"
      },
      {
        "state": "ACT",
        "price": "400",
        "price_per_unit": "160",
        "price_unit": "G"
      },
      {
        "state": "NT",
        "price": "400",
        "price_per_unit": "160",
        "price_unit": "G"
      }
    ]
  },
  {
    "source_url": "https://www.woolworths.com.au/shop/productdetails/947803/ben-s-original-one-pan-creations-spanish-style-paella",
    "name": "Ben's Original One Pan Creations Spanish Style Paella 250g",
    "image_url": "https://cdn1.woolworths.media/content/wowproductimages/large/947803.jpg",
    "source_id": "Woolworths - 947803",
    "barcode": "9310012063155",
    "shop": "Woolworths",
    "weight": "100G",
    "prices": [
      {
        "state": "NSW",
        "price": "320",
        "price_per_unit": "128",
        "price_unit": "G"
      },
      {
        "state": "VIC",
        "price": "320",
        "price_per_unit": "128",
        "price_unit": "G"
      },
      {
        "state": "QLD",
        "price": "320",
        "price_per_unit": "128",
        "price_unit": "G"
      },
      {
        "state": "WA",
        "price": "320",
        "price_per_unit": "128",
        "price_unit": "G"
      },
      {
        "state": "SA",
        "price": "320",
        "price_per_unit": "128",
        "price_unit": "G"
      },
      {
        "state": "TAS",
        "price": "400",
        "price_per_unit": "160",
        "price_unit": "G"
      },
      {
        "state": "ACT",
        "price": "400",
        "price_per_unit": "160",
        "price_unit": "G"
      },
      {
        "state": "NT",
        "price": "400",
        "price_per_unit": "160",
        "price_unit": "G"
      }
    ]
  },
  {
    "source_url": "https://www.woolworths.com.au/shop/productdetails/199836/ben-s-original-protein-lentils-turmeric-brown-rice",
    "name": "Ben's Original Protein+ Lentils, Turmeric & Brown Rice 180g",
    "image_url": "https://cdn1.woolworths.media/content/wowproductimages/large/199836.jpg",
    "source_id": "Woolworths - 199836",
    "barcode": "9310012061083",
    "shop": "Woolworths",
    "weight": "100G",
    "prices": [
      {
        "state": "NSW",
        "price": "300",
        "price_per_unit": "167",
        "price_unit": "G"
      },
      {
        "state": "VIC",
        "price": "300",
        "price_per_unit": "167",
        "price_unit": "G"
      },
      {
        "state": "QLD",
        "price": "300",
        "price_per_unit": "167",
        "price_unit": "G"
      },
      {
        "state": "WA",
        "price": "300",
        "price_per_unit": "167",
        "price_unit": "G"
      },
      {
        "state": "SA",
        "price": "300",
        "price_per_unit": "167",
        "price_unit": "G"
      },
      {
        "state": "TAS",
        "price": "300",
        "price_per_unit": "167",
        "price_unit": "G"
      },
      {
        "state": "ACT",
        "price": "300",
        "price_per_unit": "167",
        "price_unit": "G"
      },
      {
        "state": "NT",
        "price": "350",
        "price_per_unit": "194",
        "price_unit": "G"
      }
    ]
  },
  {
    "source_url": "https://www.woolworths.com.au/shop/productdetails/261735/ben-s-original-savoury-chicken-flavour-microwave-rice-pouch",
    "name": "Ben's Original Savoury Chicken Flavour Microwave Rice Pouch 250g",
    "image_url": "https://cdn1.woolworths.media/content/wowproductimages/large/261735.jpg",
    "source_id": "Woolworths - 261735",
    "barcode": "9310012060383",
    "shop": "Woolworths",
    "weight": "100G",
    "prices": [
      {
        "state": "NSW",
        "price": "300",
        "price_per_unit": "120",
        "price_unit": "G"
      },
      {
        "state": "VIC",
        "price": "300",
        "price_per_unit": "120",
        "price_unit": "G"
      },
      {
        "state": "QLD",
        "price": "300",
        "price_per_unit": "120",
        "price_unit": "G"
      },
      {
        "state": "WA",
        "price": "300",
        "price_per_unit": "120",
        "price_unit": "G"
      },
      {
        "state": "SA",
        "price": "300",
        "price_per_unit": "120",
        "price_unit": "G"
      },
      {
        "state": "TAS",
        "price": "400",
        "price_per_unit": "160",
        "price_unit": "G"
      },
      {
        "state": "ACT",
        "price": "400",
        "price_per_unit": "160",
        "price_unit": "G"
      },
      {
        "state": "NT",
        "price": "400",
        "price_per_unit": "160",
        "price_unit": "G"
      }
    ]
  },
  {
    "source_url": "https://www.woolworths.com.au/shop/productdetails/947246/ben-s-original-special-fried-rice",
    "name": "Ben's Original Special Fried Rice 250g",
    "image_url": "https://cdn1.woolworths.media/content/wowproductimages/large/947246.jpg",
    "source_id": "Woolworths - 947246",
    "barcode": "9310012063353",
    "shop": "Woolworths",
    "weight": "100G",
    "prices": [
      {
        "state": "NSW",
        "price": "300",
        "price_per_unit": "120",
        "price_unit": "G"
      },
      {
        "state": "VIC",
        "price": "300",
        "price_per_unit": "120",
        "price_unit": "G"
      },
      {
        "state": "QLD",
        "price": "300",
        "price_per_unit": "120",
        "price_unit": "G"
      },
      {
        "state": "WA",
        "price": "300",
        "price_per_unit": "120",
        "price_unit": "G"
      },
      {
        "state": "SA",
        "price": "300",
        "price_per_unit": "120",
        "price_unit": "G"
      },
      {
        "state": "TAS",
        "price": "400",
        "price_per_unit": "160",
        "price_unit": "G"
      },
      {
        "state": "ACT",
        "price": "400",
        "price_per_unit": "160",
        "price_unit": "G"
      },
      {
        "state": "NT",
        "price": "400",
        "price_per_unit": "160",
        "price_unit": "G"
      }
    ]
  },
  {
    "source_url": "https://www.woolworths.com.au/shop/productdetails/261734/ben-s-original-tomato-basil-microwave-rice-pouch",
    "name": "Ben's Original Tomato & Basil Microwave Rice Pouch 250g",
    "image_url": "https://cdn1.woolworths.media/content/wowproductimages/large/261734.jpg",
    "source_id": "Woolworths - 261734",
    "barcode": "9310012060260",
    "shop": "Woolworths",
    "weight": "100G",
    "prices": [
      {
        "state": "NSW",
        "price": "300",
        "price_per_unit": "120",
        "price_unit": "G"
      },
      {
        "state": "VIC",
        "price": "300",
        "price_per_unit": "120",
        "price_unit": "G"
      },
      {
        "state": "QLD",
        "price": "300",
        "price_per_unit": "120",
        "price_unit": "G"
      },
      {
        "state": "WA",
        "price": "300",
        "price_per_unit": "120",
        "price_unit": "G"
      },
      {
        "state": "SA",
        "price": "300",
        "price_per_unit": "120",
        "price_unit": "G"
      },
      {
        "state": "TAS",
        "price": "400",
        "price_per_unit": "160",
        "price_unit": "G"
      },
      {
        "state": "ACT",
        "price": "400",
        "price_per_unit": "160",
        "price_unit": "G"
      },
      {
        "state": "NT",
        "price": "400",
        "price_per_unit": "160",
        "price_unit": "G"
      }
    ]
  },
  {
    "source_url": "https://www.woolworths.com.au/shop/productdetails/903031/casale-paradiso-4-cheese-risotto",
    "name": "Casale Paradiso 4 Cheese Risotto 300g",
    "image_url": "https://cdn1.woolworths.media/content/wowproductimages/large/903031.jpg",
    "source_id": "Woolworths - 903031",
    "barcode": "8018370011757",
    "shop": "Woolworths",
    "weight": "100G",
    "prices": [
      {
        "state": "NSW",
        "price": "790",
        "price_per_unit": "263",
        "price_unit": "G"
      },
      {
        "state": "SA",
        "price": "790",
        "price_per_unit": "263",
        "price_unit": "G"
      },
      {
        "state": "TAS",
        "price": "990",
        "price_per_unit": "330",
        "price_unit": "G"
      },
      {
        "state": "ACT",
        "price": "990",
        "price_per_unit": "330",
        "price_unit": "G"
      }
    ]
  },
  {
    "source_url": "https://www.woolworths.com.au/shop/productdetails/901642/casale-paradiso-porcini-mushrooms-risotto",
    "name": "Casale Paradiso Porcini Mushrooms Risotto 300g",
    "image_url": "https://cdn1.woolworths.media/content/wowproductimages/large/901642.jpg",
    "source_id": "Woolworths - 901642",
    "barcode": "8018370001468",
    "shop": "Woolworths",
    "weight": "100G",
    "prices": [
      {
        "state": "NSW",
        "price": "790",
        "price_per_unit": "263",
        "price_unit": "G"
      },
      {
        "state": "SA",
        "price": "790",
        "price_per_unit": "263",
        "price_unit": "G"
      },
      {
        "state": "TAS",
        "price": "990",
        "price_per_unit": "330",
        "price_unit": "G"
      },
      {
        "state": "ACT",
        "price": "990",
        "price_per_unit": "330",
        "price_unit": "G"
      }
    ]
  },
  {
    "source_url": "https://www.woolworths.com.au/shop/productdetails/901879/casale-paradiso-risotto-alla-milanese-saffron",
    "name": "Casale Paradiso Risotto Alla Milanese Saffron 300g",
    "image_url": "https://cdn1.woolworths.media/content/wowproductimages/large/901879.jpg",
    "source_id": "Woolworths - 901879",
    "barcode": "8018370001697",
    "shop": "Woolworths",
    "weight": "100G",
    "prices": [
      {
        "state": "NSW",
        "price": "790",
        "price_per_unit": "263",
        "price_unit": "G"
      },
      {
        "state": "SA",
        "price": "790",
        "price_per_unit": "263",
        "price_unit": "G"
      },
      {
        "state": "TAS",
        "price": "990",
        "price_per_unit": "330",
        "price_unit": "G"
      },
      {
        "state": "ACT",
        "price": "990",
        "price_per_unit": "330",
        "price_unit": "G"
      }
    ]
  },
  {
    "source_url": "https://www.woolworths.com.au/shop/productdetails/145951/continental-classics-chicken-rice",
    "name": "Continental Classics Chicken Rice 190g",
    "image_url": "https://cdn1.woolworths.media/content/wowproductimages/large/145951.jpg",
    "source_id": "Woolworths - 145951",
    "barcode": "9300667022928",
    "shop": "Woolworths",
    "weight": "100G",
    "prices": [
      {
        "state": "NSW",
        "price": "400",
        "price_per_unit": "211",
        "price_unit": "G"
      },
      {
        "state": "SA",
        "price": "400",
        "price_per_unit": "211",
        "price_unit": "G"
      },
      {
        "state": "TAS",
        "price": "400",
        "price_per_unit": "211",
        "price_unit": "G"
      },
      {
        "state": "ACT",
        "price": "400",
        "price_per_unit": "211",
        "price_unit": "G"
      },
      {
        "state": "NT",
        "price": "420",
        "price_per_unit": "221",
        "price_unit": "G"
      }
    ]
  },
  {
    "source_url": "https://www.woolworths.com.au/shop/productdetails/62965/continental-classics-fried-rice-oriental",
    "name": "Continental Classics Fried Rice Oriental 115g",
    "image_url": "https://cdn1.woolworths.media/content/wowproductimages/large/062965.jpg",
    "source_id": "Woolworths - 62965",
    "barcode": "9300667028777",
    "shop": "Woolworths",
    "weight": "100G",
    "prices": [
      {
        "state": "NSW",
        "price": "320",
        "price_per_unit": "278",
        "price_unit": "G"
      },
      {
        "state": "VIC",
        "price": "320",
        "price_per_unit": "278",
        "price_unit": "G"
      },
      {
        "state": "QLD",
        "price": "320",
        "price_per_unit": "278",
        "price_unit": "G"
      },
      {
        "state": "WA",
        "price": "320",
        "price_per_unit": "278",
        "price_unit": "G"
      },
      {
        "state": "SA",
        "price": "320",
        "price_per_unit": "278",
        "price_unit": "G"
      },
      {
        "state": "TAS",
        "price": "320",
        "price_per_unit": "278",
        "price_unit": "G"
      },
      {
        "state": "ACT",
        "price": "320",
        "price_per_unit": "278",
        "price_unit": "G"
      },
      {
        "state": "NT",
        "price": "335",
        "price_per_unit": "291",
        "price_unit": "G"
      }
    ]
  },
  {
    "source_url": "https://www.woolworths.com.au/shop/productdetails/79602/continental-classics-fried-rice-oriental-family-pack",
    "name": "Continental Classics Fried Rice Oriental Family Pack 180g",
    "image_url": "https://cdn1.woolworths.media/content/wowproductimages/large/079602.jpg",
    "source_id": "Woolworths - 79602",
    "barcode": "9300667028821",
    "shop": "Woolworths",
    "weight": "100G",
    "prices": [
      {
        "state": "NSW",
        "price": "400",
        "price_per_unit": "222",
        "price_unit": "G"
      },
      {
        "state": "VIC",
        "price": "400",
        "price_per_unit": "222",
        "price_unit": "G"
      },
      {
        "state": "QLD",
        "price": "400",
        "price_per_unit": "222",
        "price_unit": "G"
      },
      {
        "state": "WA",
        "price": "400",
        "price_per_unit": "222",
        "price_unit": "G"
      },
      {
        "state": "SA",
        "price": "400",
        "price_per_unit": "222",
        "price_unit": "G"
      },
      {
        "state": "TAS",
        "price": "400",
        "price_per_unit": "222",
        "price_unit": "G"
      },
      {
        "state": "ACT",
        "price": "400",
        "price_per_unit": "222",
        "price_unit": "G"
      },
      {
        "state": "NT",
        "price": "420",
        "price_per_unit": "233",
        "price_unit": "G"
      }
    ]
  },
  {
    "source_url": "https://www.woolworths.com.au/shop/productdetails/141917/continental-classics-rice-chicken",
    "name": "Continental Classics Rice Chicken 120g",
    "image_url": "https://cdn1.woolworths.media/content/wowproductimages/large/141917.jpg",
    "source_id": "Woolworths - 141917",
    "barcode": "9300667022416",
    "shop": "Woolworths",
    "weight": "100G",
    "prices": [
      {
        "state": "NSW",
        "price": "320",
        "price_per_unit": "267",
        "price_unit": "G"
      },
      {
        "state": "VIC",
        "price": "320",
        "price_per_unit": "267",
        "price_unit": "G"
      },
      {
        "state": "QLD",
        "price": "320",
        "price_per_unit": "267",
        "price_unit": "G"
      },
      {
        "state": "WA",
        "price": "320",
        "price_per_unit": "267",
        "price_unit": "G"
      },
      {
        "state": "SA",
        "price": "320",
        "price_per_unit": "267",
        "price_unit": "G"
      },
      {
        "state": "TAS",
        "price": "320",
        "price_per_unit": "267",
        "price_unit": "G"
      },
      {
        "state": "ACT",
        "price": "320",
        "price_per_unit": "267",
        "price_unit": "G"
      },
      {
        "state": "NT",
        "price": "335",
        "price_per_unit": "279",
        "price_unit": "G"
      }
    ]
  },
  {
    "source_url": "https://www.woolworths.com.au/shop/productdetails/1075533367/lotus-organic-millet-hulled-500g",
    "name": "Lotus Organic Millet Hulled 500g",
    "image_url": "https://cdn1.woolworths.media/content/wowproductimages/large/1075533367.jpg",
    "source_id": "Woolworths - 1075533367",
    "barcode": null,
    "shop": "Woolworths",
    "weight": "100G",
    "prices": [
      {
        "state": "NSW",
        "price": "1078",
        "price_per_unit": "216",
        "price_unit": "G"
      },
      {
        "state": "VIC",
        "price": "1078",
        "price_per_unit": "216",
        "price_unit": "G"
      },
      {
        "state": "QLD",
        "price": "1078",
        "price_per_unit": "216",
        "price_unit": "G"
      },
      {
        "state": "WA",
        "price": "1078",
        "price_per_unit": "216",
        "price_unit": "G"
      },
      {
        "state": "SA",
        "price": "1078",
        "price_per_unit": "216",
        "price_unit": "G"
      },
      {
        "state": "TAS",
        "price": "1078",
        "price_per_unit": "216",
        "price_unit": "G"
      },
      {
        "state": "ACT",
        "price": "1078",
        "price_per_unit": "216",
        "price_unit": "G"
      },
      {
        "state": "NT",
        "price": "1078",
        "price_per_unit": "216",
        "price_unit": "G"
      }
    ]
  },
  {
    "source_url": "https://www.woolworths.com.au/shop/productdetails/219994/macro-organic-australian-medium-grain-white-rice",
    "name": "Macro Organic Australian Medium Grain White Rice 750g",
    "image_url": "https://cdn1.woolworths.media/content/wowproductimages/large/219994.jpg",
    "source_id": "Woolworths - 219994",
    "barcode": "9339687304233",
    "shop": "Woolworths",
    "weight": "100G",
    "prices": [
      {
        "state": "NSW",
        "price": "350",
        "price_per_unit": "47",
        "price_unit": "G"
      },
      {
        "state": "VIC",
        "price": "350",
        "price_per_unit": "47",
        "price_unit": "G"
      },
      {
        "state": "QLD",
        "price": "350",
        "price_per_unit": "47",
        "price_unit": "G"
      },
      {
        "state": "WA",
        "price": "350",
        "price_per_unit": "47",
        "price_unit": "G"
      },
      {
        "state": "SA",
        "price": "350",
        "price_per_unit": "47",
        "price_unit": "G"
      },
      {
        "state": "TAS",
        "price": "350",
        "price_per_unit": "47",
        "price_unit": "G"
      },
      {
        "state": "ACT",
        "price": "350",
        "price_per_unit": "47",
        "price_unit": "G"
      },
      {
        "state": "NT",
        "price": "350",
        "price_per_unit": "47",
        "price_unit": "G"
      }
    ]
  },
  {
    "source_url": "https://www.woolworths.com.au/shop/productdetails/701764/macro-organic-basmati-rice",
    "name": "Macro Organic Basmati Rice 1kg",
    "image_url": "https://cdn1.woolworths.media/content/wowproductimages/large/701764.jpg",
    "source_id": "Woolworths - 701764",
    "barcode": "9300633239046",
    "shop": "Woolworths",
    "weight": "100G",
    "prices": [
      {
        "state": "NSW",
        "price": "500",
        "price_per_unit": "50",
        "price_unit": "G"
      },
      {
        "state": "VIC",
        "price": "500",
        "price_per_unit": "50",
        "price_unit": "G"
      },
      {
        "state": "QLD",
        "price": "500",
        "price_per_unit": "50",
        "price_unit": "G"
      },
      {
        "state": "WA",
        "price": "500",
        "price_per_unit": "50",
        "price_unit": "G"
      },
      {
        "state": "SA",
        "price": "500",
        "price_per_unit": "50",
        "price_unit": "G"
      },
      {
        "state": "TAS",
        "price": "500",
        "price_per_unit": "50",
        "price_unit": "G"
      },
      {
        "state": "ACT",
        "price": "500",
        "price_per_unit": "50",
        "price_unit": "G"
      },
      {
        "state": "NT",
        "price": "500",
        "price_per_unit": "50",
        "price_unit": "G"
      }
    ]
  },
  {
    "source_url": "https://www.woolworths.com.au/shop/productdetails/219995/macro-organic-brown-rice",
    "name": "Macro Organic Brown Rice 750g",
    "image_url": "https://cdn1.woolworths.media/content/wowproductimages/large/219995.jpg",
    "source_id": "Woolworths - 219995",
    "barcode": "9339687304240",
    "shop": "Woolworths",
    "weight": "100G",
    "prices": [
      {
        "state": "NSW",
        "price": "350",
        "price_per_unit": "47",
        "price_unit": "G"
      },
      {
        "state": "VIC",
        "price": "350",
        "price_per_unit": "47",
        "price_unit": "G"
      },
      {
        "state": "QLD",
        "price": "350",
        "price_per_unit": "47",
        "price_unit": "G"
      },
      {
        "state": "WA",
        "price": "350",
        "price_per_unit": "47",
        "price_unit": "G"
      },
      {
        "state": "SA",
        "price": "350",
        "price_per_unit": "47",
        "price_unit": "G"
      },
      {
        "state": "TAS",
        "price": "350",
        "price_per_unit": "47",
        "price_unit": "G"
      },
      {
        "state": "ACT",
        "price": "350",
        "price_per_unit": "47",
        "price_unit": "G"
      },
      {
        "state": "NT",
        "price": "350",
        "price_per_unit": "47",
        "price_unit": "G"
      }
    ]
  },
  {
    "source_url": "https://www.woolworths.com.au/shop/productdetails/755971/macro-organic-jasmine-rice",
    "name": "Macro Organic Jasmine Rice 750g",
    "image_url": "https://cdn1.woolworths.media/content/wowproductimages/large/755971.jpg",
    "source_id": "Woolworths - 755971",
    "barcode": "9300633417987",
    "shop": "Woolworths",
    "weight": "100G",
    "prices": [
      {
        "state": "NSW",
        "price": "480",
        "price_per_unit": "64",
        "price_unit": "G"
      },
      {
        "state": "VIC",
        "price": "480",
        "price_per_unit": "64",
        "price_unit": "G"
      },
      {
        "state": "QLD",
        "price": "480",
        "price_per_unit": "64",
        "price_unit": "G"
      },
      {
        "state": "WA",
        "price": "480",
        "price_per_unit": "64",
        "price_unit": "G"
      },
      {
        "state": "SA",
        "price": "480",
        "price_per_unit": "64",
        "price_unit": "G"
      },
      {
        "state": "TAS",
        "price": "480",
        "price_per_unit": "64",
        "price_unit": "G"
      },
      {
        "state": "ACT",
        "price": "480",
        "price_per_unit": "64",
        "price_unit": "G"
      },
      {
        "state": "NT",
        "price": "480",
        "price_per_unit": "64",
        "price_unit": "G"
      }
    ]
  },
  {
    "source_url": "https://www.woolworths.com.au/shop/productdetails/174909/macro-organic-microwave-brown-rice-riceberry",
    "name": "Macro Organic Microwave Brown Rice & Riceberry 250g",
    "image_url": "https://cdn1.woolworths.media/content/wowproductimages/large/174909.jpg",
    "source_id": "Woolworths - 174909",
    "barcode": "9339687270590",
    "shop": "Woolworths",
    "weight": "100G",
    "prices": [
      {
        "state": "NSW",
        "price": "275",
        "price_per_unit": "110",
        "price_unit": "G"
      },
      {
        "state": "VIC",
        "price": "275",
        "price_per_unit": "110",
        "price_unit": "G"
      },
      {
        "state": "QLD",
        "price": "275",
        "price_per_unit": "110",
        "price_unit": "G"
      },
      {
        "state": "WA",
        "price": "275",
        "price_per_unit": "110",
        "price_unit": "G"
      },
      {
        "state": "SA",
        "price": "275",
        "price_per_unit": "110",
        "price_unit": "G"
      },
      {
        "state": "TAS",
        "price": "275",
        "price_per_unit": "110",
        "price_unit": "G"
      },
      {
        "state": "ACT",
        "price": "275",
        "price_per_unit": "110",
        "price_unit": "G"
      },
      {
        "state": "NT",
        "price": "275",
        "price_per_unit": "110",
        "price_unit": "G"
      }
    ]
  },
  {
    "source_url": "https://www.woolworths.com.au/shop/productdetails/174950/macro-organic-microwave-brown-rice-middle-eastern-style",
    "name": "Macro Organic Microwave Brown Rice Middle Eastern Style 250g",
    "image_url": "https://cdn1.woolworths.media/content/wowproductimages/large/174950.jpg",
    "source_id": "Woolworths - 174950",
    "barcode": "9339687270613",
    "shop": "Woolworths",
    "weight": "100G",
    "prices": [
      {
        "state": "NSW",
        "price": "275",
        "price_per_unit": "110",
        "price_unit": "G"
      },
      {
        "state": "VIC",
        "price": "275",
        "price_per_unit": "110",
        "price_unit": "G"
      },
      {
        "state": "QLD",
        "price": "275",
        "price_per_unit": "110",
        "price_unit": "G"
      },
      {
        "state": "WA",
        "price": "275",
        "price_per_unit": "110",
        "price_unit": "G"
      },
      {
        "state": "SA",
        "price": "275",
        "price_per_unit": "110",
        "price_unit": "G"
      },
      {
        "state": "TAS",
        "price": "275",
        "price_per_unit": "110",
        "price_unit": "G"
      },
      {
        "state": "ACT",
        "price": "275",
        "price_per_unit": "110",
        "price_unit": "G"
      },
      {
        "state": "NT",
        "price": "275",
        "price_per_unit": "110",
        "price_unit": "G"
      }
    ]
  },
  {
    "source_url": "https://www.woolworths.com.au/shop/productdetails/174910/macro-organic-microwave-brown-rice-quinoa-chia-seeds-with-garlic",
    "name": "Macro Organic Microwave Brown Rice Quinoa Chia Seeds With Garlic 250g",
    "image_url": "https://cdn1.woolworths.media/content/wowproductimages/large/174910.jpg",
    "source_id": "Woolworths - 174910",
    "barcode": "9339687270606",
    "shop": "Woolworths",
    "weight": "100G",
    "prices": [
      {
        "state": "NSW",
        "price": "275",
        "price_per_unit": "110",
        "price_unit": "G"
      },
      {
        "state": "VIC",
        "price": "275",
        "price_per_unit": "110",
        "price_unit": "G"
      },
      {
        "state": "QLD",
        "price": "275",
        "price_per_unit": "110",
        "price_unit": "G"
      },
      {
        "state": "WA",
        "price": "275",
        "price_per_unit": "110",
        "price_unit": "G"
      },
      {
        "state": "SA",
        "price": "275",
        "price_per_unit": "110",
        "price_unit": "G"
      },
      {
        "state": "TAS",
        "price": "275",
        "price_per_unit": "110",
        "price_unit": "G"
      },
      {
        "state": "ACT",
        "price": "275",
        "price_per_unit": "110",
        "price_unit": "G"
      },
      {
        "state": "NT",
        "price": "275",
        "price_per_unit": "110",
        "price_unit": "G"
      }
    ]
  },
  {
    "source_url": "https://www.woolworths.com.au/shop/productdetails/90660/riviana-arborio-rice",
    "name": "Riviana Arborio Rice 1kg",
    "image_url": "https://cdn1.woolworths.media/content/wowproductimages/large/090660.jpg",
    "source_id": "Woolworths - 90660",
    "barcode": "9300602175849",
    "shop": "Woolworths",
    "weight": "100G",
    "prices": [
      {
        "state": "NSW",
        "price": "700",
        "price_per_unit": "70",
        "price_unit": "G"
      },
      {
        "state": "VIC",
        "price": "700",
        "price_per_unit": "70",
        "price_unit": "G"
      },
      {
        "state": "QLD",
        "price": "700",
        "price_per_unit": "70",
        "price_unit": "G"
      },
      {
        "state": "WA",
        "price": "700",
        "price_per_unit": "70",
        "price_unit": "G"
      },
      {
        "state": "SA",
        "price": "700",
        "price_per_unit": "70",
        "price_unit": "G"
      },
      {
        "state": "TAS",
        "price": "700",
        "price_per_unit": "70",
        "price_unit": "G"
      },
      {
        "state": "ACT",
        "price": "700",
        "price_per_unit": "70",
        "price_unit": "G"
      },
      {
        "state": "NT",
        "price": "700",
        "price_per_unit": "70",
        "price_unit": "G"
      }
    ]
  },
  {
    "source_url": "https://www.woolworths.com.au/shop/productdetails/34294/riviana-basmati-rice-extra-long-grain",
    "name": "Riviana Basmati Rice Extra Long Grain 1kg",
    "image_url": "https://cdn1.woolworths.media/content/wowproductimages/large/034294.jpg",
    "source_id": "Woolworths - 34294",
    "barcode": "9300602175344",
    "shop": "Woolworths",
    "weight": "100G",
    "prices": [
      {
        "state": "NSW",
        "price": "700",
        "price_per_unit": "70",
        "price_unit": "G"
      },
      {
        "state": "VIC",
        "price": "700",
        "price_per_unit": "70",
        "price_unit": "G"
      },
      {
        "state": "QLD",
        "price": "700",
        "price_per_unit": "70",
        "price_unit": "G"
      },
      {
        "state": "WA",
        "price": "700",
        "price_per_unit": "70",
        "price_unit": "G"
      },
      {
        "state": "SA",
        "price": "700",
        "price_per_unit": "70",
        "price_unit": "G"
      },
      {
        "state": "TAS",
        "price": "700",
        "price_per_unit": "70",
        "price_unit": "G"
      },
      {
        "state": "ACT",
        "price": "700",
        "price_per_unit": "70",
        "price_unit": "G"
      },
      {
        "state": "NT",
        "price": "700",
        "price_per_unit": "70",
        "price_unit": "G"
      }
    ]
  },
  {
    "source_url": "https://www.woolworths.com.au/shop/productdetails/37915/riviana-basmati-rice-extra-long-grain",
    "name": "Riviana Basmati Rice Extra Long Grain 2kg",
    "image_url": "https://cdn1.woolworths.media/content/wowproductimages/large/037915.jpg",
    "source_id": "Woolworths - 37915",
    "barcode": "9300602175337",
    "shop": "Woolworths",
    "weight": "100G",
    "prices": [
      {
        "state": "NSW",
        "price": "1325",
        "price_per_unit": "66",
        "price_unit": "G"
      },
      {
        "state": "VIC",
        "price": "1325",
        "price_per_unit": "66",
        "price_unit": "G"
      },
      {
        "state": "QLD",
        "price": "1325",
        "price_per_unit": "66",
        "price_unit": "G"
      },
      {
        "state": "WA",
        "price": "1325",
        "price_per_unit": "66",
        "price_unit": "G"
      },
      {
        "state": "SA",
        "price": "1325",
        "price_per_unit": "66",
        "price_unit": "G"
      },
      {
        "state": "TAS",
        "price": "1325",
        "price_per_unit": "66",
        "price_unit": "G"
      },
      {
        "state": "ACT",
        "price": "1325",
        "price_per_unit": "66",
        "price_unit": "G"
      },
      {
        "state": "NT",
        "price": "1325",
        "price_per_unit": "66",
        "price_unit": "G"
      }
    ]
  },
  {
    "source_url": "https://www.woolworths.com.au/shop/productdetails/16119/riviana-basmati-rice-pakistan-long-grain",
    "name": "Riviana Basmati Rice Pakistan Long Grain 5kg",
    "image_url": "https://cdn1.woolworths.media/content/wowproductimages/large/016119.jpg",
    "source_id": "Woolworths - 16119",
    "barcode": "9300602175658",
    "shop": "Woolworths",
    "weight": "100G",
    "prices": [
      {
        "state": "NSW",
        "price": "3000",
        "price_per_unit": "60",
        "price_unit": "G"
      },
      {
        "state": "VIC",
        "price": "3000",
        "price_per_unit": "60",
        "price_unit": "G"
      },
      {
        "state": "QLD",
        "price": "3000",
        "price_per_unit": "60",
        "price_unit": "G"
      },
      {
        "state": "WA",
        "price": "3000",
        "price_per_unit": "60",
        "price_unit": "G"
      },
      {
        "state": "SA",
        "price": "3000",
        "price_per_unit": "60",
        "price_unit": "G"
      },
      {
        "state": "TAS",
        "price": "3000",
        "price_per_unit": "60",
        "price_unit": "G"
      },
      {
        "state": "ACT",
        "price": "3000",
        "price_per_unit": "60",
        "price_unit": "G"
      },
      {
        "state": "NT",
        "price": "3000",
        "price_per_unit": "60",
        "price_unit": "G"
      }
    ]
  },
  {
    "source_url": "https://www.woolworths.com.au/shop/productdetails/792257/riviana-brown-basmati-rice-extra-long-grain",
    "name": "Riviana Brown Basmati Rice Extra Long Grain 1kg",
    "image_url": "https://cdn1.woolworths.media/content/wowproductimages/large/792257.jpg",
    "source_id": "Woolworths - 792257",
    "barcode": "9300602365790",
    "shop": "Woolworths",
    "weight": "100G",
    "prices": [
      {
        "state": "NSW",
        "price": "700",
        "price_per_unit": "70",
        "price_unit": "G"
      },
      {
        "state": "VIC",
        "price": "700",
        "price_per_unit": "70",
        "price_unit": "G"
      },
      {
        "state": "QLD",
        "price": "700",
        "price_per_unit": "70",
        "price_unit": "G"
      },
      {
        "state": "WA",
        "price": "700",
        "price_per_unit": "70",
        "price_unit": "G"
      },
      {
        "state": "SA",
        "price": "700",
        "price_per_unit": "70",
        "price_unit": "G"
      },
      {
        "state": "TAS",
        "price": "700",
        "price_per_unit": "70",
        "price_unit": "G"
      },
      {
        "state": "ACT",
        "price": "700",
        "price_per_unit": "70",
        "price_unit": "G"
      },
      {
        "state": "NT",
        "price": "700",
        "price_per_unit": "70",
        "price_unit": "G"
      }
    ]
  },
  {
    "source_url": "https://www.woolworths.com.au/shop/productdetails/102760/royal-feast-jasmine-rice",
    "name": "Royal Feast Jasmine Rice 10kg",
    "image_url": "https://cdn1.woolworths.media/content/wowproductimages/large/102760.jpg",
    "source_id": "Woolworths - 102760",
    "barcode": "9356922000019",
    "shop": "Woolworths",
    "weight": "100G",
    "prices": [
      {
        "state": "NSW",
        "price": "4800",
        "price_per_unit": "48",
        "price_unit": "G"
      },
      {
        "state": "VIC",
        "price": "4800",
        "price_per_unit": "48",
        "price_unit": "G"
      },
      {
        "state": "QLD",
        "price": "4800",
        "price_per_unit": "48",
        "price_unit": "G"
      },
      {
        "state": "WA",
        "price": "4800",
        "price_per_unit": "48",
        "price_unit": "G"
      },
      {
        "state": "SA",
        "price": "4800",
        "price_per_unit": "48",
        "price_unit": "G"
      },
      {
        "state": "TAS",
        "price": "4800",
        "price_per_unit": "48",
        "price_unit": "G"
      },
      {
        "state": "ACT",
        "price": "4800",
        "price_per_unit": "48",
        "price_unit": "G"
      },
      {
        "state": "NT",
        "price": "4800",
        "price_per_unit": "48",
        "price_unit": "G"
      }
    ]
  },
  {
    "source_url": "https://www.woolworths.com.au/shop/productdetails/1075478723/sol-organics-moong-dhal-basmati-rice-400g",
    "name": "Sol Organics Moong Dhal & Basmati Rice 400g",
    "image_url": "https://cdn1.woolworths.media/content/wowproductimages/large/1075478723.jpg",
    "source_id": "Woolworths - 1075478723",
    "barcode": null,
    "shop": "Woolworths",
    "weight": "100G",
    "prices": [
      {
        "state": "NSW",
        "price": "1695",
        "price_per_unit": "424",
        "price_unit": "G"
      },
      {
        "state": "VIC",
        "price": "1695",
        "price_per_unit": "424",
        "price_unit": "G"
      },
      {
        "state": "QLD",
        "price": "1695",
        "price_per_unit": "424",
        "price_unit": "G"
      },
      {
        "state": "WA",
        "price": "1695",
        "price_per_unit": "424",
        "price_unit": "G"
      },
      {
        "state": "SA",
        "price": "1695",
        "price_per_unit": "424",
        "price_unit": "G"
      },
      {
        "state": "TAS",
        "price": "1695",
        "price_per_unit": "424",
        "price_unit": "G"
      },
      {
        "state": "ACT",
        "price": "1695",
        "price_per_unit": "424",
        "price_unit": "G"
      },
      {
        "state": "NT",
        "price": "1695",
        "price_per_unit": "424",
        "price_unit": "G"
      }
    ]
  },
  {
    "source_url": "https://www.woolworths.com.au/shop/productdetails/94536/sunrice-australian-brown-rice-medium-grain",
    "name": "SunRice Australian Brown Rice Medium Grain 1kg",
    "image_url": "https://cdn1.woolworths.media/content/wowproductimages/large/094536.jpg",
    "source_id": "Woolworths - 94536",
    "barcode": "9310140002019",
    "shop": "Woolworths",
    "weight": "100G",
    "prices": [
      {
        "state": "NSW",
        "price": "450",
        "price_per_unit": "45",
        "price_unit": "G"
      },
      {
        "state": "VIC",
        "price": "450",
        "price_per_unit": "45",
        "price_unit": "G"
      },
      {
        "state": "QLD",
        "price": "450",
        "price_per_unit": "45",
        "price_unit": "G"
      },
      {
        "state": "WA",
        "price": "450",
        "price_per_unit": "45",
        "price_unit": "G"
      },
      {
        "state": "SA",
        "price": "450",
        "price_per_unit": "45",
        "price_unit": "G"
      },
      {
        "state": "TAS",
        "price": "450",
        "price_per_unit": "45",
        "price_unit": "G"
      },
      {
        "state": "NT",
        "price": "450",
        "price_per_unit": "45",
        "price_unit": "G"
      }
    ]
  },
  {
    "source_url": "https://www.woolworths.com.au/shop/productdetails/8254/sunrice-australian-brown-rice-medium-grain",
    "name": "SunRice Australian Brown Rice Medium Grain 2kg",
    "image_url": "https://cdn1.woolworths.media/content/wowproductimages/large/008254.jpg",
    "source_id": "Woolworths - 8254",
    "barcode": "9310140283883",
    "shop": "Woolworths",
    "weight": "100G",
    "prices": [
      {
        "state": "NSW",
        "price": "650",
        "price_per_unit": "33",
        "price_unit": "G"
      },
      {
        "state": "VIC",
        "price": "650",
        "price_per_unit": "33",
        "price_unit": "G"
      },
      {
        "state": "QLD",
        "price": "650",
        "price_per_unit": "33",
        "price_unit": "G"
      },
      {
        "state": "WA",
        "price": "650",
        "price_per_unit": "33",
        "price_unit": "G"
      },
      {
        "state": "SA",
        "price": "650",
        "price_per_unit": "33",
        "price_unit": "G"
      },
      {
        "state": "TAS",
        "price": "650",
        "price_per_unit": "33",
        "price_unit": "G"
      },
      {
        "state": "NT",
        "price": "650",
        "price_per_unit": "33",
        "price_unit": "G"
      }
    ]
  },
  {
    "source_url": "https://www.woolworths.com.au/shop/productdetails/750029/sunrice-australian-brown-rice-medium-grain",
    "name": "SunRice Australian Brown Rice Medium Grain 5kg",
    "image_url": "https://cdn1.woolworths.media/content/wowproductimages/large/750029.jpg",
    "source_id": "Woolworths - 750029",
    "barcode": "9310140006451",
    "shop": "Woolworths",
    "weight": "100G",
    "prices": [
      {
        "state": "NSW",
        "price": "1900",
        "price_per_unit": "38",
        "price_unit": "G"
      },
      {
        "state": "VIC",
        "price": "1900",
        "price_per_unit": "38",
        "price_unit": "G"
      },
      {
        "state": "QLD",
        "price": "1900",
        "price_per_unit": "38",
        "price_unit": "G"
      },
      {
        "state": "WA",
        "price": "1900",
        "price_per_unit": "38",
        "price_unit": "G"
      },
      {
        "state": "SA",
        "price": "1900",
        "price_per_unit": "38",
        "price_unit": "G"
      },
      {
        "state": "TAS",
        "price": "1900",
        "price_per_unit": "38",
        "price_unit": "G"
      },
      {
        "state": "NT",
        "price": "1900",
        "price_per_unit": "38",
        "price_unit": "G"
      }
    ]
  },
  {
    "source_url": "https://www.woolworths.com.au/shop/productdetails/75816/sunrice-australian-calrose-rice-medium-grain",
    "name": "SunRice Australian Calrose Rice Medium Grain 10kg",
    "image_url": "https://cdn1.woolworths.media/content/wowproductimages/large/075816.jpg",
    "source_id": "Woolworths - 75816",
    "barcode": "9310140001074",
    "shop": "Woolworths",
    "weight": "100G",
    "prices": [
      {
        "state": "NSW",
        "price": "3800",
        "price_per_unit": "38",
        "price_unit": "G"
      },
      {
        "state": "VIC",
        "price": "3800",
        "price_per_unit": "38",
        "price_unit": "G"
      },
      {
        "state": "QLD",
        "price": "3800",
        "price_per_unit": "38",
        "price_unit": "G"
      },
      {
        "state": "WA",
        "price": "3800",
        "price_per_unit": "38",
        "price_unit": "G"
      },
      {
        "state": "SA",
        "price": "3800",
        "price_per_unit": "38",
        "price_unit": "G"
      },
      {
        "state": "TAS",
        "price": "3800",
        "price_per_unit": "38",
        "price_unit": "G"
      },
      {
        "state": "NT",
        "price": "3800",
        "price_per_unit": "38",
        "price_unit": "G"
      }
    ]
  },
  {
    "source_url": "https://www.woolworths.com.au/shop/productdetails/33183/sunrice-australian-white-rice-medium-grain",
    "name": "SunRice Australian White Rice Medium Grain 1kg",
    "image_url": "https://cdn1.woolworths.media/content/wowproductimages/large/033183.jpg",
    "source_id": "Woolworths - 33183",
    "barcode": "9310140283746",
    "shop": "Woolworths",
    "weight": "100G",
    "prices": [
      {
        "state": "NSW",
        "price": "450",
        "price_per_unit": "45",
        "price_unit": "G"
      },
      {
        "state": "VIC",
        "price": "450",
        "price_per_unit": "45",
        "price_unit": "G"
      },
      {
        "state": "QLD",
        "price": "450",
        "price_per_unit": "45",
        "price_unit": "G"
      },
      {
        "state": "WA",
        "price": "450",
        "price_per_unit": "45",
        "price_unit": "G"
      },
      {
        "state": "SA",
        "price": "450",
        "price_per_unit": "45",
        "price_unit": "G"
      },
      {
        "state": "TAS",
        "price": "450",
        "price_per_unit": "45",
        "price_unit": "G"
      },
      {
        "state": "NT",
        "price": "450",
        "price_per_unit": "45",
        "price_unit": "G"
      }
    ]
  },
  {
    "source_url": "https://www.woolworths.com.au/shop/productdetails/33181/sunrice-australian-white-rice-medium-grain",
    "name": "SunRice Australian White Rice Medium Grain 2kg",
    "image_url": "https://cdn1.woolworths.media/content/wowproductimages/large/033181.jpg",
    "source_id": "Woolworths - 33181",
    "barcode": "9310140283760",
    "shop": "Woolworths",
    "weight": "100G",
    "prices": [
      {
        "state": "NSW",
        "price": "650",
        "price_per_unit": "33",
        "price_unit": "G"
      },
      {
        "state": "VIC",
        "price": "650",
        "price_per_unit": "33",
        "price_unit": "G"
      },
      {
        "state": "QLD",
        "price": "650",
        "price_per_unit": "33",
        "price_unit": "G"
      },
      {
        "state": "WA",
        "price": "650",
        "price_per_unit": "33",
        "price_unit": "G"
      },
      {
        "state": "SA",
        "price": "650",
        "price_per_unit": "33",
        "price_unit": "G"
      },
      {
        "state": "TAS",
        "price": "650",
        "price_per_unit": "33",
        "price_unit": "G"
      },
      null
    ]
  },
  {
    "source_url": "https://www.woolworths.com.au/shop/productdetails/231636/sunrice-basmati-rice",
    "name": "Sunrice Basmati Rice 1kg",
    "image_url": "https://cdn1.woolworths.media/content/wowproductimages/large/231636.jpg",
    "source_id": "Woolworths - 231636",
    "barcode": "9310140001142",
    "shop": "Woolworths",
    "weight": "100G",
    "prices": [
      {
        "state": "NSW",
        "price": "680",
        "price_per_unit": "68",
        "price_unit": "G"
      },
      {
        "state": "VIC",
        "price": "680",
        "price_per_unit": "68",
        "price_unit": "G"
      },
      {
        "state": "QLD",
        "price": "680",
        "price_per_unit": "68",
        "price_unit": "G"
      },
      {
        "state": "WA",
        "price": "680",
        "price_per_unit": "68",
        "price_unit": "G"
      },
      {
        "state": "SA",
        "price": "680",
        "price_per_unit": "68",
        "price_unit": "G"
      },
      {
        "state": "TAS",
        "price": "680",
        "price_per_unit": "68",
        "price_unit": "G"
      },
      {
        "state": "NT",
        "price": "680",
        "price_per_unit": "68",
        "price_unit": "G"
      }
    ]
  },
  {
    "source_url": "https://www.woolworths.com.au/shop/productdetails/198918/sunrice-clever-rice-low-gi-white",
    "name": "Sunrice Clever Rice Low Gi White 1kg",
    "image_url": "https://cdn1.woolworths.media/content/wowproductimages/large/198918.jpg",
    "source_id": "Woolworths - 198918",
    "barcode": "9310140011882",
    "shop": "Woolworths",
    "weight": "100G",
    "prices": [
      {
        "state": "NSW",
        "price": "460",
        "price_per_unit": "46",
        "price_unit": "G"
      },
      {
        "state": "VIC",
        "price": "460",
        "price_per_unit": "46",
        "price_unit": "G"
      },
      {
        "state": "QLD",
        "price": "460",
        "price_per_unit": "46",
        "price_unit": "G"
      },
      {
        "state": "WA",
        "price": "460",
        "price_per_unit": "46",
        "price_unit": "G"
      },
      {
        "state": "SA",
        "price": "460",
        "price_per_unit": "46",
        "price_unit": "G"
      },
      {
        "state": "TAS",
        "price": "460",
        "price_per_unit": "46",
        "price_unit": "G"
      },
      {
        "state": "NT",
        "price": "485",
        "price_per_unit": "49",
        "price_unit": "G"
      }
    ]
  },
  {
    "source_url": "https://www.woolworths.com.au/shop/productdetails/199382/sunrice-doongara-low-gi-brown-rice",
    "name": "Sunrice Doongara Low Gi Brown Rice 1kg",
    "image_url": "https://cdn1.woolworths.media/content/wowproductimages/large/199382.jpg",
    "source_id": "Woolworths - 199382",
    "barcode": "9310140011899",
    "shop": "Woolworths",
    "weight": "100G",
    "prices": [
      {
        "state": "NSW",
        "price": "460",
        "price_per_unit": "46",
        "price_unit": "G"
      },
      {
        "state": "VIC",
        "price": "460",
        "price_per_unit": "46",
        "price_unit": "G"
      },
      {
        "state": "QLD",
        "price": "460",
        "price_per_unit": "46",
        "price_unit": "G"
      },
      {
        "state": "WA",
        "price": "460",
        "price_per_unit": "46",
        "price_unit": "G"
      },
      {
        "state": "SA",
        "price": "460",
        "price_per_unit": "46",
        "price_unit": "G"
      },
      {
        "state": "TAS",
        "price": "460",
        "price_per_unit": "46",
        "price_unit": "G"
      },
      {
        "state": "NT",
        "price": "485",
        "price_per_unit": "49",
        "price_unit": "G"
      }
    ]
  },
  {
    "source_url": "https://www.woolworths.com.au/shop/productdetails/765693/sunrice-gluten-free-rice-and-quinoa",
    "name": "Sunrice Gluten Free Rice And Quinoa 750g",
    "image_url": "https://cdn1.woolworths.media/content/wowproductimages/large/765693.jpg",
    "source_id": "Woolworths - 765693",
    "barcode": "9310140006635",
    "shop": "Woolworths",
    "weight": "100G",
    "prices": [
      {
        "state": "NSW",
        "price": "350",
        "price_per_unit": "47",
        "price_unit": "G"
      },
      {
        "state": "VIC",
        "price": "350",
        "price_per_unit": "47",
        "price_unit": "G"
      },
      {
        "state": "QLD",
        "price": "350",
        "price_per_unit": "47",
        "price_unit": "G"
      },
      {
        "state": "WA",
        "price": "350",
        "price_per_unit": "47",
        "price_unit": "G"
      },
      {
        "state": "SA",
        "price": "350",
        "price_per_unit": "47",
        "price_unit": "G"
      },
      {
        "state": "TAS",
        "price": "350",
        "price_per_unit": "47",
        "price_unit": "G"
      },
      {
        "state": "NT",
        "price": "350",
        "price_per_unit": "47",
        "price_unit": "G"
      }
    ]
  },
  {
    "source_url": "https://www.woolworths.com.au/shop/productdetails/117602/sunrice-hinata-short-grain-rice",
    "name": "Sunrice Hinata Short Grain Rice 5kg",
    "image_url": "https://cdn1.woolworths.media/content/wowproductimages/large/117602.jpg",
    "source_id": "Woolworths - 117602",
    "barcode": "9310140010236",
    "shop": "Woolworths",
    "weight": "100G",
    "prices": [
      {
        "state": "NSW",
        "price": "3000",
        "price_per_unit": "60",
        "price_unit": "G"
      },
      {
        "state": "VIC",
        "price": "3000",
        "price_per_unit": "60",
        "price_unit": "G"
      },
      {
        "state": "QLD",
        "price": "3000",
        "price_per_unit": "60",
        "price_unit": "G"
      },
      {
        "state": "WA",
        "price": "3000",
        "price_per_unit": "60",
        "price_unit": "G"
      },
      {
        "state": "SA",
        "price": "3000",
        "price_per_unit": "60",
        "price_unit": "G"
      },
      {
        "state": "TAS",
        "price": "3000",
        "price_per_unit": "60",
        "price_unit": "G"
      },
      {
        "state": "NT",
        "price": "3000",
        "price_per_unit": "60",
        "price_unit": "G"
      }
    ]
  },
  {
    "source_url": "https://www.woolworths.com.au/shop/productdetails/326757/sunrice-indian-grown-basmati-rice-classic",
    "name": "Sunrice Indian Grown Basmati Rice Classic 1kg",
    "image_url": "https://cdn1.woolworths.media/content/wowproductimages/large/326757.jpg",
    "source_id": "Woolworths - 326757",
    "barcode": "9310140012414",
    "shop": "Woolworths",
    "weight": "100G",
    "prices": [
      {
        "state": "NSW",
        "price": "525",
        "price_per_unit": "53",
        "price_unit": "G"
      },
      {
        "state": "VIC",
        "price": "525",
        "price_per_unit": "53",
        "price_unit": "G"
      },
      {
        "state": "QLD",
        "price": "525",
        "price_per_unit": "53",
        "price_unit": "G"
      },
      {
        "state": "WA",
        "price": "525",
        "price_per_unit": "53",
        "price_unit": "G"
      },
      {
        "state": "SA",
        "price": "525",
        "price_per_unit": "53",
        "price_unit": "G"
      },
      {
        "state": "TAS",
        "price": "750",
        "price_per_unit": "75",
        "price_unit": "G"
      },
      {
        "state": "NT",
        "price": "750",
        "price_per_unit": "75",
        "price_unit": "G"
      }
    ]
  },
  {
    "source_url": "https://www.woolworths.com.au/shop/productdetails/333258/sunrice-indian-grown-basmati-rice-classic",
    "name": "Sunrice Indian Grown Basmati Rice Classic 5kg",
    "image_url": "https://cdn1.woolworths.media/content/wowproductimages/large/333258.jpg",
    "source_id": "Woolworths - 333258",
    "barcode": "9310140012421",
    "shop": "Woolworths",
    "weight": "100G",
    "prices": [
      {
        "state": "NSW",
        "price": "3500",
        "price_per_unit": "70",
        "price_unit": "G"
      },
      {
        "state": "VIC",
        "price": "3500",
        "price_per_unit": "70",
        "price_unit": "G"
      },
      {
        "state": "QLD",
        "price": "3500",
        "price_per_unit": "70",
        "price_unit": "G"
      },
      {
        "state": "WA",
        "price": "3500",
        "price_per_unit": "70",
        "price_unit": "G"
      },
      {
        "state": "SA",
        "price": "3500",
        "price_per_unit": "70",
        "price_unit": "G"
      },
      {
        "state": "TAS",
        "price": "3500",
        "price_per_unit": "70",
        "price_unit": "G"
      },
      {
        "state": "NT",
        "price": "3500",
        "price_per_unit": "70",
        "price_unit": "G"
      }
    ]
  },
  {
    "source_url": "https://www.woolworths.com.au/shop/productdetails/251758/sunrice-japanese-style-sushi-rice",
    "name": "Sunrice Japanese Style Sushi Rice 1kg",
    "image_url": "https://cdn1.woolworths.media/content/wowproductimages/large/251758.jpg",
    "source_id": "Woolworths - 251758",
    "barcode": "9310140011950",
    "shop": "Woolworths",
    "weight": "100G",
    "prices": [
      {
        "state": "NSW",
        "price": "470",
        "price_per_unit": "47",
        "price_unit": "G"
      },
      {
        "state": "VIC",
        "price": "470",
        "price_per_unit": "47",
        "price_unit": "G"
      },
      {
        "state": "QLD",
        "price": "470",
        "price_per_unit": "47",
        "price_unit": "G"
      },
      {
        "state": "WA",
        "price": "470",
        "price_per_unit": "47",
        "price_unit": "G"
      },
      {
        "state": "SA",
        "price": "470",
        "price_per_unit": "47",
        "price_unit": "G"
      },
      {
        "state": "TAS",
        "price": "470",
        "price_per_unit": "47",
        "price_unit": "G"
      },
      {
        "state": "NT",
        "price": "470",
        "price_per_unit": "47",
        "price_unit": "G"
      }
    ]
  },
  {
    "source_url": "https://www.woolworths.com.au/shop/productdetails/109277/sunrice-jasmine",
    "name": "Sunrice Jasmine 2kg",
    "image_url": "https://cdn1.woolworths.media/content/wowproductimages/large/109277.jpg",
    "source_id": "Woolworths - 109277",
    "barcode": "9310140004518",
    "shop": "Woolworths",
    "weight": "100G",
    "prices": [
      {
        "state": "NSW",
        "price": "650",
        "price_per_unit": "33",
        "price_unit": "G"
      },
      {
        "state": "VIC",
        "price": "650",
        "price_per_unit": "33",
        "price_unit": "G"
      },
      {
        "state": "QLD",
        "price": "650",
        "price_per_unit": "33",
        "price_unit": "G"
      },
      {
        "state": "WA",
        "price": "650",
        "price_per_unit": "33",
        "price_unit": "G"
      },
      {
        "state": "SA",
        "price": "650",
        "price_per_unit": "33",
        "price_unit": "G"
      },
      {
        "state": "TAS",
        "price": "650",
        "price_per_unit": "33",
        "price_unit": "G"
      },
      {
        "state": "NT",
        "price": "650",
        "price_per_unit": "33",
        "price_unit": "G"
      }
    ]
  },
  {
    "source_url": "https://www.woolworths.com.au/shop/productdetails/803520/sunrice-jasmine-fragrant-rice",
    "name": "Sunrice Jasmine Fragrant Rice 5kg",
    "image_url": "https://cdn1.woolworths.media/content/wowproductimages/large/803520.jpg",
    "source_id": "Woolworths - 803520",
    "barcode": "9310140010564",
    "shop": "Woolworths",
    "weight": "100G",
    "prices": [
      {
        "state": "NSW",
        "price": "1200",
        "price_per_unit": "24",
        "price_unit": "G"
      },
      {
        "state": "VIC",
        "price": "1200",
        "price_per_unit": "24",
        "price_unit": "G"
      },
      {
        "state": "QLD",
        "price": "1200",
        "price_per_unit": "24",
        "price_unit": "G"
      },
      {
        "state": "WA",
        "price": "1200",
        "price_per_unit": "24",
        "price_unit": "G"
      },
      {
        "state": "SA",
        "price": "1200",
        "price_per_unit": "24",
        "price_unit": "G"
      },
      {
        "state": "TAS",
        "price": "2400",
        "price_per_unit": "48",
        "price_unit": "G"
      },
      null
    ]
  },
  {
    "source_url": "https://www.woolworths.com.au/shop/productdetails/137595/sunrice-microwave-brown-rice-quinoa-pouch",
    "name": "Sunrice Microwave  Brown Rice & Quinoa Pouch 450g",
    "image_url": "https://cdn1.woolworths.media/content/wowproductimages/large/137595.jpg",
    "source_id": "Woolworths - 137595",
    "barcode": "9310140009469",
    "shop": "Woolworths",
    "weight": "100G",
    "prices": [
      {
        "state": "NSW",
        "price": "450",
        "price_per_unit": "100",
        "price_unit": "G"
      },
      {
        "state": "VIC",
        "price": "450",
        "price_per_unit": "100",
        "price_unit": "G"
      },
      {
        "state": "QLD",
        "price": "450",
        "price_per_unit": "100",
        "price_unit": "G"
      },
      {
        "state": "WA",
        "price": "450",
        "price_per_unit": "100",
        "price_unit": "G"
      },
      {
        "state": "SA",
        "price": "450",
        "price_per_unit": "100",
        "price_unit": "G"
      },
      {
        "state": "TAS",
        "price": "450",
        "price_per_unit": "100",
        "price_unit": "G"
      },
      {
        "state": "NT",
        "price": "450",
        "price_per_unit": "100",
        "price_unit": "G"
      }
    ]
  },
  {
    "source_url": "https://www.woolworths.com.au/shop/productdetails/267561/sunrice-microwave-basmati-rice-indian-basmati-rice",
    "name": "Sunrice Microwave Basmati Rice 250g",
    "image_url": "https://cdn1.woolworths.media/content/wowproductimages/large/267561.jpg",
    "source_id": "Woolworths - 267561",
    "barcode": "9310140002408",
    "shop": "Woolworths",
    "weight": "100G",
    "prices": [
      {
        "state": "NSW",
        "price": "350",
        "price_per_unit": "140",
        "price_unit": "G"
      },
      {
        "state": "VIC",
        "price": "350",
        "price_per_unit": "140",
        "price_unit": "G"
      },
      {
        "state": "QLD",
        "price": "350",
        "price_per_unit": "140",
        "price_unit": "G"
      },
      {
        "state": "WA",
        "price": "350",
        "price_per_unit": "140",
        "price_unit": "G"
      },
      {
        "state": "SA",
        "price": "350",
        "price_per_unit": "140",
        "price_unit": "G"
      },
      {
        "state": "TAS",
        "price": "350",
        "price_per_unit": "140",
        "price_unit": "G"
      },
      {
        "state": "NT",
        "price": "350",
        "price_per_unit": "140",
        "price_unit": "G"
      }
    ]
  },
  {
    "source_url": "https://www.woolworths.com.au/shop/productdetails/371049/sunrice-microwave-basmati-rice-cup-2-quick-cups",
    "name": "Sunrice Microwave Basmati Rice Cup 120g x 2 Pack",
    "image_url": "https://cdn1.woolworths.media/content/wowproductimages/large/371049.jpg",
    "source_id": "Woolworths - 371049",
    "barcode": "9310140005744",
    "shop": "Woolworths",
    "weight": "100G",
    "prices": [
      {
        "state": "NSW",
        "price": "350",
        "price_per_unit": "146",
        "price_unit": "G"
      },
      {
        "state": "VIC",
        "price": "350",
        "price_per_unit": "146",
        "price_unit": "G"
      },
      {
        "state": "QLD",
        "price": "350",
        "price_per_unit": "146",
        "price_unit": "G"
      },
      {
        "state": "WA",
        "price": "350",
        "price_per_unit": "146",
        "price_unit": "G"
      },
      {
        "state": "SA",
        "price": "350",
        "price_per_unit": "146",
        "price_unit": "G"
      },
      {
        "state": "TAS",
        "price": "350",
        "price_per_unit": "146",
        "price_unit": "G"
      },
      {
        "state": "NT",
        "price": "350",
        "price_per_unit": "146",
        "price_unit": "G"
      }
    ]
  },
  {
    "source_url": "https://www.woolworths.com.au/shop/productdetails/311469/sunrice-microwave-basmati-rice-pouch-indian-aromatic-basmati-rice",
    "name": "Sunrice Microwave Basmati Rice Pouch 450g",
    "image_url": "https://cdn1.woolworths.media/content/wowproductimages/large/311469.jpg",
    "source_id": "Woolworths - 311469",
    "barcode": "9310140002804",
    "shop": "Woolworths",
    "weight": "100G",
    "prices": [
      {
        "state": "NSW",
        "price": "450",
        "price_per_unit": "100",
        "price_unit": "G"
      },
      {
        "state": "VIC",
        "price": "450",
        "price_per_unit": "100",
        "price_unit": "G"
      },
      {
        "state": "QLD",
        "price": "450",
        "price_per_unit": "100",
        "price_unit": "G"
      },
      {
        "state": "WA",
        "price": "450",
        "price_per_unit": "100",
        "price_unit": "G"
      },
      {
        "state": "SA",
        "price": "450",
        "price_per_unit": "100",
        "price_unit": "G"
      },
      {
        "state": "TAS",
        "price": "450",
        "price_per_unit": "100",
        "price_unit": "G"
      },
      {
        "state": "NT",
        "price": "450",
        "price_per_unit": "100",
        "price_unit": "G"
      }
    ]
  },
  {
    "source_url": "https://www.woolworths.com.au/shop/productdetails/252068/sunrice-microwave-black-rice-pouch-black-rice",
    "name": "Sunrice Microwave Black Rice Pouch 250g",
    "image_url": "https://cdn1.woolworths.media/content/wowproductimages/large/252068.jpg",
    "source_id": "Woolworths - 252068",
    "barcode": "9310140016566",
    "shop": "Woolworths",
    "weight": "100G",
    "prices": [
      {
        "state": "NSW",
        "price": "350",
        "price_per_unit": "140",
        "price_unit": "G"
      },
      {
        "state": "VIC",
        "price": "350",
        "price_per_unit": "140",
        "price_unit": "G"
      },
      {
        "state": "QLD",
        "price": "350",
        "price_per_unit": "140",
        "price_unit": "G"
      },
      {
        "state": "WA",
        "price": "350",
        "price_per_unit": "140",
        "price_unit": "G"
      },
      {
        "state": "SA",
        "price": "350",
        "price_per_unit": "140",
        "price_unit": "G"
      },
      {
        "state": "TAS",
        "price": "350",
        "price_per_unit": "140",
        "price_unit": "G"
      },
      {
        "state": "NT",
        "price": "350",
        "price_per_unit": "140",
        "price_unit": "G"
      }
    ]
  },
  {
    "source_url": "https://www.woolworths.com.au/shop/productdetails/765491/sunrice-microwave-brown-rice-quinoa-pouch",
    "name": "Sunrice Microwave Brown Rice & Quinoa Pouch 250g",
    "image_url": "https://cdn1.woolworths.media/content/wowproductimages/large/765491.jpg",
    "source_id": "Woolworths - 765491",
    "barcode": "9310140006666",
    "shop": "Woolworths",
    "weight": "100G",
    "prices": [
      {
        "state": "NSW",
        "price": "350",
        "price_per_unit": "140",
        "price_unit": "G"
      },
      {
        "state": "VIC",
        "price": "350",
        "price_per_unit": "140",
        "price_unit": "G"
      },
      {
        "state": "QLD",
        "price": "350",
        "price_per_unit": "140",
        "price_unit": "G"
      },
      {
        "state": "WA",
        "price": "350",
        "price_per_unit": "140",
        "price_unit": "G"
      },
      {
        "state": "SA",
        "price": "350",
        "price_per_unit": "140",
        "price_unit": "G"
      },
      {
        "state": "TAS",
        "price": "350",
        "price_per_unit": "140",
        "price_unit": "G"
      },
      {
        "state": "NT",
        "price": "350",
        "price_per_unit": "140",
        "price_unit": "G"
      }
    ]
  },
  {
    "source_url": "https://www.woolworths.com.au/shop/productdetails/792122/sunrice-microwave-brown-rice-quinoa-rice-cup",
    "name": "Sunrice Microwave Brown Rice & Quinoa Rice Cup 125g x 2 Pack",
    "image_url": "https://cdn1.woolworths.media/content/wowproductimages/large/792122.jpg",
    "source_id": "Woolworths - 792122",
    "barcode": "9310140007298",
    "shop": "Woolworths",
    "weight": "100G",
    "prices": [
      {
        "state": "NSW",
        "price": "350",
        "price_per_unit": "140",
        "price_unit": "G"
      },
      {
        "state": "VIC",
        "price": "350",
        "price_per_unit": "140",
        "price_unit": "G"
      },
      {
        "state": "QLD",
        "price": "350",
        "price_per_unit": "140",
        "price_unit": "G"
      },
      {
        "state": "WA",
        "price": "350",
        "price_per_unit": "140",
        "price_unit": "G"
      },
      {
        "state": "SA",
        "price": "350",
        "price_per_unit": "140",
        "price_unit": "G"
      },
      {
        "state": "TAS",
        "price": "350",
        "price_per_unit": "140",
        "price_unit": "G"
      },
      {
        "state": "NT",
        "price": "350",
        "price_per_unit": "140",
        "price_unit": "G"
      }
    ]
  },
  {
    "source_url": "https://www.woolworths.com.au/shop/productdetails/352043/sunrice-microwave-brown-rice-cup-fragrant-brown-rice",
    "name": "Sunrice Microwave Brown Rice Cup 125g x 2 Pack",
    "image_url": "https://cdn1.woolworths.media/content/wowproductimages/large/352043.jpg",
    "source_id": "Woolworths - 352043",
    "barcode": "9310140005270",
    "shop": "Woolworths",
    "weight": "100G",
    "prices": [
      {
        "state": "NSW",
        "price": "350",
        "price_per_unit": "140",
        "price_unit": "G"
      },
      {
        "state": "VIC",
        "price": "350",
        "price_per_unit": "140",
        "price_unit": "G"
      },
      {
        "state": "QLD",
        "price": "350",
        "price_per_unit": "140",
        "price_unit": "G"
      },
      {
        "state": "WA",
        "price": "350",
        "price_per_unit": "140",
        "price_unit": "G"
      },
      {
        "state": "SA",
        "price": "350",
        "price_per_unit": "140",
        "price_unit": "G"
      },
      {
        "state": "TAS",
        "price": "350",
        "price_per_unit": "140",
        "price_unit": "G"
      },
      {
        "state": "NT",
        "price": "350",
        "price_per_unit": "140",
        "price_unit": "G"
      }
    ]
  },
  {
    "source_url": "https://www.woolworths.com.au/shop/productdetails/244756/sunrice-microwave-brown-rice-pouch-medium-grain-brown-rice-in-90",
    "name": "Sunrice Microwave Brown Rice Pouch 250g",
    "image_url": "https://cdn1.woolworths.media/content/wowproductimages/large/244756.jpg",
    "source_id": "Woolworths - 244756",
    "barcode": "9310140001913",
    "shop": "Woolworths",
    "weight": "100G",
    "prices": [
      {
        "state": "NSW",
        "price": "350",
        "price_per_unit": "140",
        "price_unit": "G"
      },
      {
        "state": "VIC",
        "price": "350",
        "price_per_unit": "140",
        "price_unit": "G"
      },
      {
        "state": "QLD",
        "price": "350",
        "price_per_unit": "140",
        "price_unit": "G"
      },
      {
        "state": "WA",
        "price": "350",
        "price_per_unit": "140",
        "price_unit": "G"
      },
      {
        "state": "SA",
        "price": "350",
        "price_per_unit": "140",
        "price_unit": "G"
      },
      {
        "state": "TAS",
        "price": "350",
        "price_per_unit": "140",
        "price_unit": "G"
      },
      {
        "state": "NT",
        "price": "350",
        "price_per_unit": "140",
        "price_unit": "G"
      }
    ]
  },
  {
    "source_url": "https://www.woolworths.com.au/shop/productdetails/311461/sunrice-microwave-brown-rice-pouch-fragrant-brown-rice-family-sz",
    "name": "Sunrice Microwave Brown Rice Pouch 450g",
    "image_url": "https://cdn1.woolworths.media/content/wowproductimages/large/311461.jpg",
    "source_id": "Woolworths - 311461",
    "barcode": "9310140002798",
    "shop": "Woolworths",
    "weight": "100G",
    "prices": [
      {
        "state": "NSW",
        "price": "450",
        "price_per_unit": "100",
        "price_unit": "G"
      },
      {
        "state": "VIC",
        "price": "450",
        "price_per_unit": "100",
        "price_unit": "G"
      },
      {
        "state": "QLD",
        "price": "450",
        "price_per_unit": "100",
        "price_unit": "G"
      },
      {
        "state": "WA",
        "price": "450",
        "price_per_unit": "100",
        "price_unit": "G"
      },
      {
        "state": "SA",
        "price": "450",
        "price_per_unit": "100",
        "price_unit": "G"
      },
      {
        "state": "TAS",
        "price": "450",
        "price_per_unit": "100",
        "price_unit": "G"
      },
      null
    ]
  },
  {
    "source_url": "https://www.woolworths.com.au/shop/productdetails/390985/sunrice-microwave-chicken-style-flavoured-rice-cups-2x125g",
    "name": "Sunrice Microwave Chicken Style Flavoured Rice Cups 2x125g 250g",
    "image_url": "https://cdn1.woolworths.media/content/wowproductimages/large/390985.jpg",
    "source_id": "Woolworths - 390985",
    "barcode": "9310140012261",
    "shop": "Woolworths",
    "weight": "100G",
    "prices": [
      {
        "state": "NSW",
        "price": "400",
        "price_per_unit": "160",
        "price_unit": "G"
      },
      {
        "state": "VIC",
        "price": "400",
        "price_per_unit": "160",
        "price_unit": "G"
      },
      {
        "state": "QLD",
        "price": "400",
        "price_per_unit": "160",
        "price_unit": "G"
      },
      {
        "state": "WA",
        "price": "400",
        "price_per_unit": "160",
        "price_unit": "G"
      },
      {
        "state": "SA",
        "price": "400",
        "price_per_unit": "160",
        "price_unit": "G"
      },
      {
        "state": "TAS",
        "price": "400",
        "price_per_unit": "160",
        "price_unit": "G"
      },
      {
        "state": "NT",
        "price": "400",
        "price_per_unit": "160",
        "price_unit": "G"
      }
    ]
  },
  {
    "source_url": "https://www.woolworths.com.au/shop/productdetails/961842/sunrice-microwave-garlic-butter-herb-flavoured-rice",
    "name": "Sunrice Microwave Garlic Butter & Herb Flavoured Rice 125g X 2 pack",
    "image_url": "https://cdn1.woolworths.media/content/wowproductimages/large/961842.jpg",
    "source_id": "Woolworths - 961842",
    "barcode": "9310140012834",
    "shop": "Woolworths",
    "weight": "100G",
    "prices": [
      {
        "state": "NSW",
        "price": "400",
        "price_per_unit": "160",
        "price_unit": "G"
      },
      {
        "state": "VIC",
        "price": "400",
        "price_per_unit": "160",
        "price_unit": "G"
      },
      {
        "state": "QLD",
        "price": "400",
        "price_per_unit": "160",
        "price_unit": "G"
      },
      {
        "state": "WA",
        "price": "400",
        "price_per_unit": "160",
        "price_unit": "G"
      },
      {
        "state": "SA",
        "price": "400",
        "price_per_unit": "160",
        "price_unit": "G"
      },
      {
        "state": "TAS",
        "price": "400",
        "price_per_unit": "160",
        "price_unit": "G"
      },
      {
        "state": "NT",
        "price": "400",
        "price_per_unit": "160",
        "price_unit": "G"
      }
    ]
  },
  {
    "source_url": "https://www.woolworths.com.au/shop/productdetails/961638/sunrice-microwave-japanese-teriyaki-style-rice-cups",
    "name": "Sunrice Microwave Japanese Teriyaki Style Rice Cups 125g X 2 pack",
    "image_url": "https://cdn1.woolworths.media/content/wowproductimages/large/961638.jpg",
    "source_id": "Woolworths - 961638",
    "barcode": "9310140012827",
    "shop": "Woolworths",
    "weight": "100G",
    "prices": [
      {
        "state": "NSW",
        "price": "400",
        "price_per_unit": "160",
        "price_unit": "G"
      },
      {
        "state": "VIC",
        "price": "400",
        "price_per_unit": "160",
        "price_unit": "G"
      },
      {
        "state": "QLD",
        "price": "400",
        "price_per_unit": "160",
        "price_unit": "G"
      },
      {
        "state": "WA",
        "price": "400",
        "price_per_unit": "160",
        "price_unit": "G"
      },
      {
        "state": "SA",
        "price": "400",
        "price_per_unit": "160",
        "price_unit": "G"
      },
      {
        "state": "TAS",
        "price": "400",
        "price_per_unit": "160",
        "price_unit": "G"
      },
      null
    ]
  },
  {
    "source_url": "https://www.woolworths.com.au/shop/productdetails/371052/sunrice-microwave-jasmine-rice-cup-fragrant-jasmine-rice",
    "name": "Sunrice Microwave Jasmine Rice Cup 125g x 2 Pack",
    "image_url": "https://cdn1.woolworths.media/content/wowproductimages/large/371052.jpg",
    "source_id": "Woolworths - 371052",
    "barcode": "9310140005737",
    "shop": "Woolworths",
    "weight": "100G",
    "prices": [
      {
        "state": "NSW",
        "price": "350",
        "price_per_unit": "140",
        "price_unit": "G"
      },
      {
        "state": "VIC",
        "price": "350",
        "price_per_unit": "140",
        "price_unit": "G"
      },
      {
        "state": "QLD",
        "price": "350",
        "price_per_unit": "140",
        "price_unit": "G"
      },
      {
        "state": "WA",
        "price": "350",
        "price_per_unit": "140",
        "price_unit": "G"
      },
      {
        "state": "SA",
        "price": "350",
        "price_per_unit": "140",
        "price_unit": "G"
      },
      {
        "state": "TAS",
        "price": "350",
        "price_per_unit": "140",
        "price_unit": "G"
      },
      {
        "state": "NT",
        "price": "350",
        "price_per_unit": "140",
        "price_unit": "G"
      }
    ]
  },
  {
    "source_url": "https://www.woolworths.com.au/shop/productdetails/244754/sunrice-microwave-jasmine-rice-pouch-jasmine-rice-in-90-seconds",
    "name": "Sunrice Microwave Jasmine Rice Pouch 250g",
    "image_url": "https://cdn1.woolworths.media/content/wowproductimages/large/244754.jpg",
    "source_id": "Woolworths - 244754",
    "barcode": "9310140001937",
    "shop": "Woolworths",
    "weight": "100G",
    "prices": [
      {
        "state": "NSW",
        "price": "350",
        "price_per_unit": "140",
        "price_unit": "G"
      },
      {
        "state": "VIC",
        "price": "350",
        "price_per_unit": "140",
        "price_unit": "G"
      },
      {
        "state": "QLD",
        "price": "350",
        "price_per_unit": "140",
        "price_unit": "G"
      },
      {
        "state": "WA",
        "price": "350",
        "price_per_unit": "140",
        "price_unit": "G"
      },
      {
        "state": "SA",
        "price": "350",
        "price_per_unit": "140",
        "price_unit": "G"
      },
      {
        "state": "TAS",
        "price": "350",
        "price_per_unit": "140",
        "price_unit": "G"
      },
      {
        "state": "NT",
        "price": "350",
        "price_per_unit": "140",
        "price_unit": "G"
      }
    ]
  },
  {
    "source_url": "https://www.woolworths.com.au/shop/productdetails/352039/sunrice-microwave-jasmine-rice-pouch-fragrant-jasmine-rice-family",
    "name": "Sunrice Microwave Jasmine Rice Pouch 450g",
    "image_url": "https://cdn1.woolworths.media/content/wowproductimages/large/352039.jpg",
    "source_id": "Woolworths - 352039",
    "barcode": "9310140005256",
    "shop": "Woolworths",
    "weight": "100G",
    "prices": [
      {
        "state": "NSW",
        "price": "450",
        "price_per_unit": "100",
        "price_unit": "G"
      },
      {
        "state": "VIC",
        "price": "450",
        "price_per_unit": "100",
        "price_unit": "G"
      },
      {
        "state": "QLD",
        "price": "450",
        "price_per_unit": "100",
        "price_unit": "G"
      },
      {
        "state": "WA",
        "price": "450",
        "price_per_unit": "100",
        "price_unit": "G"
      },
      {
        "state": "SA",
        "price": "450",
        "price_per_unit": "100",
        "price_unit": "G"
      },
      {
        "state": "TAS",
        "price": "450",
        "price_per_unit": "100",
        "price_unit": "G"
      },
      {
        "state": "NT",
        "price": "450",
        "price_per_unit": "100",
        "price_unit": "G"
      }
    ]
  },
  {
    "source_url": "https://www.woolworths.com.au/shop/productdetails/311466/sunrice-microwave-long-grain-white-rice-pouch",
    "name": "Sunrice Microwave Long Grain White Rice Pouch 450g",
    "image_url": "https://cdn1.woolworths.media/content/wowproductimages/large/311466.jpg",
    "source_id": "Woolworths - 311466",
    "barcode": "9310140002811",
    "shop": "Woolworths",
    "weight": "100G",
    "prices": [
      {
        "state": "NSW",
        "price": "450",
        "price_per_unit": "100",
        "price_unit": "G"
      },
      {
        "state": "VIC",
        "price": "450",
        "price_per_unit": "100",
        "price_unit": "G"
      },
      {
        "state": "QLD",
        "price": "450",
        "price_per_unit": "100",
        "price_unit": "G"
      },
      {
        "state": "WA",
        "price": "450",
        "price_per_unit": "100",
        "price_unit": "G"
      },
      {
        "state": "SA",
        "price": "450",
        "price_per_unit": "100",
        "price_unit": "G"
      },
      {
        "state": "TAS",
        "price": "450",
        "price_per_unit": "100",
        "price_unit": "G"
      },
      {
        "state": "NT",
        "price": "450",
        "price_per_unit": "100",
        "price_unit": "G"
      }
    ]
  },
  {
    "source_url": "https://www.woolworths.com.au/shop/productdetails/391744/sunrice-microwave-mexican-flavoured-rice-cups-2x125g",
    "name": "Sunrice Microwave Mexican Flavoured Rice Cups 2x125g 250g",
    "image_url": "https://cdn1.woolworths.media/content/wowproductimages/large/391744.jpg",
    "source_id": "Woolworths - 391744",
    "barcode": "9310140012285",
    "shop": "Woolworths",
    "weight": "100G",
    "prices": [
      {
        "state": "NSW",
        "price": "400",
        "price_per_unit": "160",
        "price_unit": "G"
      },
      {
        "state": "VIC",
        "price": "400",
        "price_per_unit": "160",
        "price_unit": "G"
      },
      {
        "state": "QLD",
        "price": "400",
        "price_per_unit": "160",
        "price_unit": "G"
      },
      {
        "state": "WA",
        "price": "400",
        "price_per_unit": "160",
        "price_unit": "G"
      },
      {
        "state": "SA",
        "price": "400",
        "price_per_unit": "160",
        "price_unit": "G"
      },
      {
        "state": "TAS",
        "price": "400",
        "price_per_unit": "160",
        "price_unit": "G"
      },
      {
        "state": "NT",
        "price": "400",
        "price_per_unit": "160",
        "price_unit": "G"
      }
    ]
  },
  {
    "source_url": "https://www.woolworths.com.au/shop/productdetails/765407/sunrice-microwave-organic-brown-rice-pouch",
    "name": "Sunrice Microwave Organic Brown Rice Pouch 250g",
    "image_url": "https://cdn1.woolworths.media/content/wowproductimages/large/765407.jpg",
    "source_id": "Woolworths - 765407",
    "barcode": "9310140006659",
    "shop": "Woolworths",
    "weight": "100G",
    "prices": [
      {
        "state": "NSW",
        "price": "350",
        "price_per_unit": "140",
        "price_unit": "G"
      },
      {
        "state": "VIC",
        "price": "350",
        "price_per_unit": "140",
        "price_unit": "G"
      },
      {
        "state": "QLD",
        "price": "350",
        "price_per_unit": "140",
        "price_unit": "G"
      },
      {
        "state": "WA",
        "price": "350",
        "price_per_unit": "140",
        "price_unit": "G"
      },
      {
        "state": "SA",
        "price": "350",
        "price_per_unit": "140",
        "price_unit": "G"
      },
      {
        "state": "TAS",
        "price": "350",
        "price_per_unit": "140",
        "price_unit": "G"
      },
      {
        "state": "NT",
        "price": "350",
        "price_per_unit": "140",
        "price_unit": "G"
      }
    ]
  },
  {
    "source_url": "https://www.woolworths.com.au/shop/productdetails/391604/sunrice-microwave-special-fried-rice-flavoured-rice-cups-2x125g",
    "name": "Sunrice Microwave Special Fried Rice Flavoured Rice Cups 2x125g 250g",
    "image_url": "https://cdn1.woolworths.media/content/wowproductimages/large/391604.jpg",
    "source_id": "Woolworths - 391604",
    "barcode": "9310140012278",
    "shop": "Woolworths",
    "weight": "100G",
    "prices": [
      {
        "state": "NSW",
        "price": "400",
        "price_per_unit": "160",
        "price_unit": "G"
      },
      {
        "state": "VIC",
        "price": "400",
        "price_per_unit": "160",
        "price_unit": "G"
      },
      {
        "state": "QLD",
        "price": "400",
        "price_per_unit": "160",
        "price_unit": "G"
      },
      {
        "state": "WA",
        "price": "400",
        "price_per_unit": "160",
        "price_unit": "G"
      },
      {
        "state": "SA",
        "price": "400",
        "price_per_unit": "160",
        "price_unit": "G"
      },
      {
        "state": "TAS",
        "price": "400",
        "price_per_unit": "160",
        "price_unit": "G"
      },
      {
        "state": "NT",
        "price": "400",
        "price_per_unit": "160",
        "price_unit": "G"
      }
    ]
  },
  {
    "source_url": "https://www.woolworths.com.au/shop/productdetails/290020/sunrice-microwave-special-fried-rice-flavoured-rice-pouch",
    "name": "Sunrice Microwave Special Fried Rice Flavoured Rice Pouch 450g",
    "image_url": "https://cdn1.woolworths.media/content/wowproductimages/large/290020.jpg",
    "source_id": "Woolworths - 290020",
    "barcode": "9310140016610",
    "shop": "Woolworths",
    "weight": "100G",
    "prices": [
      {
        "state": "NSW",
        "price": "550",
        "price_per_unit": "122",
        "price_unit": "G"
      },
      {
        "state": "VIC",
        "price": "550",
        "price_per_unit": "122",
        "price_unit": "G"
      },
      {
        "state": "QLD",
        "price": "550",
        "price_per_unit": "122",
        "price_unit": "G"
      },
      {
        "state": "WA",
        "price": "550",
        "price_per_unit": "122",
        "price_unit": "G"
      },
      {
        "state": "SA",
        "price": "550",
        "price_per_unit": "122",
        "price_unit": "G"
      },
      {
        "state": "TAS",
        "price": "550",
        "price_per_unit": "122",
        "price_unit": "G"
      },
      {
        "state": "NT",
        "price": "550",
        "price_per_unit": "122",
        "price_unit": "G"
      }
    ]
  },
  {
    "source_url": "https://www.woolworths.com.au/shop/productdetails/352041/sunrice-microwave-white-long-grain-rice-cup",
    "name": "Sunrice Microwave White Long Grain Rice Cup 125g x 2 Pack",
    "image_url": "https://cdn1.woolworths.media/content/wowproductimages/large/352041.jpg",
    "source_id": "Woolworths - 352041",
    "barcode": "9310140005263",
    "shop": "Woolworths",
    "weight": "100G",
    "prices": [
      {
        "state": "VIC",
        "price": "350",
        "price_per_unit": "140",
        "price_unit": "G"
      },
      {
        "state": "QLD",
        "price": "350",
        "price_per_unit": "140",
        "price_unit": "G"
      },
      {
        "state": "WA",
        "price": "350",
        "price_per_unit": "140",
        "price_unit": "G"
      },
      {
        "state": "SA",
        "price": "350",
        "price_per_unit": "140",
        "price_unit": "G"
      },
      {
        "state": "TAS",
        "price": "350",
        "price_per_unit": "140",
        "price_unit": "G"
      },
      {
        "state": "NT",
        "price": "350",
        "price_per_unit": "140",
        "price_unit": "G"
      }
    ]
  },
  {
    "source_url": "https://www.woolworths.com.au/shop/productdetails/244755/sunrice-microwave-white-long-grain-rice-pouch",
    "name": "Sunrice Microwave White Long Grain Rice Pouch 250g",
    "image_url": "https://cdn1.woolworths.media/content/wowproductimages/large/244755.jpg",
    "source_id": "Woolworths - 244755",
    "barcode": "9310140001906",
    "shop": "Woolworths",
    "weight": "100G",
    "prices": [
      {
        "state": "NSW",
        "price": "350",
        "price_per_unit": "140",
        "price_unit": "G"
      },
      {
        "state": "VIC",
        "price": "350",
        "price_per_unit": "140",
        "price_unit": "G"
      },
      {
        "state": "QLD",
        "price": "350",
        "price_per_unit": "140",
        "price_unit": "G"
      },
      {
        "state": "WA",
        "price": "350",
        "price_per_unit": "140",
        "price_unit": "G"
      },
      {
        "state": "SA",
        "price": "350",
        "price_per_unit": "140",
        "price_unit": "G"
      },
      {
        "state": "TAS",
        "price": "350",
        "price_per_unit": "140",
        "price_unit": "G"
      },
      {
        "state": "NT",
        "price": "350",
        "price_per_unit": "140",
        "price_unit": "G"
      }
    ]
  },
  {
    "source_url": "https://www.woolworths.com.au/shop/productdetails/765674/sunrice-organic-brown-rice",
    "name": "Sunrice Organic Brown Rice 750g",
    "image_url": "https://cdn1.woolworths.media/content/wowproductimages/large/765674.jpg",
    "source_id": "Woolworths - 765674",
    "barcode": "9310140006611",
    "shop": "Woolworths",
    "weight": "100G",
    "prices": [
      {
        "state": "NSW",
        "price": "500",
        "price_per_unit": "67",
        "price_unit": "G"
      },
      {
        "state": "VIC",
        "price": "500",
        "price_per_unit": "67",
        "price_unit": "G"
      },
      {
        "state": "QLD",
        "price": "500",
        "price_per_unit": "67",
        "price_unit": "G"
      },
      {
        "state": "WA",
        "price": "500",
        "price_per_unit": "67",
        "price_unit": "G"
      },
      {
        "state": "SA",
        "price": "500",
        "price_per_unit": "67",
        "price_unit": "G"
      },
      {
        "state": "TAS",
        "price": "500",
        "price_per_unit": "67",
        "price_unit": "G"
      },
      {
        "state": "NT",
        "price": "525",
        "price_per_unit": "70",
        "price_unit": "G"
      }
    ]
  },
  {
    "source_url": "https://www.woolworths.com.au/shop/productdetails/961822/sunrice-premium-thai-hom-mali-jasmine-rice",
    "name": "Sunrice Premium Thai Hom Mali Jasmine Rice 1kg",
    "image_url": "https://cdn1.woolworths.media/content/wowproductimages/large/961822.jpg",
    "source_id": "Woolworths - 961822",
    "barcode": "9310140016733",
    "shop": "Woolworths",
    "weight": "100G",
    "prices": [
      {
        "state": "NSW",
        "price": "750",
        "price_per_unit": "75",
        "price_unit": "G"
      },
      {
        "state": "VIC",
        "price": "750",
        "price_per_unit": "75",
        "price_unit": "G"
      },
      {
        "state": "QLD",
        "price": "750",
        "price_per_unit": "75",
        "price_unit": "G"
      },
      {
        "state": "WA",
        "price": "750",
        "price_per_unit": "75",
        "price_unit": "G"
      },
      {
        "state": "SA",
        "price": "750",
        "price_per_unit": "75",
        "price_unit": "G"
      },
      {
        "state": "TAS",
        "price": "750",
        "price_per_unit": "75",
        "price_unit": "G"
      },
      {
        "state": "NT",
        "price": "750",
        "price_per_unit": "75",
        "price_unit": "G"
      }
    ]
  },
  {
    "source_url": "https://www.woolworths.com.au/shop/productdetails/267557/sunrice-rice-jasmine",
    "name": "Sunrice Rice Jasmine 1kg",
    "image_url": "https://cdn1.woolworths.media/content/wowproductimages/large/267557.jpg",
    "source_id": "Woolworths - 267557",
    "barcode": "9310140002286",
    "shop": "Woolworths",
    "weight": "100G",
    "prices": [
      {
        "state": "NSW",
        "price": "450",
        "price_per_unit": "45",
        "price_unit": "G"
      },
      {
        "state": "VIC",
        "price": "450",
        "price_per_unit": "45",
        "price_unit": "G"
      },
      {
        "state": "QLD",
        "price": "450",
        "price_per_unit": "45",
        "price_unit": "G"
      },
      {
        "state": "WA",
        "price": "450",
        "price_per_unit": "45",
        "price_unit": "G"
      },
      {
        "state": "SA",
        "price": "450",
        "price_per_unit": "45",
        "price_unit": "G"
      },
      {
        "state": "TAS",
        "price": "450",
        "price_per_unit": "45",
        "price_unit": "G"
      },
      {
        "state": "NT",
        "price": "450",
        "price_per_unit": "45",
        "price_unit": "G"
      }
    ]
  },
  {
    "source_url": "https://www.woolworths.com.au/shop/productdetails/290298/sunrice-risotto-style-rice",
    "name": "Sunrice Risotto Style Rice 750g",
    "image_url": "https://cdn1.woolworths.media/content/wowproductimages/large/290298.jpg",
    "source_id": "Woolworths - 290298",
    "barcode": "9310140012049",
    "shop": "Woolworths",
    "weight": "100G",
    "prices": [
      {
        "state": "NSW",
        "price": "300",
        "price_per_unit": "40",
        "price_unit": "G"
      },
      {
        "state": "VIC",
        "price": "300",
        "price_per_unit": "40",
        "price_unit": "G"
      },
      {
        "state": "QLD",
        "price": "300",
        "price_per_unit": "40",
        "price_unit": "G"
      },
      {
        "state": "WA",
        "price": "300",
        "price_per_unit": "40",
        "price_unit": "G"
      },
      {
        "state": "SA",
        "price": "300",
        "price_per_unit": "40",
        "price_unit": "G"
      },
      {
        "state": "TAS",
        "price": "300",
        "price_per_unit": "40",
        "price_unit": "G"
      },
      {
        "state": "NT",
        "price": "300",
        "price_per_unit": "40",
        "price_unit": "G"
      }
    ]
  },
  {
    "source_url": "https://www.woolworths.com.au/shop/productdetails/36493/sunrice-white-rice-premium-long-grain",
    "name": "Sunrice White Rice Premium Long Grain 1kg",
    "image_url": "https://cdn1.woolworths.media/content/wowproductimages/large/036493.jpg",
    "source_id": "Woolworths - 36493",
    "barcode": "9310140283807",
    "shop": "Woolworths",
    "weight": "100G",
    "prices": [
      {
        "state": "NSW",
        "price": "300",
        "price_per_unit": "30",
        "price_unit": "G"
      },
      {
        "state": "VIC",
        "price": "300",
        "price_per_unit": "30",
        "price_unit": "G"
      },
      {
        "state": "QLD",
        "price": "300",
        "price_per_unit": "30",
        "price_unit": "G"
      },
      {
        "state": "WA",
        "price": "300",
        "price_per_unit": "30",
        "price_unit": "G"
      },
      {
        "state": "SA",
        "price": "300",
        "price_per_unit": "30",
        "price_unit": "G"
      },
      {
        "state": "TAS",
        "price": "300",
        "price_per_unit": "30",
        "price_unit": "G"
      },
      {
        "state": "NT",
        "price": "300",
        "price_per_unit": "30",
        "price_unit": "G"
      }
    ]
  },
  {
    "source_url": "https://www.woolworths.com.au/shop/productdetails/36502/sunrice-white-rice-premium-long-grain",
    "name": "Sunrice White Rice Premium Long Grain 2kg",
    "image_url": "https://cdn1.woolworths.media/content/wowproductimages/large/036502.jpg",
    "source_id": "Woolworths - 36502",
    "barcode": "9310140283821",
    "shop": "Woolworths",
    "weight": "100G",
    "prices": [
      {
        "state": "NSW",
        "price": "400",
        "price_per_unit": "20",
        "price_unit": "G"
      },
      {
        "state": "VIC",
        "price": "400",
        "price_per_unit": "20",
        "price_unit": "G"
      },
      {
        "state": "QLD",
        "price": "400",
        "price_per_unit": "20",
        "price_unit": "G"
      },
      {
        "state": "WA",
        "price": "400",
        "price_per_unit": "20",
        "price_unit": "G"
      },
      {
        "state": "SA",
        "price": "400",
        "price_per_unit": "20",
        "price_unit": "G"
      },
      {
        "state": "TAS",
        "price": "400",
        "price_per_unit": "20",
        "price_unit": "G"
      },
      {
        "state": "NT",
        "price": "400",
        "price_per_unit": "20",
        "price_unit": "G"
      }
    ]
  },
  {
    "source_url": "https://www.woolworths.com.au/shop/productdetails/222591/the-rice-company-italian-risotto-rice",
    "name": "The Rice Company Italian Risotto Rice 500g",
    "image_url": "https://cdn1.woolworths.media/content/wowproductimages/large/222591.jpg",
    "source_id": "Woolworths - 222591",
    "barcode": "9317471002411",
    "shop": "Woolworths",
    "weight": "100G",
    "prices": [
      {
        "state": "NSW",
        "price": "400",
        "price_per_unit": "80",
        "price_unit": "G"
      },
      {
        "state": "VIC",
        "price": "400",
        "price_per_unit": "80",
        "price_unit": "G"
      },
      {
        "state": "QLD",
        "price": "400",
        "price_per_unit": "80",
        "price_unit": "G"
      },
      {
        "state": "WA",
        "price": "400",
        "price_per_unit": "80",
        "price_unit": "G"
      },
      {
        "state": "SA",
        "price": "400",
        "price_per_unit": "80",
        "price_unit": "G"
      },
      {
        "state": "TAS",
        "price": "500",
        "price_per_unit": "100",
        "price_unit": "G"
      }
    ]
  },
  {
    "source_url": "https://www.woolworths.com.au/shop/productdetails/222416/the-rice-company-japanese-sushi-rice",
    "name": "The Rice Company Japanese Sushi Rice 500g",
    "image_url": "https://cdn1.woolworths.media/content/wowproductimages/large/222416.jpg",
    "source_id": "Woolworths - 222416",
    "barcode": "9317471002428",
    "shop": "Woolworths",
    "weight": "100G",
    "prices": [
      {
        "state": "NSW",
        "price": "400",
        "price_per_unit": "80",
        "price_unit": "G"
      },
      {
        "state": "VIC",
        "price": "400",
        "price_per_unit": "80",
        "price_unit": "G"
      },
      {
        "state": "QLD",
        "price": "400",
        "price_per_unit": "80",
        "price_unit": "G"
      },
      {
        "state": "WA",
        "price": "400",
        "price_per_unit": "80",
        "price_unit": "G"
      },
      {
        "state": "SA",
        "price": "400",
        "price_per_unit": "80",
        "price_unit": "G"
      },
      {
        "state": "TAS",
        "price": "400",
        "price_per_unit": "80",
        "price_unit": "G"
      }
    ]
  },
  {
    "source_url": "https://www.woolworths.com.au/shop/productdetails/220941/the-rice-company-super-grain-black-rice",
    "name": "The Rice Company Super Grain Black Rice 500g",
    "image_url": "https://cdn1.woolworths.media/content/wowproductimages/large/220941.jpg",
    "source_id": "Woolworths - 220941",
    "barcode": "9317471002442",
    "shop": "Woolworths",
    "weight": "100G",
    "prices": [
      {
        "state": "NSW",
        "price": "600",
        "price_per_unit": "120",
        "price_unit": "G"
      },
      {
        "state": "VIC",
        "price": "600",
        "price_per_unit": "120",
        "price_unit": "G"
      },
      {
        "state": "QLD",
        "price": "600",
        "price_per_unit": "120",
        "price_unit": "G"
      },
      {
        "state": "WA",
        "price": "600",
        "price_per_unit": "120",
        "price_unit": "G"
      },
      {
        "state": "SA",
        "price": "600",
        "price_per_unit": "120",
        "price_unit": "G"
      },
      {
        "state": "TAS",
        "price": "600",
        "price_per_unit": "120",
        "price_unit": "G"
      }
    ]
  },
  {
    "source_url": "https://www.woolworths.com.au/shop/productdetails/576706/tilda-brown-basmati-wild-rice-wholegrain-rice",
    "name": "Tilda Brown Basmati & Wild Rice Wholegrain Rice 250g",
    "image_url": "https://cdn1.woolworths.media/content/wowproductimages/large/576706.jpg",
    "source_id": "Woolworths - 576706",
    "barcode": "5011157992662",
    "shop": "Woolworths",
    "weight": "100G",
    "prices": [
      {
        "state": "NSW",
        "price": "380",
        "price_per_unit": "152",
        "price_unit": "G"
      },
      {
        "state": "VIC",
        "price": "380",
        "price_per_unit": "152",
        "price_unit": "G"
      },
      {
        "state": "QLD",
        "price": "380",
        "price_per_unit": "152",
        "price_unit": "G"
      },
      {
        "state": "WA",
        "price": "380",
        "price_per_unit": "152",
        "price_unit": "G"
      },
      {
        "state": "SA",
        "price": "380",
        "price_per_unit": "152",
        "price_unit": "G"
      },
      {
        "state": "TAS",
        "price": "300",
        "price_per_unit": "120",
        "price_unit": "G"
      },
      {
        "state": "ACT",
        "price": "300",
        "price_per_unit": "120",
        "price_unit": "G"
      }
    ]
  },
  {
    "source_url": "https://www.woolworths.com.au/shop/productdetails/792476/tilda-heat-serve-brown-basmati-rice-quinoa",
    "name": "Tilda Heat & Serve Brown Basmati Rice & Quinoa 250g",
    "image_url": "https://cdn1.woolworths.media/content/wowproductimages/large/792476.jpg",
    "source_id": "Woolworths - 792476",
    "barcode": "5011157120706",
    "shop": "Woolworths",
    "weight": "100G",
    "prices": [
      {
        "state": "NSW",
        "price": "380",
        "price_per_unit": "152",
        "price_unit": "G"
      },
      {
        "state": "VIC",
        "price": "380",
        "price_per_unit": "152",
        "price_unit": "G"
      },
      {
        "state": "QLD",
        "price": "380",
        "price_per_unit": "152",
        "price_unit": "G"
      },
      {
        "state": "WA",
        "price": "380",
        "price_per_unit": "152",
        "price_unit": "G"
      },
      {
        "state": "SA",
        "price": "380",
        "price_per_unit": "152",
        "price_unit": "G"
      },
      {
        "state": "TAS",
        "price": "300",
        "price_per_unit": "120",
        "price_unit": "G"
      },
      {
        "state": "ACT",
        "price": "300",
        "price_per_unit": "120",
        "price_unit": "G"
      }
    ]
  },
  {
    "source_url": "https://www.woolworths.com.au/shop/productdetails/253706/tilda-indonesian-fried-rice",
    "name": "Tilda Indonesian Fried Rice 250g",
    "image_url": "https://cdn1.woolworths.media/content/wowproductimages/large/253706.jpg",
    "source_id": "Woolworths - 253706",
    "barcode": "5011157996578",
    "shop": "Woolworths",
    "weight": "100G",
    "prices": [
      {
        "state": "NSW",
        "price": "380",
        "price_per_unit": "152",
        "price_unit": "G"
      },
      {
        "state": "VIC",
        "price": "380",
        "price_per_unit": "152",
        "price_unit": "G"
      },
      {
        "state": "QLD",
        "price": "380",
        "price_per_unit": "152",
        "price_unit": "G"
      },
      {
        "state": "WA",
        "price": "380",
        "price_per_unit": "152",
        "price_unit": "G"
      },
      {
        "state": "SA",
        "price": "380",
        "price_per_unit": "152",
        "price_unit": "G"
      },
      {
        "state": "TAS",
        "price": "300",
        "price_per_unit": "120",
        "price_unit": "G"
      },
      {
        "state": "ACT",
        "price": "300",
        "price_per_unit": "120",
        "price_unit": "G"
      }
    ]
  },
  {
    "source_url": "https://www.woolworths.com.au/shop/productdetails/480216/tilda-microwave-butter-sea-salt-rice-cups",
    "name": "Tilda Microwave Butter & Sea Salt Rice Cups 125g x 2 pack",
    "image_url": "https://cdn1.woolworths.media/content/wowproductimages/large/480216.jpg",
    "source_id": "Woolworths - 480216",
    "barcode": "5011157997421",
    "shop": "Woolworths",
    "weight": "100G",
    "prices": [
      {
        "state": "NSW",
        "price": "320",
        "price_per_unit": "128",
        "price_unit": "G"
      },
      {
        "state": "VIC",
        "price": "320",
        "price_per_unit": "128",
        "price_unit": "G"
      },
      {
        "state": "QLD",
        "price": "320",
        "price_per_unit": "128",
        "price_unit": "G"
      },
      {
        "state": "WA",
        "price": "320",
        "price_per_unit": "128",
        "price_unit": "G"
      },
      {
        "state": "SA",
        "price": "320",
        "price_per_unit": "128",
        "price_unit": "G"
      },
      {
        "state": "TAS",
        "price": "320",
        "price_per_unit": "128",
        "price_unit": "G"
      },
      {
        "state": "ACT",
        "price": "400",
        "price_per_unit": "160",
        "price_unit": "G"
      },
      {
        "state": "NT",
        "price": "400",
        "price_per_unit": "160",
        "price_unit": "G"
      }
    ]
  },
  {
    "source_url": "https://www.woolworths.com.au/shop/productdetails/271569/tilda-microwave-coco-chilli-lemongrass-rice",
    "name": "Tilda Microwave Coco Chilli & Lemongrass Rice 250g",
    "image_url": "https://cdn1.woolworths.media/content/wowproductimages/large/271569.jpg",
    "source_id": "Woolworths - 271569",
    "barcode": "5011157888224",
    "shop": "Woolworths",
    "weight": "100G",
    "prices": [
      {
        "state": "NSW",
        "price": "380",
        "price_per_unit": "152",
        "price_unit": "G"
      },
      {
        "state": "VIC",
        "price": "380",
        "price_per_unit": "152",
        "price_unit": "G"
      },
      {
        "state": "QLD",
        "price": "380",
        "price_per_unit": "152",
        "price_unit": "G"
      },
      {
        "state": "WA",
        "price": "380",
        "price_per_unit": "152",
        "price_unit": "G"
      },
      {
        "state": "SA",
        "price": "380",
        "price_per_unit": "152",
        "price_unit": "G"
      },
      {
        "state": "TAS",
        "price": "300",
        "price_per_unit": "120",
        "price_unit": "G"
      },
      {
        "state": "ACT",
        "price": "300",
        "price_per_unit": "120",
        "price_unit": "G"
      },
      {
        "state": "NT",
        "price": "300",
        "price_per_unit": "120",
        "price_unit": "G"
      }
    ]
  },
  {
    "source_url": "https://www.woolworths.com.au/shop/productdetails/728232/tilda-microwave-coconut-basmati-rice",
    "name": "Tilda Microwave Coconut Basmati Rice 250g",
    "image_url": "https://cdn1.woolworths.media/content/wowproductimages/large/728232.jpg",
    "source_id": "Woolworths - 728232",
    "barcode": "5011157888316",
    "shop": "Woolworths",
    "weight": "100G",
    "prices": [
      {
        "state": "NSW",
        "price": "380",
        "price_per_unit": "152",
        "price_unit": "G"
      },
      {
        "state": "VIC",
        "price": "380",
        "price_per_unit": "152",
        "price_unit": "G"
      },
      {
        "state": "QLD",
        "price": "380",
        "price_per_unit": "152",
        "price_unit": "G"
      },
      {
        "state": "WA",
        "price": "380",
        "price_per_unit": "152",
        "price_unit": "G"
      },
      {
        "state": "SA",
        "price": "380",
        "price_per_unit": "152",
        "price_unit": "G"
      },
      {
        "state": "TAS",
        "price": "300",
        "price_per_unit": "120",
        "price_unit": "G"
      },
      {
        "state": "ACT",
        "price": "300",
        "price_per_unit": "120",
        "price_unit": "G"
      },
      {
        "state": "NT",
        "price": "300",
        "price_per_unit": "120",
        "price_unit": "G"
      }
    ]
  },
  {
    "source_url": "https://www.woolworths.com.au/shop/productdetails/469111/tilda-microwave-coriander-lime-rice-cups",
    "name": "Tilda Microwave Coriander & Lime Rice Cups 125g x 2 pack",
    "image_url": "https://cdn1.woolworths.media/content/wowproductimages/large/469111.jpg",
    "source_id": "Woolworths - 469111",
    "barcode": "5011157997384",
    "shop": "Woolworths",
    "weight": "100G",
    "prices": [
      {
        "state": "NSW",
        "price": "320",
        "price_per_unit": "128",
        "price_unit": "G"
      },
      {
        "state": "VIC",
        "price": "320",
        "price_per_unit": "128",
        "price_unit": "G"
      },
      {
        "state": "QLD",
        "price": "320",
        "price_per_unit": "128",
        "price_unit": "G"
      },
      {
        "state": "WA",
        "price": "320",
        "price_per_unit": "128",
        "price_unit": "G"
      },
      {
        "state": "SA",
        "price": "320",
        "price_per_unit": "128",
        "price_unit": "G"
      },
      {
        "state": "TAS",
        "price": "320",
        "price_per_unit": "128",
        "price_unit": "G"
      },
      {
        "state": "ACT",
        "price": "400",
        "price_per_unit": "160",
        "price_unit": "G"
      },
      {
        "state": "NT",
        "price": "400",
        "price_per_unit": "160",
        "price_unit": "G"
      }
    ]
  },
  {
    "source_url": "https://www.woolworths.com.au/shop/productdetails/482802/tilda-microwave-golden-vegetable-rice",
    "name": "Tilda Microwave Golden Vegetable Rice 250g",
    "image_url": "https://cdn1.woolworths.media/content/wowproductimages/large/482802.jpg",
    "source_id": "Woolworths - 482802",
    "barcode": "5011157996752",
    "shop": "Woolworths",
    "weight": "100G",
    "prices": [
      {
        "state": "NSW",
        "price": "380",
        "price_per_unit": "152",
        "price_unit": "G"
      },
      {
        "state": "VIC",
        "price": "380",
        "price_per_unit": "152",
        "price_unit": "G"
      },
      {
        "state": "QLD",
        "price": "380",
        "price_per_unit": "152",
        "price_unit": "G"
      },
      {
        "state": "WA",
        "price": "380",
        "price_per_unit": "152",
        "price_unit": "G"
      },
      {
        "state": "SA",
        "price": "380",
        "price_per_unit": "152",
        "price_unit": "G"
      },
      {
        "state": "TAS",
        "price": "300",
        "price_per_unit": "120",
        "price_unit": "G"
      },
      {
        "state": "ACT",
        "price": "300",
        "price_per_unit": "120",
        "price_unit": "G"
      }
    ]
  },
  {
    "source_url": "https://www.woolworths.com.au/shop/productdetails/469848/tilda-microwave-medium-grain-rice-cups",
    "name": "Tilda Microwave Medium Grain Rice Cups 125g x 2 pack",
    "image_url": "https://cdn1.woolworths.media/content/wowproductimages/large/469848.jpg",
    "source_id": "Woolworths - 469848",
    "barcode": "5011157997483",
    "shop": "Woolworths",
    "weight": "100G",
    "prices": [
      {
        "state": "NSW",
        "price": "320",
        "price_per_unit": "128",
        "price_unit": "G"
      },
      {
        "state": "VIC",
        "price": "320",
        "price_per_unit": "128",
        "price_unit": "G"
      },
      {
        "state": "QLD",
        "price": "320",
        "price_per_unit": "128",
        "price_unit": "G"
      },
      {
        "state": "WA",
        "price": "320",
        "price_per_unit": "128",
        "price_unit": "G"
      },
      {
        "state": "SA",
        "price": "320",
        "price_per_unit": "128",
        "price_unit": "G"
      },
      {
        "state": "TAS",
        "price": "320",
        "price_per_unit": "128",
        "price_unit": "G"
      },
      {
        "state": "ACT",
        "price": "400",
        "price_per_unit": "160",
        "price_unit": "G"
      },
      {
        "state": "NT",
        "price": "400",
        "price_per_unit": "160",
        "price_unit": "G"
      }
    ]
  },
  {
    "source_url": "https://www.woolworths.com.au/shop/productdetails/271568/tilda-microwave-steamed-brown-basmati-rice",
    "name": "Tilda Microwave Steamed Brown Basmati Rice 250g",
    "image_url": "https://cdn1.woolworths.media/content/wowproductimages/large/271568.jpg",
    "source_id": "Woolworths - 271568",
    "barcode": "5011157888132",
    "shop": "Woolworths",
    "weight": "100G",
    "prices": [
      {
        "state": "NSW",
        "price": "380",
        "price_per_unit": "152",
        "price_unit": "G"
      },
      {
        "state": "VIC",
        "price": "380",
        "price_per_unit": "152",
        "price_unit": "G"
      },
      {
        "state": "QLD",
        "price": "380",
        "price_per_unit": "152",
        "price_unit": "G"
      },
      {
        "state": "WA",
        "price": "380",
        "price_per_unit": "152",
        "price_unit": "G"
      },
      {
        "state": "SA",
        "price": "380",
        "price_per_unit": "152",
        "price_unit": "G"
      },
      {
        "state": "TAS",
        "price": "300",
        "price_per_unit": "120",
        "price_unit": "G"
      },
      {
        "state": "ACT",
        "price": "300",
        "price_per_unit": "120",
        "price_unit": "G"
      },
      {
        "state": "NT",
        "price": "300",
        "price_per_unit": "120",
        "price_unit": "G"
      }
    ]
  },
  {
    "source_url": "https://www.woolworths.com.au/shop/productdetails/272188/tilda-microwave-steamed-pure-basmati-rice",
    "name": "Tilda Microwave Steamed Pure Basmati Rice 250g",
    "image_url": "https://cdn1.woolworths.media/content/wowproductimages/large/272188.jpg",
    "source_id": "Woolworths - 272188",
    "barcode": "5011157888101",
    "shop": "Woolworths",
    "weight": "100G",
    "prices": [
      {
        "state": "NSW",
        "price": "380",
        "price_per_unit": "152",
        "price_unit": "G"
      },
      {
        "state": "VIC",
        "price": "380",
        "price_per_unit": "152",
        "price_unit": "G"
      },
      {
        "state": "QLD",
        "price": "380",
        "price_per_unit": "152",
        "price_unit": "G"
      },
      {
        "state": "WA",
        "price": "380",
        "price_per_unit": "152",
        "price_unit": "G"
      },
      {
        "state": "SA",
        "price": "380",
        "price_per_unit": "152",
        "price_unit": "G"
      },
      {
        "state": "TAS",
        "price": "300",
        "price_per_unit": "120",
        "price_unit": "G"
      },
      {
        "state": "ACT",
        "price": "300",
        "price_per_unit": "120",
        "price_unit": "G"
      },
      {
        "state": "NT",
        "price": "300",
        "price_per_unit": "120",
        "price_unit": "G"
      }
    ]
  },
  {
    "source_url": "https://www.woolworths.com.au/shop/productdetails/390950/tilda-microwave-sticky-rice",
    "name": "Tilda Microwave Sticky Rice 250g",
    "image_url": "https://cdn1.woolworths.media/content/wowproductimages/large/390950.jpg",
    "source_id": "Woolworths - 390950",
    "barcode": "5011157996738",
    "shop": "Woolworths",
    "weight": "100G",
    "prices": [
      {
        "state": "NSW",
        "price": "380",
        "price_per_unit": "152",
        "price_unit": "G"
      },
      {
        "state": "VIC",
        "price": "380",
        "price_per_unit": "152",
        "price_unit": "G"
      },
      {
        "state": "QLD",
        "price": "380",
        "price_per_unit": "152",
        "price_unit": "G"
      },
      {
        "state": "WA",
        "price": "380",
        "price_per_unit": "152",
        "price_unit": "G"
      },
      {
        "state": "SA",
        "price": "380",
        "price_per_unit": "152",
        "price_unit": "G"
      },
      null,
      {
        "state": "ACT",
        "price": "300",
        "price_per_unit": "120",
        "price_unit": "G"
      },
      {
        "state": "NT",
        "price": "300",
        "price_per_unit": "120",
        "price_unit": "G"
      }
    ]
  },
  {
    "source_url": "https://www.woolworths.com.au/shop/productdetails/95413/tilda-pure-original-basmati-rice",
    "name": "Tilda Pure Original Basmati Rice 1kg",
    "image_url": "https://cdn1.woolworths.media/content/wowproductimages/large/095413.jpg",
    "source_id": "Woolworths - 95413",
    "barcode": "5011157030227",
    "shop": "Woolworths",
    "weight": "100G",
    "prices": [
      {
        "state": "NSW",
        "price": "695",
        "price_per_unit": "70",
        "price_unit": "G"
      },
      {
        "state": "VIC",
        "price": "695",
        "price_per_unit": "70",
        "price_unit": "G"
      },
      {
        "state": "QLD",
        "price": "695",
        "price_per_unit": "70",
        "price_unit": "G"
      },
      {
        "state": "WA",
        "price": "695",
        "price_per_unit": "70",
        "price_unit": "G"
      },
      {
        "state": "SA",
        "price": "695",
        "price_per_unit": "70",
        "price_unit": "G"
      },
      {
        "state": "TAS",
        "price": "595",
        "price_per_unit": "60",
        "price_unit": "G"
      },
      {
        "state": "ACT",
        "price": "595",
        "price_per_unit": "60",
        "price_unit": "G"
      }
    ]
  },
  {
    "source_url": "https://www.woolworths.com.au/shop/productdetails/827615/woolworths-australian-white-medium-grain-rice",
    "name": "Woolworths Australian White Medium Grain Rice 1kg",
    "image_url": "https://cdn1.woolworths.media/content/wowproductimages/large/827615.jpg",
    "source_id": "Woolworths - 827615",
    "barcode": "9300633725693",
    "shop": "Woolworths",
    "weight": "100G",
    "prices": [
      {
        "state": "NSW",
        "price": "300",
        "price_per_unit": "30",
        "price_unit": "G"
      },
      {
        "state": "VIC",
        "price": "300",
        "price_per_unit": "30",
        "price_unit": "G"
      },
      {
        "state": "QLD",
        "price": "300",
        "price_per_unit": "30",
        "price_unit": "G"
      },
      {
        "state": "WA",
        "price": "300",
        "price_per_unit": "30",
        "price_unit": "G"
      },
      null,
      {
        "state": "ACT",
        "price": "300",
        "price_per_unit": "30",
        "price_unit": "G"
      },
      {
        "state": "NT",
        "price": "300",
        "price_per_unit": "30",
        "price_unit": "G"
      }
    ]
  },
  {
    "source_url": "https://www.woolworths.com.au/shop/productdetails/694550/woolworths-basmati-rice",
    "name": "Woolworths Basmati Rice 1kg",
    "image_url": "https://cdn1.woolworths.media/content/wowproductimages/large/694550.jpg",
    "source_id": "Woolworths - 694550",
    "barcode": "9300633289300",
    "shop": "Woolworths",
    "weight": "100G",
    "prices": [
      {
        "state": "NSW",
        "price": "400",
        "price_per_unit": "40",
        "price_unit": "G"
      },
      {
        "state": "VIC",
        "price": "400",
        "price_per_unit": "40",
        "price_unit": "G"
      },
      {
        "state": "QLD",
        "price": "400",
        "price_per_unit": "40",
        "price_unit": "G"
      },
      {
        "state": "WA",
        "price": "400",
        "price_per_unit": "40",
        "price_unit": "G"
      },
      {
        "state": "TAS",
        "price": "400",
        "price_per_unit": "40",
        "price_unit": "G"
      },
      {
        "state": "ACT",
        "price": "400",
        "price_per_unit": "40",
        "price_unit": "G"
      },
      {
        "state": "NT",
        "price": "400",
        "price_per_unit": "40",
        "price_unit": "G"
      }
    ]
  },
  {
    "source_url": "https://www.woolworths.com.au/shop/productdetails/694551/woolworths-basmati-rice",
    "name": "Woolworths Basmati Rice 2kg",
    "image_url": "https://cdn1.woolworths.media/content/wowproductimages/large/694551.jpg",
    "source_id": "Woolworths - 694551",
    "barcode": "9300633289317",
    "shop": "Woolworths",
    "weight": "100G",
    "prices": [
      {
        "state": "NSW",
        "price": "750",
        "price_per_unit": "38",
        "price_unit": "G"
      },
      {
        "state": "VIC",
        "price": "750",
        "price_per_unit": "38",
        "price_unit": "G"
      },
      {
        "state": "QLD",
        "price": "750",
        "price_per_unit": "38",
        "price_unit": "G"
      },
      {
        "state": "WA",
        "price": "750",
        "price_per_unit": "38",
        "price_unit": "G"
      },
      {
        "state": "TAS",
        "price": "750",
        "price_per_unit": "38",
        "price_unit": "G"
      },
      {
        "state": "ACT",
        "price": "750",
        "price_per_unit": "38",
        "price_unit": "G"
      },
      {
        "state": "NT",
        "price": "750",
        "price_per_unit": "38",
        "price_unit": "G"
      }
    ]
  },
  {
    "source_url": "https://www.woolworths.com.au/shop/productdetails/598743/woolworths-basmati-rice",
    "name": "Woolworths Basmati Rice 5kg",
    "image_url": "https://cdn1.woolworths.media/content/wowproductimages/large/598743.jpg",
    "source_id": "Woolworths - 598743",
    "barcode": "9300633647247",
    "shop": "Woolworths",
    "weight": "100G",
    "prices": [
      {
        "state": "NSW",
        "price": "1800",
        "price_per_unit": "36",
        "price_unit": "G"
      },
      {
        "state": "VIC",
        "price": "1800",
        "price_per_unit": "36",
        "price_unit": "G"
      },
      {
        "state": "QLD",
        "price": "1800",
        "price_per_unit": "36",
        "price_unit": "G"
      },
      {
        "state": "WA",
        "price": "1800",
        "price_per_unit": "36",
        "price_unit": "G"
      },
      {
        "state": "TAS",
        "price": "1800",
        "price_per_unit": "36",
        "price_unit": "G"
      },
      {
        "state": "ACT",
        "price": "1800",
        "price_per_unit": "36",
        "price_unit": "G"
      },
      {
        "state": "NT",
        "price": "1800",
        "price_per_unit": "36",
        "price_unit": "G"
      }
    ]
  },
  {
    "source_url": "https://www.woolworths.com.au/shop/productdetails/63665/woolworths-basmati-rice-microwave-cup",
    "name": "Woolworths Basmati Rice Microwave Cup 2 x125g",
    "image_url": "https://cdn1.woolworths.media/content/wowproductimages/large/063665.jpg",
    "source_id": "Woolworths - 63665",
    "barcode": "9339687135141",
    "shop": "Woolworths",
    "weight": "100G",
    "prices": [
      {
        "state": "NSW",
        "price": "220",
        "price_per_unit": "88",
        "price_unit": "G"
      },
      {
        "state": "VIC",
        "price": "220",
        "price_per_unit": "88",
        "price_unit": "G"
      },
      {
        "state": "QLD",
        "price": "220",
        "price_per_unit": "88",
        "price_unit": "G"
      },
      {
        "state": "WA",
        "price": "220",
        "price_per_unit": "88",
        "price_unit": "G"
      },
      {
        "state": "TAS",
        "price": "220",
        "price_per_unit": "88",
        "price_unit": "G"
      },
      {
        "state": "ACT",
        "price": "220",
        "price_per_unit": "88",
        "price_unit": "G"
      },
      {
        "state": "NT",
        "price": "220",
        "price_per_unit": "88",
        "price_unit": "G"
      }
    ]
  },
  {
    "source_url": "https://www.woolworths.com.au/shop/productdetails/777630/woolworths-brown-rice-grain",
    "name": "Woolworths Brown Rice Grain 1kg",
    "image_url": "https://cdn1.woolworths.media/content/wowproductimages/large/777630.jpg",
    "source_id": "Woolworths - 777630",
    "barcode": "9300633468972",
    "shop": "Woolworths",
    "weight": "100G",
    "prices": [
      {
        "state": "NSW",
        "price": "250",
        "price_per_unit": "25",
        "price_unit": "G"
      },
      {
        "state": "VIC",
        "price": "250",
        "price_per_unit": "25",
        "price_unit": "G"
      },
      {
        "state": "QLD",
        "price": "250",
        "price_per_unit": "25",
        "price_unit": "G"
      },
      {
        "state": "WA",
        "price": "250",
        "price_per_unit": "25",
        "price_unit": "G"
      },
      {
        "state": "TAS",
        "price": "250",
        "price_per_unit": "25",
        "price_unit": "G"
      },
      {
        "state": "ACT",
        "price": "250",
        "price_per_unit": "25",
        "price_unit": "G"
      },
      {
        "state": "NT",
        "price": "265",
        "price_per_unit": "27",
        "price_unit": "G"
      }
    ]
  },
  {
    "source_url": "https://www.woolworths.com.au/shop/productdetails/552488/woolworths-brown-rice-microwave-cups",
    "name": "Woolworths Brown Rice Microwave Cups 2 Pack",
    "image_url": "https://cdn1.woolworths.media/content/wowproductimages/large/552488.jpg",
    "source_id": "Woolworths - 552488",
    "barcode": "9300633627935",
    "shop": "Woolworths",
    "weight": "100G",
    "prices": [
      {
        "state": "NSW",
        "price": "220",
        "price_per_unit": "88",
        "price_unit": "G"
      },
      {
        "state": "VIC",
        "price": "220",
        "price_per_unit": "88",
        "price_unit": "G"
      },
      {
        "state": "QLD",
        "price": "220",
        "price_per_unit": "88",
        "price_unit": "G"
      },
      {
        "state": "WA",
        "price": "220",
        "price_per_unit": "88",
        "price_unit": "G"
      },
      {
        "state": "TAS",
        "price": "220",
        "price_per_unit": "88",
        "price_unit": "G"
      },
      {
        "state": "ACT",
        "price": "220",
        "price_per_unit": "88",
        "price_unit": "G"
      },
      {
        "state": "NT",
        "price": "220",
        "price_per_unit": "88",
        "price_unit": "G"
      }
    ]
  },
  {
    "source_url": "https://www.woolworths.com.au/shop/productdetails/601342/woolworths-jasmine-rice",
    "name": "Woolworths Jasmine Rice 1kg",
    "image_url": "https://cdn1.woolworths.media/content/wowproductimages/large/601342.jpg",
    "source_id": "Woolworths - 601342",
    "barcode": "9300633648893",
    "shop": "Woolworths",
    "weight": "100G",
    "prices": [
      {
        "state": "NSW",
        "price": "350",
        "price_per_unit": "35",
        "price_unit": "G"
      },
      {
        "state": "VIC",
        "price": "350",
        "price_per_unit": "35",
        "price_unit": "G"
      },
      {
        "state": "TAS",
        "price": "350",
        "price_per_unit": "35",
        "price_unit": "G"
      },
      {
        "state": "ACT",
        "price": "350",
        "price_per_unit": "35",
        "price_unit": "G"
      },
      {
        "state": "NT",
        "price": "350",
        "price_per_unit": "35",
        "price_unit": "G"
      }
    ]
  },
  {
    "source_url": "https://www.woolworths.com.au/shop/productdetails/601343/woolworths-jasmine-rice",
    "name": "Woolworths Jasmine Rice 5kg",
    "image_url": "https://cdn1.woolworths.media/content/wowproductimages/large/601343.jpg",
    "source_id": "Woolworths - 601343",
    "barcode": "9300633648916",
    "shop": "Woolworths",
    "weight": "100G",
    "prices": [
      {
        "state": "NSW",
        "price": "1500",
        "price_per_unit": "30",
        "price_unit": "G"
      },
      {
        "state": "VIC",
        "price": "1500",
        "price_per_unit": "30",
        "price_unit": "G"
      },
      {
        "state": "TAS",
        "price": "1500",
        "price_per_unit": "30",
        "price_unit": "G"
      },
      {
        "state": "ACT",
        "price": "1500",
        "price_per_unit": "30",
        "price_unit": "G"
      },
      {
        "state": "NT",
        "price": "1500",
        "price_per_unit": "30",
        "price_unit": "G"
      }
    ]
  },
  {
    "source_url": "https://www.woolworths.com.au/shop/productdetails/552489/woolworths-long-grain-rice-microwave-cups",
    "name": "Woolworths Long Grain Rice Microwave Cups 2 Pack",
    "image_url": "https://cdn1.woolworths.media/content/wowproductimages/large/552489.jpg",
    "source_id": "Woolworths - 552489",
    "barcode": "9300633627942",
    "shop": "Woolworths",
    "weight": "100G",
    "prices": [
      {
        "state": "NSW",
        "price": "220",
        "price_per_unit": "88",
        "price_unit": "G"
      },
      {
        "state": "VIC",
        "price": "220",
        "price_per_unit": "88",
        "price_unit": "G"
      },
      {
        "state": "TAS",
        "price": "220",
        "price_per_unit": "88",
        "price_unit": "G"
      },
      {
        "state": "ACT",
        "price": "220",
        "price_per_unit": "88",
        "price_unit": "G"
      },
      {
        "state": "NT",
        "price": "220",
        "price_per_unit": "88",
        "price_unit": "G"
      }
    ]
  },
  {
    "source_url": "https://www.woolworths.com.au/shop/productdetails/105819/woolworths-mexican-style-rice",
    "name": "Woolworths Mexican Style Rice 250g",
    "image_url": "https://cdn1.woolworths.media/content/wowproductimages/large/105819.jpg",
    "source_id": "Woolworths - 105819",
    "barcode": "9339687193899",
    "shop": "Woolworths",
    "weight": "100G",
    "prices": [
      {
        "state": "NSW",
        "price": "250",
        "price_per_unit": "100",
        "price_unit": "G"
      },
      {
        "state": "VIC",
        "price": "250",
        "price_per_unit": "100",
        "price_unit": "G"
      },
      {
        "state": "TAS",
        "price": "250",
        "price_per_unit": "100",
        "price_unit": "G"
      },
      {
        "state": "ACT",
        "price": "250",
        "price_per_unit": "100",
        "price_unit": "G"
      },
      {
        "state": "NT",
        "price": "250",
        "price_per_unit": "100",
        "price_unit": "G"
      }
    ]
  },
  {
    "source_url": "https://www.woolworths.com.au/shop/productdetails/360348/woolworths-microwave-basmati-rice",
    "name": "Woolworths Microwave Basmati Rice 250g",
    "image_url": "https://cdn1.woolworths.media/content/wowproductimages/large/360348.jpg",
    "source_id": "Woolworths - 360348",
    "barcode": "9300633211899",
    "shop": "Woolworths",
    "weight": "100G",
    "prices": [
      {
        "state": "NSW",
        "price": "190",
        "price_per_unit": "76",
        "price_unit": "G"
      },
      {
        "state": "VIC",
        "price": "190",
        "price_per_unit": "76",
        "price_unit": "G"
      },
      {
        "state": "TAS",
        "price": "190",
        "price_per_unit": "76",
        "price_unit": "G"
      },
      {
        "state": "ACT",
        "price": "190",
        "price_per_unit": "76",
        "price_unit": "G"
      },
      {
        "state": "NT",
        "price": "190",
        "price_per_unit": "76",
        "price_unit": "G"
      }
    ]
  },
  {
    "source_url": "https://www.woolworths.com.au/shop/productdetails/360351/woolworths-microwave-brown-rice",
    "name": "Woolworths Microwave Brown Rice 250g",
    "image_url": "https://cdn1.woolworths.media/content/wowproductimages/large/360351.jpg",
    "source_id": "Woolworths - 360351",
    "barcode": "9300633211905",
    "shop": "Woolworths",
    "weight": "100G",
    "prices": [
      {
        "state": "NSW",
        "price": "190",
        "price_per_unit": "76",
        "price_unit": "G"
      },
      {
        "state": "VIC",
        "price": "190",
        "price_per_unit": "76",
        "price_unit": "G"
      },
      {
        "state": "TAS",
        "price": "190",
        "price_per_unit": "76",
        "price_unit": "G"
      },
      {
        "state": "ACT",
        "price": "190",
        "price_per_unit": "76",
        "price_unit": "G"
      },
      {
        "state": "NT",
        "price": "190",
        "price_per_unit": "76",
        "price_unit": "G"
      }
    ]
  },
  {
    "source_url": "https://www.woolworths.com.au/shop/productdetails/360354/woolworths-microwave-brown-rice-family-size",
    "name": "Woolworths Microwave Brown Rice Family Size 450g",
    "image_url": "https://cdn1.woolworths.media/content/wowproductimages/large/360354.jpg",
    "source_id": "Woolworths - 360354",
    "barcode": "9300633211929",
    "shop": "Woolworths",
    "weight": "100G",
    "prices": [
      {
        "state": "NSW",
        "price": "275",
        "price_per_unit": "61",
        "price_unit": "G"
      },
      {
        "state": "VIC",
        "price": "275",
        "price_per_unit": "61",
        "price_unit": "G"
      },
      {
        "state": "TAS",
        "price": "275",
        "price_per_unit": "61",
        "price_unit": "G"
      },
      {
        "state": "ACT",
        "price": "275",
        "price_per_unit": "61",
        "price_unit": "G"
      },
      {
        "state": "NT",
        "price": "275",
        "price_per_unit": "61",
        "price_unit": "G"
      }
    ]
  },
  {
    "source_url": "https://www.woolworths.com.au/shop/productdetails/360346/woolworths-microwave-jasmine-rice",
    "name": "Woolworths Microwave Jasmine Rice 250g",
    "image_url": "https://cdn1.woolworths.media/content/wowproductimages/large/360346.jpg",
    "source_id": "Woolworths - 360346",
    "barcode": "9300633211882",
    "shop": "Woolworths",
    "weight": "100G",
    "prices": [
      {
        "state": "NSW",
        "price": "190",
        "price_per_unit": "76",
        "price_unit": "G"
      },
      {
        "state": "VIC",
        "price": "190",
        "price_per_unit": "76",
        "price_unit": "G"
      },
      {
        "state": "TAS",
        "price": "190",
        "price_per_unit": "76",
        "price_unit": "G"
      },
      {
        "state": "NT",
        "price": "190",
        "price_per_unit": "76",
        "price_unit": "G"
      }
    ]
  },
  {
    "source_url": "https://www.woolworths.com.au/shop/productdetails/360343/woolworths-microwave-long-grain-white-rice",
    "name": "Woolworths Microwave Long Grain White Rice 250g",
    "image_url": "https://cdn1.woolworths.media/content/wowproductimages/large/360343.jpg",
    "source_id": "Woolworths - 360343",
    "barcode": "9300633211875",
    "shop": "Woolworths",
    "weight": "100G",
    "prices": [
      {
        "state": "NSW",
        "price": "190",
        "price_per_unit": "76",
        "price_unit": "G"
      },
      {
        "state": "VIC",
        "price": "190",
        "price_per_unit": "76",
        "price_unit": "G"
      },
      {
        "state": "TAS",
        "price": "190",
        "price_per_unit": "76",
        "price_unit": "G"
      },
      {
        "state": "NT",
        "price": "190",
        "price_per_unit": "76",
        "price_unit": "G"
      }
    ]
  },
  {
    "source_url": "https://www.woolworths.com.au/shop/productdetails/360352/woolworths-microwave-white-long-grain-rice-family",
    "name": "Woolworths Microwave White Long Grain Rice Family 450g",
    "image_url": "https://cdn1.woolworths.media/content/wowproductimages/large/360352.jpg",
    "source_id": "Woolworths - 360352",
    "barcode": "9300633211912",
    "shop": "Woolworths",
    "weight": "100G",
    "prices": [
      {
        "state": "NSW",
        "price": "275",
        "price_per_unit": "61",
        "price_unit": "G"
      },
      {
        "state": "VIC",
        "price": "275",
        "price_per_unit": "61",
        "price_unit": "G"
      },
      {
        "state": "TAS",
        "price": "275",
        "price_per_unit": "61",
        "price_unit": "G"
      },
      {
        "state": "NT",
        "price": "275",
        "price_per_unit": "61",
        "price_unit": "G"
      }
    ]
  },
  {
    "source_url": "https://www.woolworths.com.au/shop/productdetails/105818/woolworths-special-fried-rice",
    "name": "Woolworths Special Fried Rice 250g",
    "image_url": "https://cdn1.woolworths.media/content/wowproductimages/large/105818.jpg",
    "source_id": "Woolworths - 105818",
    "barcode": "9339687193882",
    "shop": "Woolworths",
    "weight": "100G",
    "prices": [
      {
        "state": "NSW",
        "price": "250",
        "price_per_unit": "100",
        "price_unit": "G"
      },
      {
        "state": "VIC",
        "price": "250",
        "price_per_unit": "100",
        "price_unit": "G"
      },
      {
        "state": "TAS",
        "price": "250",
        "price_per_unit": "100",
        "price_unit": "G"
      },
      {
        "state": "NT",
        "price": "250",
        "price_per_unit": "100",
        "price_unit": "G"
      }
    ]
  },
  {
    "source_url": "https://www.woolworths.com.au/shop/productdetails/35007/woolworths-white-rice-long-grain",
    "name": "Woolworths White Rice Long Grain 1kg",
    "image_url": "https://cdn1.woolworths.media/content/wowproductimages/large/035007.jpg",
    "source_id": "Woolworths - 35007",
    "barcode": "9300633350079",
    "shop": "Woolworths",
    "weight": "100G",
    "prices": [
      {
        "state": "NSW",
        "price": "180",
        "price_per_unit": "18",
        "price_unit": "G"
      },
      {
        "state": "VIC",
        "price": "180",
        "price_per_unit": "18",
        "price_unit": "G"
      },
      {
        "state": "TAS",
        "price": "180",
        "price_per_unit": "18",
        "price_unit": "G"
      },
      null
    ]
  },
  {
    "source_url": "https://www.woolworths.com.au/shop/productdetails/72779/woolworths-white-rice-long-grain",
    "name": "Woolworths White Rice Long Grain 5kg",
    "image_url": "https://cdn1.woolworths.media/content/wowproductimages/large/072779.jpg",
    "source_id": "Woolworths - 72779",
    "barcode": "9300633930721",
    "shop": "Woolworths",
    "weight": "100G",
    "prices": [
      {
        "state": "NSW",
        "price": "850",
        "price_per_unit": "17",
        "price_unit": "G"
      },
      {
        "state": "VIC",
        "price": "850",
        "price_per_unit": "17",
        "price_unit": "G"
      },
      {
        "state": "TAS",
        "price": "850",
        "price_per_unit": "17",
        "price_unit": "G"
      },
      {
        "state": "NT",
        "price": "850",
        "price_per_unit": "17",
        "price_unit": "G"
      }
    ]
  },
  {
    "source_url": "https://www.woolworths.com.au/shop/productdetails/1075397506/zerii-rice-storage-cereal-dispenser-grain-container-360-degree-rotating-dry-food-box-10l",
    "name": "Zerii Rice Storage Cereal Dispenser Grain Container 360 Degree Rotating Dry Food Box - 10L",
    "image_url": "https://cdn1.woolworths.media/content/wowproductimages/large/1075397506.jpg",
    "source_id": "Woolworths - 1075397506",
    "barcode": null,
    "shop": "Woolworths",
    "weight": "1EA",
    "prices": [
      {
        "state": "NSW",
        "price": "7938",
        "price_per_unit": "7938",
        "price_unit": "EA"
      },
      {
        "state": "VIC",
        "price": "7938",
        "price_per_unit": "7938",
        "price_unit": "EA"
      },
      {
        "state": "TAS",
        "price": "7938",
        "price_per_unit": "7938",
        "price_unit": "EA"
      }
    ]
  },
  {
    "source_url": "https://www.woolworths.com.au/shop/productdetails/691507/continental-classics-tasty-cheesy-rice-serves-2",
    "name": "Continental Classics Tasty Cheesy Rice 125 g",
    "image_url": "https://cdn1.woolworths.media/content/wowproductimages/large/691507.jpg",
    "source_id": "Woolworths - 691507",
    "barcode": "9300830047321",
    "shop": "Woolworths",
    "weight": "100G",
    "prices": [
      {
        "state": "VIC",
        "price": "320",
        "price_per_unit": "256",
        "price_unit": "G"
      },
      {
        "state": "QLD",
        "price": "320",
        "price_per_unit": "256",
        "price_unit": "G"
      },
      {
        "state": "WA",
        "price": "320",
        "price_per_unit": "256",
        "price_unit": "G"
      },
      {
        "state": "SA",
        "price": "320",
        "price_per_unit": "256",
        "price_unit": "G"
      },
      {
        "state": "TAS",
        "price": "320",
        "price_per_unit": "256",
        "price_unit": "G"
      },
      {
        "state": "ACT",
        "price": "320",
        "price_per_unit": "256",
        "price_unit": "G"
      },
      {
        "state": "NT",
        "price": "335",
        "price_per_unit": "268",
        "price_unit": "G"
      }
    ]
  },
  {
    "source_url": "https://www.woolworths.com.au/shop/productdetails/334525/nice-rice-australian-long-grain-rice",
    "name": "Nice Rice Australian Long Grain Rice 1kg",
    "image_url": "https://cdn1.woolworths.media/content/wowproductimages/large/334525.jpg",
    "source_id": "Woolworths - 334525",
    "barcode": "9360333000025",
    "shop": "Woolworths",
    "weight": "100G",
    "prices": [
      {
        "state": "VIC",
        "price": "320",
        "price_per_unit": "32",
        "price_unit": "G"
      },
      {
        "state": "QLD",
        "price": "320",
        "price_per_unit": "32",
        "price_unit": "G"
      },
      {
        "state": "WA",
        "price": "320",
        "price_per_unit": "32",
        "price_unit": "G"
      },
      {
        "state": "SA",
        "price": "320",
        "price_per_unit": "32",
        "price_unit": "G"
      },
      null,
      {
        "state": "ACT",
        "price": "350",
        "price_per_unit": "35",
        "price_unit": "G"
      },
      {
        "state": "NT",
        "price": "350",
        "price_per_unit": "35",
        "price_unit": "G"
      }
    ]
  },
  {
    "source_url": "https://www.woolworths.com.au/shop/productdetails/334882/nice-rice-jasmine-rice",
    "name": "Nice Rice Jasmine Rice 1kg",
    "image_url": "https://cdn1.woolworths.media/content/wowproductimages/large/334882.jpg",
    "source_id": "Woolworths - 334882",
    "barcode": "9360333000049",
    "shop": "Woolworths",
    "weight": "100G",
    "prices": [
      {
        "state": "VIC",
        "price": "500",
        "price_per_unit": "50",
        "price_unit": "G"
      },
      {
        "state": "QLD",
        "price": "500",
        "price_per_unit": "50",
        "price_unit": "G"
      },
      {
        "state": "WA",
        "price": "500",
        "price_per_unit": "50",
        "price_unit": "G"
      },
      {
        "state": "SA",
        "price": "500",
        "price_per_unit": "50",
        "price_unit": "G"
      },
      {
        "state": "TAS",
        "price": "400",
        "price_per_unit": "40",
        "price_unit": "G"
      },
      {
        "state": "ACT",
        "price": "400",
        "price_per_unit": "40",
        "price_unit": "G"
      },
      {
        "state": "NT",
        "price": "400",
        "price_per_unit": "40",
        "price_unit": "G"
      }
    ]
  },
  {
    "source_url": "https://www.woolworths.com.au/shop/productdetails/943309/nice-rice-jasmine-rice",
    "name": "Nice Rice Jasmine Rice 5kg",
    "image_url": "https://cdn1.woolworths.media/content/wowproductimages/large/943309.jpg",
    "source_id": "Woolworths - 943309",
    "barcode": "9360333000087",
    "shop": "Woolworths",
    "weight": "100G",
    "prices": [
      {
        "state": "VIC",
        "price": "2400",
        "price_per_unit": "48",
        "price_unit": "G"
      },
      {
        "state": "QLD",
        "price": "2400",
        "price_per_unit": "48",
        "price_unit": "G"
      },
      {
        "state": "WA",
        "price": "2400",
        "price_per_unit": "48",
        "price_unit": "G"
      },
      {
        "state": "SA",
        "price": "2400",
        "price_per_unit": "48",
        "price_unit": "G"
      },
      {
        "state": "TAS",
        "price": "2400",
        "price_per_unit": "48",
        "price_unit": "G"
      },
      {
        "state": "ACT",
        "price": "2400",
        "price_per_unit": "48",
        "price_unit": "G"
      },
      {
        "state": "NT",
        "price": "2400",
        "price_per_unit": "48",
        "price_unit": "G"
      }
    ]
  },
  {
    "source_url": "https://www.woolworths.com.au/shop/productdetails/334524/nice-rice-medium-grain-rice",
    "name": "Nice Rice Medium Grain  Rice 1kg",
    "image_url": "https://cdn1.woolworths.media/content/wowproductimages/large/334524.jpg",
    "source_id": "Woolworths - 334524",
    "barcode": "9360333000001",
    "shop": "Woolworths",
    "weight": "100G",
    "prices": [
      {
        "state": "VIC",
        "price": "500",
        "price_per_unit": "50",
        "price_unit": "G"
      },
      {
        "state": "QLD",
        "price": "500",
        "price_per_unit": "50",
        "price_unit": "G"
      },
      {
        "state": "WA",
        "price": "500",
        "price_per_unit": "50",
        "price_unit": "G"
      },
      {
        "state": "SA",
        "price": "500",
        "price_per_unit": "50",
        "price_unit": "G"
      },
      {
        "state": "TAS",
        "price": "350",
        "price_per_unit": "35",
        "price_unit": "G"
      },
      {
        "state": "ACT",
        "price": "350",
        "price_per_unit": "35",
        "price_unit": "G"
      },
      {
        "state": "NT",
        "price": "350",
        "price_per_unit": "35",
        "price_unit": "G"
      }
    ]
  },
  {
    "source_url": "https://www.woolworths.com.au/shop/productdetails/322710/nice-rice-medium-grain-brown-rice",
    "name": "Nice Rice Medium Grain Brown Rice 1kg",
    "image_url": "https://cdn1.woolworths.media/content/wowproductimages/large/322710.jpg",
    "source_id": "Woolworths - 322710",
    "barcode": "9360333000018",
    "shop": "Woolworths",
    "weight": "100G",
    "prices": [
      {
        "state": "VIC",
        "price": "500",
        "price_per_unit": "50",
        "price_unit": "G"
      },
      {
        "state": "QLD",
        "price": "500",
        "price_per_unit": "50",
        "price_unit": "G"
      },
      {
        "state": "WA",
        "price": "500",
        "price_per_unit": "50",
        "price_unit": "G"
      },
      {
        "state": "SA",
        "price": "500",
        "price_per_unit": "50",
        "price_unit": "G"
      },
      {
        "state": "TAS",
        "price": "500",
        "price_per_unit": "50",
        "price_unit": "G"
      },
      {
        "state": "ACT",
        "price": "500",
        "price_per_unit": "50",
        "price_unit": "G"
      },
      {
        "state": "NT",
        "price": "500",
        "price_per_unit": "50",
        "price_unit": "G"
      }
    ]
  },
  {
    "source_url": "https://www.woolworths.com.au/shop/productdetails/333889/nice-rice-sushi-rice",
    "name": "Nice Rice Sushi Rice 1kg",
    "image_url": "https://cdn1.woolworths.media/content/wowproductimages/large/333889.jpg",
    "source_id": "Woolworths - 333889",
    "barcode": "9360333000032",
    "shop": "Woolworths",
    "weight": "100G",
    "prices": [
      {
        "state": "VIC",
        "price": "600",
        "price_per_unit": "60",
        "price_unit": "G"
      },
      {
        "state": "QLD",
        "price": "600",
        "price_per_unit": "60",
        "price_unit": "G"
      },
      {
        "state": "WA",
        "price": "600",
        "price_per_unit": "60",
        "price_unit": "G"
      },
      {
        "state": "SA",
        "price": "600",
        "price_per_unit": "60",
        "price_unit": "G"
      },
      {
        "state": "TAS",
        "price": "480",
        "price_per_unit": "48",
        "price_unit": "G"
      },
      {
        "state": "ACT",
        "price": "480",
        "price_per_unit": "48",
        "price_unit": "G"
      },
      {
        "state": "NT",
        "price": "480",
        "price_per_unit": "48",
        "price_unit": "G"
      }
    ]
  },
  {
    "source_url": "https://www.woolworths.com.au/shop/productdetails/183695/rice-a-riso-flavoured-rice-chicken",
    "name": "Rice A Riso Flavoured Rice Chicken 180g",
    "image_url": "https://cdn1.woolworths.media/content/wowproductimages/large/183695.jpg",
    "source_id": "Woolworths - 183695",
    "barcode": "9300683076028",
    "shop": "Woolworths",
    "weight": "100G",
    "prices": [
      {
        "state": "VIC",
        "price": "220",
        "price_per_unit": "122",
        "price_unit": "G"
      },
      {
        "state": "QLD",
        "price": "220",
        "price_per_unit": "122",
        "price_unit": "G"
      },
      {
        "state": "WA",
        "price": "220",
        "price_per_unit": "122",
        "price_unit": "G"
      },
      {
        "state": "SA",
        "price": "220",
        "price_per_unit": "122",
        "price_unit": "G"
      },
      {
        "state": "TAS",
        "price": "220",
        "price_per_unit": "122",
        "price_unit": "G"
      },
      {
        "state": "ACT",
        "price": "220",
        "price_per_unit": "122",
        "price_unit": "G"
      },
      {
        "state": "NT",
        "price": "220",
        "price_per_unit": "122",
        "price_unit": "G"
      }
    ]
  },
  {
    "source_url": "https://www.woolworths.com.au/shop/productdetails/852819/belladotti-pre-mix-risotto-country-style",
    "name": "Belladotti Pre Mix Risotto Country Style 250g",
    "image_url": "https://cdn1.woolworths.media/content/wowproductimages/large/852819.jpg",
    "source_id": "Woolworths - 852819",
    "barcode": "9349990000500",
    "shop": "Woolworths",
    "weight": "100G",
    "prices": [
      {
        "state": "QLD",
        "price": "500",
        "price_per_unit": "200",
        "price_unit": "G"
      },
      {
        "state": "WA",
        "price": "500",
        "price_per_unit": "200",
        "price_unit": "G"
      }
    ]
  },
  {
    "source_url": "https://www.woolworths.com.au/shop/productdetails/852978/belladotti-pre-mix-risotto-porcini-mushroom",
    "name": "Belladotti Pre Mix Risotto Porcini Mushroom 250g",
    "image_url": "https://cdn1.woolworths.media/content/wowproductimages/large/852978.jpg",
    "source_id": "Woolworths - 852978",
    "barcode": "9349990000524",
    "shop": "Woolworths",
    "weight": "100G",
    "prices": [
      {
        "state": "QLD",
        "price": "500",
        "price_per_unit": "200",
        "price_unit": "G"
      },
      {
        "state": "WA",
        "price": "500",
        "price_per_unit": "200",
        "price_unit": "G"
      }
    ]
  },
  {
    "source_url": "https://www.woolworths.com.au/shop/productdetails/852888/belladotti-pre-mix-risotto-pumpkin",
    "name": "Belladotti Pre Mix Risotto Pumpkin 250g",
    "image_url": "https://cdn1.woolworths.media/content/wowproductimages/large/852888.jpg",
    "source_id": "Woolworths - 852888",
    "barcode": "9349990000517",
    "shop": "Woolworths",
    "weight": "100G",
    "prices": [
      {
        "state": "QLD",
        "price": "500",
        "price_per_unit": "200",
        "price_unit": "G"
      },
      {
        "state": "WA",
        "price": "500",
        "price_per_unit": "200",
        "price_unit": "G"
      }
    ]
  },
  {
    "source_url": "https://www.woolworths.com.au/shop/productdetails/691513/continental-classics-cheesy-rice-family-pack-serves-4",
    "name": "Continental Classics Cheesy Rice Family Pack Serves 4 190g",
    "image_url": "https://cdn1.woolworths.media/content/wowproductimages/large/691513.jpg",
    "source_id": "Woolworths - 691513",
    "barcode": "9300830047314",
    "shop": "Woolworths",
    "weight": "100G",
    "prices": [
      {
        "state": "SA",
        "price": "400",
        "price_per_unit": "211",
        "price_unit": "G"
      },
      {
        "state": "NT",
        "price": "420",
        "price_per_unit": "221",
        "price_unit": "G"
      }
    ]
  },
  {
    "source_url": "https://www.woolworths.com.au/shop/productdetails/61183/golden-wheel-thai-hom-mali-rice",
    "name": "Golden Wheel Thai Hom Mali Rice 10kg",
    "image_url": "https://cdn1.woolworths.media/content/wowproductimages/large/061183.jpg",
    "source_id": "Woolworths - 61183",
    "barcode": "8851532004279",
    "shop": "Woolworths",
    "weight": "100G",
    "prices": [
      {
        "state": "TAS",
        "price": "2700",
        "price_per_unit": "27",
        "price_unit": "G"
      },
      {
        "state": "NT",
        "price": "5400",
        "price_per_unit": "54",
        "price_unit": "G"
      }
    ]
  }
]