[
  {
    "source_url": "https://www.woolworths.com.au/shop/productdetails/1075346488/chef-s-choice-hazelnut-meal-320g",
    "name": "Chef's Choice Hazelnut Meal 320g",
    "image_url": "https://cdn1.woolworths.media/content/wowproductimages/large/1075346488.jpg",
    "source_id": "Woolworths - 1075346488",
    "barcode": null,
    "shop": "Woolworths",
    "weight": "1KG",
    "prices": [
      {
        "state": "NSW",
        "price": "1300",
        "price_per_unit": "4063",
        "price_unit": "KG"
      },
      {
        "state": "VIC",
        "price": "1300",
        "price_per_unit": "4063",
        "price_unit": "KG"
      },
      {
        "state": "QLD",
        "price": "1300",
        "price_per_unit": "4063",
        "price_unit": "KG"
      },
      {
        "state": "WA",
        "price": "1300",
        "price_per_unit": "4063",
        "price_unit": "KG"
      },
      {
        "state": "SA",
        "price": "1300",
        "price_per_unit": "4063",
        "price_unit": "KG"
      },
      {
        "state": "TAS",
        "price": "1300",
        "price_per_unit": "4063",
        "price_unit": "KG"
      },
      {
        "state": "ACT",
        "price": "1300",
        "price_per_unit": "4063",
        "price_unit": "KG"
      },
      {
        "state": "NT",
        "price": "1300",
        "price_per_unit": "4063",
        "price_unit": "KG"
      }
    ]
  },
  {
    "source_url": "https://www.woolworths.com.au/shop/productdetails/33282/essentials-plain-flour",
    "name": "Essentials Plain Flour 1kg",
    "image_url": "https://cdn1.woolworths.media/content/wowproductimages/large/033282.jpg",
    "source_id": "Woolworths - 33282",
    "barcode": "9339687382392",
    "shop": "Woolworths",
    "weight": "1KG",
    "prices": [
      {
        "state": "NSW",
        "price": "140",
        "price_per_unit": "140",
        "price_unit": "KG"
      },
      {
        "state": "VIC",
        "price": "140",
        "price_per_unit": "140",
        "price_unit": "KG"
      },
      {
        "state": "QLD",
        "price": "140",
        "price_per_unit": "140",
        "price_unit": "KG"
      },
      {
        "state": "WA",
        "price": "140",
        "price_per_unit": "140",
        "price_unit": "KG"
      },
      {
        "state": "SA",
        "price": "140",
        "price_per_unit": "140",
        "price_unit": "KG"
      },
      {
        "state": "TAS",
        "price": "140",
        "price_per_unit": "140",
        "price_unit": "KG"
      },
      {
        "state": "ACT",
        "price": "140",
        "price_per_unit": "140",
        "price_unit": "KG"
      },
      {
        "state": "NT",
        "price": "140",
        "price_per_unit": "140",
        "price_unit": "KG"
      }
    ]
  },
  {
    "source_url": "https://www.woolworths.com.au/shop/productdetails/45813/essentials-plain-flour",
    "name": "Essentials Plain Flour 2kg",
    "image_url": "https://cdn1.woolworths.media/content/wowproductimages/large/045813.jpg",
    "source_id": "Woolworths - 45813",
    "barcode": "9339687382415",
    "shop": "Woolworths",
    "weight": "1KG",
    "prices": [
      {
        "state": "NSW",
        "price": "270",
        "price_per_unit": "135",
        "price_unit": "KG"
      },
      {
        "state": "SA",
        "price": "270",
        "price_per_unit": "135",
        "price_unit": "KG"
      },
      {
        "state": "TAS",
        "price": "270",
        "price_per_unit": "135",
        "price_unit": "KG"
      },
      {
        "state": "ACT",
        "price": "270",
        "price_per_unit": "135",
        "price_unit": "KG"
      },
      {
        "state": "NT",
        "price": "270",
        "price_per_unit": "135",
        "price_unit": "KG"
      }
    ]
  },
  {
    "source_url": "https://www.woolworths.com.au/shop/productdetails/33296/essentials-self-raising-flour",
    "name": "Essentials Self Raising Flour 1kg",
    "image_url": "https://cdn1.woolworths.media/content/wowproductimages/large/033296.jpg",
    "source_id": "Woolworths - 33296",
    "barcode": "9339687382439",
    "shop": "Woolworths",
    "weight": "1KG",
    "prices": [
      {
        "state": "NSW",
        "price": "140",
        "price_per_unit": "140",
        "price_unit": "KG"
      },
      {
        "state": "VIC",
        "price": "140",
        "price_per_unit": "140",
        "price_unit": "KG"
      },
      {
        "state": "QLD",
        "price": "140",
        "price_per_unit": "140",
        "price_unit": "KG"
      },
      {
        "state": "WA",
        "price": "140",
        "price_per_unit": "140",
        "price_unit": "KG"
      },
      {
        "state": "SA",
        "price": "140",
        "price_per_unit": "140",
        "price_unit": "KG"
      },
      {
        "state": "TAS",
        "price": "140",
        "price_per_unit": "140",
        "price_unit": "KG"
      },
      {
        "state": "ACT",
        "price": "140",
        "price_per_unit": "140",
        "price_unit": "KG"
      },
      {
        "state": "NT",
        "price": "140",
        "price_per_unit": "140",
        "price_unit": "KG"
      }
    ]
  },
  {
    "source_url": "https://www.woolworths.com.au/shop/productdetails/94124/essentials-self-raising-flour",
    "name": "Essentials Self Raising Flour 2kg",
    "image_url": "https://cdn1.woolworths.media/content/wowproductimages/large/094124.jpg",
    "source_id": "Woolworths - 94124",
    "barcode": "9339687382453",
    "shop": "Woolworths",
    "weight": "1KG",
    "prices": [
      {
        "state": "NSW",
        "price": "270",
        "price_per_unit": "135",
        "price_unit": "KG"
      },
      {
        "state": "SA",
        "price": "270",
        "price_per_unit": "135",
        "price_unit": "KG"
      },
      {
        "state": "TAS",
        "price": "270",
        "price_per_unit": "135",
        "price_unit": "KG"
      },
      {
        "state": "ACT",
        "price": "270",
        "price_per_unit": "135",
        "price_unit": "KG"
      },
      {
        "state": "NT",
        "price": "270",
        "price_per_unit": "135",
        "price_unit": "KG"
      }
    ]
  },
  {
    "source_url": "https://www.woolworths.com.au/shop/productdetails/1075347227/gloriously-free-oat-flour-500g",
    "name": "Gloriously Free Oat Flour 500g",
    "image_url": "https://cdn1.woolworths.media/content/wowproductimages/large/1075347227.jpg",
    "source_id": "Woolworths - 1075347227",
    "barcode": null,
    "shop": "Woolworths",
    "weight": "1KG",
    "prices": [
      {
        "state": "NSW",
        "price": "1343",
        "price_per_unit": "2238",
        "price_unit": "KG"
      },
      {
        "state": "VIC",
        "price": "1343",
        "price_per_unit": "2238",
        "price_unit": "KG"
      },
      {
        "state": "QLD",
        "price": "1343",
        "price_per_unit": "2238",
        "price_unit": "KG"
      },
      {
        "state": "WA",
        "price": "1343",
        "price_per_unit": "2238",
        "price_unit": "KG"
      },
      {
        "state": "SA",
        "price": "1343",
        "price_per_unit": "2238",
        "price_unit": "KG"
      },
      {
        "state": "TAS",
        "price": "1343",
        "price_per_unit": "2238",
        "price_unit": "KG"
      },
      {
        "state": "ACT",
        "price": "1343",
        "price_per_unit": "2238",
        "price_unit": "KG"
      },
      {
        "state": "NT",
        "price": "1343",
        "price_per_unit": "2238",
        "price_unit": "KG"
      }
    ]
  },
  {
    "source_url": "https://www.woolworths.com.au/shop/productdetails/1075499042/harimsa-spanish-churro-flour-500g-4-pack-2kg-total-best-before-29-12-2024-",
    "name": "Harimsa Spanish Churro Flour 500g - 4 Pack 2kg total (Best Before 29-12-2024)",
    "image_url": "https://cdn1.woolworths.media/content/wowproductimages/large/1075499042.jpg",
    "source_id": "Woolworths - 1075499042",
    "barcode": null,
    "shop": "Woolworths",
    "weight": "1EA",
    "prices": [
      {
        "state": "NSW",
        "price": "2000",
        "price_per_unit": "500",
        "price_unit": "EA"
      },
      {
        "state": "VIC",
        "price": "2000",
        "price_per_unit": "500",
        "price_unit": "EA"
      },
      {
        "state": "QLD",
        "price": "2000",
        "price_per_unit": "500",
        "price_unit": "EA"
      },
      {
        "state": "WA",
        "price": "2000",
        "price_per_unit": "500",
        "price_unit": "EA"
      },
      {
        "state": "SA",
        "price": "2000",
        "price_per_unit": "500",
        "price_unit": "EA"
      },
      {
        "state": "TAS",
        "price": "2000",
        "price_per_unit": "500",
        "price_unit": "EA"
      },
      {
        "state": "ACT",
        "price": "2000",
        "price_per_unit": "500",
        "price_unit": "EA"
      },
      {
        "state": "NT",
        "price": "2000",
        "price_per_unit": "500",
        "price_unit": "EA"
      }
    ]
  },
  {
    "source_url": "https://www.woolworths.com.au/shop/productdetails/608475/il-molino-chiavazza-farino-flour",
    "name": "Il Molino Chiavazza Farino Flour 1kg",
    "image_url": "https://cdn1.woolworths.media/content/wowproductimages/large/608475.jpg",
    "source_id": "Woolworths - 608475",
    "barcode": "8009550000104",
    "shop": "Woolworths",
    "weight": "1KG",
    "prices": [
      {
        "state": "NSW",
        "price": "350",
        "price_per_unit": "350",
        "price_unit": "KG"
      },
      {
        "state": "VIC",
        "price": "350",
        "price_per_unit": "350",
        "price_unit": "KG"
      },
      {
        "state": "QLD",
        "price": "350",
        "price_per_unit": "350",
        "price_unit": "KG"
      },
      {
        "state": "WA",
        "price": "350",
        "price_per_unit": "350",
        "price_unit": "KG"
      },
      {
        "state": "SA",
        "price": "350",
        "price_per_unit": "350",
        "price_unit": "KG"
      },
      {
        "state": "TAS",
        "price": "350",
        "price_per_unit": "350",
        "price_unit": "KG"
      },
      {
        "state": "ACT",
        "price": "350",
        "price_per_unit": "350",
        "price_unit": "KG"
      },
      {
        "state": "NT",
        "price": "350",
        "price_per_unit": "350",
        "price_unit": "KG"
      }
    ]
  },
  {
    "source_url": "https://www.woolworths.com.au/shop/productdetails/55898/il-molino-instant-polenta-corn-meal",
    "name": "Il Molino Instant Polenta Corn Meal 500g",
    "image_url": "https://cdn1.woolworths.media/content/wowproductimages/large/055898.jpg",
    "source_id": "Woolworths - 55898",
    "barcode": "8009550007721",
    "shop": "Woolworths",
    "weight": "1KG",
    "prices": [
      {
        "state": "NSW",
        "price": "370",
        "price_per_unit": "740",
        "price_unit": "KG"
      },
      {
        "state": "VIC",
        "price": "370",
        "price_per_unit": "740",
        "price_unit": "KG"
      },
      {
        "state": "QLD",
        "price": "370",
        "price_per_unit": "740",
        "price_unit": "KG"
      },
      {
        "state": "WA",
        "price": "370",
        "price_per_unit": "740",
        "price_unit": "KG"
      },
      {
        "state": "SA",
        "price": "370",
        "price_per_unit": "740",
        "price_unit": "KG"
      },
      {
        "state": "TAS",
        "price": "370",
        "price_per_unit": "740",
        "price_unit": "KG"
      },
      {
        "state": "ACT",
        "price": "370",
        "price_per_unit": "740",
        "price_unit": "KG"
      },
      {
        "state": "NT",
        "price": "370",
        "price_per_unit": "740",
        "price_unit": "KG"
      }
    ]
  },
  {
    "source_url": "https://www.woolworths.com.au/shop/productdetails/1075734565/jerusalem-matzo-meal-coarse-375g-x-3",
    "name": "Jerusalem Matzo Meal Coarse 375g x 3",
    "image_url": "https://cdn1.woolworths.media/content/wowproductimages/large/1075734565.jpg",
    "source_id": "Woolworths - 1075734565",
    "barcode": null,
    "shop": "Woolworths",
    "weight": "1EA",
    "prices": [
      {
        "state": "NSW",
        "price": "3599",
        "price_per_unit": "1200",
        "price_unit": "EA"
      },
      {
        "state": "VIC",
        "price": "3599",
        "price_per_unit": "1200",
        "price_unit": "EA"
      },
      {
        "state": "QLD",
        "price": "3599",
        "price_per_unit": "1200",
        "price_unit": "EA"
      },
      {
        "state": "WA",
        "price": "3599",
        "price_per_unit": "1200",
        "price_unit": "EA"
      },
      {
        "state": "SA",
        "price": "3599",
        "price_per_unit": "1200",
        "price_unit": "EA"
      },
      {
        "state": "TAS",
        "price": "3599",
        "price_per_unit": "1200",
        "price_unit": "EA"
      },
      {
        "state": "ACT",
        "price": "3599",
        "price_per_unit": "1200",
        "price_unit": "EA"
      },
      {
        "state": "NT",
        "price": "3599",
        "price_per_unit": "1200",
        "price_unit": "EA"
      }
    ]
  },
  {
    "source_url": "https://www.woolworths.com.au/shop/productdetails/1074496793/jerusalem-matzo-meal-fine-375g-x-3",
    "name": "Jerusalem Matzo Meal Fine 375g x 3",
    "image_url": "https://cdn1.woolworths.media/content/wowproductimages/large/1074496793.jpg",
    "source_id": "Woolworths - 1074496793",
    "barcode": null,
    "shop": "Woolworths",
    "weight": "1EA",
    "prices": [
      {
        "state": "NSW",
        "price": "3599",
        "price_per_unit": "1200",
        "price_unit": "EA"
      },
      {
        "state": "VIC",
        "price": "3599",
        "price_per_unit": "1200",
        "price_unit": "EA"
      },
      {
        "state": "QLD",
        "price": "3599",
        "price_per_unit": "1200",
        "price_unit": "EA"
      },
      {
        "state": "WA",
        "price": "3599",
        "price_per_unit": "1200",
        "price_unit": "EA"
      },
      {
        "state": "SA",
        "price": "3599",
        "price_per_unit": "1200",
        "price_unit": "EA"
      },
      {
        "state": "TAS",
        "price": "3599",
        "price_per_unit": "1200",
        "price_unit": "EA"
      },
      {
        "state": "ACT",
        "price": "3599",
        "price_per_unit": "1200",
        "price_unit": "EA"
      },
      {
        "state": "NT",
        "price": "3599",
        "price_per_unit": "1200",
        "price_unit": "EA"
      }
    ]
  },
  {
    "source_url": "https://www.woolworths.com.au/shop/productdetails/1074496762/jerusalem-matzo-meal-super-fine-flour-375g-x-3",
    "name": "Jerusalem Matzo Meal Super Fine Flour 375g x 3",
    "image_url": "https://cdn1.woolworths.media/content/wowproductimages/large/1074496762.jpg",
    "source_id": "Woolworths - 1074496762",
    "barcode": null,
    "shop": "Woolworths",
    "weight": "1EA",
    "prices": [
      {
        "state": "NSW",
        "price": "3599",
        "price_per_unit": "1200",
        "price_unit": "EA"
      },
      {
        "state": "VIC",
        "price": "3599",
        "price_per_unit": "1200",
        "price_unit": "EA"
      },
      {
        "state": "QLD",
        "price": "3599",
        "price_per_unit": "1200",
        "price_unit": "EA"
      },
      {
        "state": "WA",
        "price": "3599",
        "price_per_unit": "1200",
        "price_unit": "EA"
      },
      {
        "state": "SA",
        "price": "3599",
        "price_per_unit": "1200",
        "price_unit": "EA"
      },
      {
        "state": "TAS",
        "price": "3599",
        "price_per_unit": "1200",
        "price_unit": "EA"
      },
      {
        "state": "ACT",
        "price": "3599",
        "price_per_unit": "1200",
        "price_unit": "EA"
      },
      {
        "state": "NT",
        "price": "3599",
        "price_per_unit": "1200",
        "price_unit": "EA"
      }
    ]
  },
  {
    "source_url": "https://www.woolworths.com.au/shop/productdetails/1075345064/kialla-organic-spelt-flour-700g",
    "name": "Kialla Organic Spelt Flour 700g",
    "image_url": "https://cdn1.woolworths.media/content/wowproductimages/large/1075345064.jpg",
    "source_id": "Woolworths - 1075345064",
    "barcode": null,
    "shop": "Woolworths",
    "weight": "100G",
    "prices": [
      {
        "state": "NSW",
        "price": "1199",
        "price_per_unit": "171",
        "price_unit": "G"
      },
      {
        "state": "VIC",
        "price": "1199",
        "price_per_unit": "171",
        "price_unit": "G"
      },
      {
        "state": "QLD",
        "price": "1199",
        "price_per_unit": "171",
        "price_unit": "G"
      },
      {
        "state": "WA",
        "price": "1199",
        "price_per_unit": "171",
        "price_unit": "G"
      },
      {
        "state": "SA",
        "price": "1199",
        "price_per_unit": "171",
        "price_unit": "G"
      },
      {
        "state": "TAS",
        "price": "1199",
        "price_per_unit": "171",
        "price_unit": "G"
      },
      {
        "state": "ACT",
        "price": "1199",
        "price_per_unit": "171",
        "price_unit": "G"
      },
      {
        "state": "ACT",
        "price": "1199",
        "price_per_unit": "171",
        "price_unit": "G"
      },
      {
        "state": "NT",
        "price": "1199",
        "price_per_unit": "171",
        "price_unit": "G"
      }
    ]
  },
  {
    "source_url": "https://www.woolworths.com.au/shop/productdetails/262660/lighthouse-biscuit-pastry-cake-plain-flour",
    "name": "Lighthouse Biscuit Pastry & Cake Plain Flour 1kg",
    "image_url": "https://cdn1.woolworths.media/content/wowproductimages/large/262660.jpg",
    "source_id": "Woolworths - 262660",
    "barcode": "9300609218594",
    "shop": "Woolworths",
    "weight": "1KG",
    "prices": [
      {
        "state": "NSW",
        "price": "300",
        "price_per_unit": "300",
        "price_unit": "KG"
      },
      {
        "state": "VIC",
        "price": "300",
        "price_per_unit": "300",
        "price_unit": "KG"
      },
      {
        "state": "QLD",
        "price": "300",
        "price_per_unit": "300",
        "price_unit": "KG"
      },
      {
        "state": "WA",
        "price": "300",
        "price_per_unit": "300",
        "price_unit": "KG"
      },
      {
        "state": "SA",
        "price": "300",
        "price_per_unit": "300",
        "price_unit": "KG"
      },
      {
        "state": "TAS",
        "price": "300",
        "price_per_unit": "300",
        "price_unit": "KG"
      },
      {
        "state": "ACT",
        "price": "400",
        "price_per_unit": "400",
        "price_unit": "KG"
      },
      {
        "state": "NT",
        "price": "400",
        "price_per_unit": "400",
        "price_unit": "KG"
      }
    ]
  },
  {
    "source_url": "https://www.woolworths.com.au/shop/productdetails/1075346215/lotus-gluten-flour-500g",
    "name": "Lotus Gluten Flour 500g",
    "image_url": "https://cdn1.woolworths.media/content/wowproductimages/large/1075346215.jpg",
    "source_id": "Woolworths - 1075346215",
    "barcode": null,
    "shop": "Woolworths",
    "weight": "100G",
    "prices": [
      {
        "state": "NSW",
        "price": "1000",
        "price_per_unit": "200",
        "price_unit": "G"
      },
      {
        "state": "VIC",
        "price": "1000",
        "price_per_unit": "200",
        "price_unit": "G"
      },
      {
        "state": "QLD",
        "price": "1000",
        "price_per_unit": "200",
        "price_unit": "G"
      },
      {
        "state": "WA",
        "price": "1000",
        "price_per_unit": "200",
        "price_unit": "G"
      },
      {
        "state": "SA",
        "price": "1000",
        "price_per_unit": "200",
        "price_unit": "G"
      },
      {
        "state": "TAS",
        "price": "1000",
        "price_per_unit": "200",
        "price_unit": "G"
      },
      {
        "state": "ACT",
        "price": "1000",
        "price_per_unit": "200",
        "price_unit": "G"
      },
      {
        "state": "NT",
        "price": "1000",
        "price_per_unit": "200",
        "price_unit": "G"
      }
    ]
  },
  {
    "source_url": "https://www.woolworths.com.au/shop/productdetails/1075346205/lotus-green-banana-flour-500g",
    "name": "Lotus Green Banana Flour 500g",
    "image_url": "https://cdn1.woolworths.media/content/wowproductimages/large/1075346205.jpg",
    "source_id": "Woolworths - 1075346205",
    "barcode": null,
    "shop": "Woolworths",
    "weight": "100G",
    "prices": [
      {
        "state": "NSW",
        "price": "1659",
        "price_per_unit": "332",
        "price_unit": "G"
      },
      {
        "state": "VIC",
        "price": "1659",
        "price_per_unit": "332",
        "price_unit": "G"
      },
      {
        "state": "QLD",
        "price": "1659",
        "price_per_unit": "332",
        "price_unit": "G"
      },
      {
        "state": "WA",
        "price": "1659",
        "price_per_unit": "332",
        "price_unit": "G"
      },
      {
        "state": "SA",
        "price": "1659",
        "price_per_unit": "332",
        "price_unit": "G"
      },
      {
        "state": "TAS",
        "price": "1659",
        "price_per_unit": "332",
        "price_unit": "G"
      },
      {
        "state": "ACT",
        "price": "1659",
        "price_per_unit": "332",
        "price_unit": "G"
      },
      {
        "state": "NT",
        "price": "1659",
        "price_per_unit": "332",
        "price_unit": "G"
      }
    ]
  },
  {
    "source_url": "https://www.woolworths.com.au/shop/productdetails/1075534332/lotus-organic-brown-rice-flour-500g",
    "name": "Lotus Organic Brown Rice Flour 500g",
    "image_url": "https://cdn1.woolworths.media/content/wowproductimages/large/1075534332.jpg",
    "source_id": "Woolworths - 1075534332",
    "barcode": null,
    "shop": "Woolworths",
    "weight": "100G",
    "prices": [
      {
        "state": "NSW",
        "price": "909",
        "price_per_unit": "182",
        "price_unit": "G"
      },
      {
        "state": "VIC",
        "price": "909",
        "price_per_unit": "182",
        "price_unit": "G"
      },
      {
        "state": "QLD",
        "price": "909",
        "price_per_unit": "182",
        "price_unit": "G"
      },
      {
        "state": "WA",
        "price": "909",
        "price_per_unit": "182",
        "price_unit": "G"
      },
      {
        "state": "SA",
        "price": "909",
        "price_per_unit": "182",
        "price_unit": "G"
      },
      {
        "state": "TAS",
        "price": "909",
        "price_per_unit": "182",
        "price_unit": "G"
      },
      {
        "state": "ACT",
        "price": "909",
        "price_per_unit": "182",
        "price_unit": "G"
      },
      {
        "state": "NT",
        "price": "909",
        "price_per_unit": "182",
        "price_unit": "G"
      }
    ]
  },
  {
    "source_url": "https://www.woolworths.com.au/shop/productdetails/1075346208/lotus-organic-cassava-flour-660g",
    "name": "Lotus Organic Cassava Flour 660g",
    "image_url": "https://cdn1.woolworths.media/content/wowproductimages/large/1075346208.jpg",
    "source_id": "Woolworths - 1075346208",
    "barcode": null,
    "shop": "Woolworths",
    "weight": "100G",
    "prices": [
      {
        "state": "NSW",
        "price": "1275",
        "price_per_unit": "193",
        "price_unit": "G"
      },
      {
        "state": "VIC",
        "price": "1275",
        "price_per_unit": "193",
        "price_unit": "G"
      },
      {
        "state": "QLD",
        "price": "1275",
        "price_per_unit": "193",
        "price_unit": "G"
      },
      {
        "state": "WA",
        "price": "1275",
        "price_per_unit": "193",
        "price_unit": "G"
      },
      {
        "state": "SA",
        "price": "1275",
        "price_per_unit": "193",
        "price_unit": "G"
      },
      {
        "state": "TAS",
        "price": "1275",
        "price_per_unit": "193",
        "price_unit": "G"
      },
      {
        "state": "ACT",
        "price": "1275",
        "price_per_unit": "193",
        "price_unit": "G"
      },
      {
        "state": "NT",
        "price": "1275",
        "price_per_unit": "193",
        "price_unit": "G"
      }
    ]
  },
  {
    "source_url": "https://www.woolworths.com.au/shop/productdetails/1075345149/lotus-organic-potato-starch-375g",
    "name": "Lotus Organic Potato Starch 375g",
    "image_url": "https://cdn1.woolworths.media/content/wowproductimages/large/1075345149.jpg",
    "source_id": "Woolworths - 1075345149",
    "barcode": null,
    "shop": "Woolworths",
    "weight": "100G",
    "prices": [
      {
        "state": "NSW",
        "price": "1259",
        "price_per_unit": "336",
        "price_unit": "G"
      },
      {
        "state": "VIC",
        "price": "1259",
        "price_per_unit": "336",
        "price_unit": "G"
      },
      {
        "state": "QLD",
        "price": "1259",
        "price_per_unit": "336",
        "price_unit": "G"
      },
      {
        "state": "WA",
        "price": "1259",
        "price_per_unit": "336",
        "price_unit": "G"
      },
      {
        "state": "SA",
        "price": "1259",
        "price_per_unit": "336",
        "price_unit": "G"
      },
      {
        "state": "TAS",
        "price": "1259",
        "price_per_unit": "336",
        "price_unit": "G"
      },
      {
        "state": "ACT",
        "price": "1259",
        "price_per_unit": "336",
        "price_unit": "G"
      },
      {
        "state": "NT",
        "price": "1259",
        "price_per_unit": "336",
        "price_unit": "G"
      }
    ]
  },
  {
    "source_url": "https://www.woolworths.com.au/shop/productdetails/235131/macro-natural-semolina-flour",
    "name": "Macro Natural Semolina Flour 925g",
    "image_url": "https://cdn1.woolworths.media/content/wowproductimages/large/235131.jpg",
    "source_id": "Woolworths - 235131",
    "barcode": "9300633919306",
    "shop": "Woolworths",
    "weight": "1KG",
    "prices": [
      {
        "state": "NSW",
        "price": "565",
        "price_per_unit": "611",
        "price_unit": "KG"
      },
      {
        "state": "VIC",
        "price": "565",
        "price_per_unit": "611",
        "price_unit": "KG"
      },
      {
        "state": "QLD",
        "price": "565",
        "price_per_unit": "611",
        "price_unit": "KG"
      },
      {
        "state": "WA",
        "price": "565",
        "price_per_unit": "611",
        "price_unit": "KG"
      },
      {
        "state": "SA",
        "price": "565",
        "price_per_unit": "611",
        "price_unit": "KG"
      },
      {
        "state": "TAS",
        "price": "565",
        "price_per_unit": "611",
        "price_unit": "KG"
      },
      {
        "state": "ACT",
        "price": "565",
        "price_per_unit": "611",
        "price_unit": "KG"
      },
      {
        "state": "NT",
        "price": "565",
        "price_per_unit": "611",
        "price_unit": "KG"
      }
    ]
  },
  {
    "source_url": "https://www.woolworths.com.au/shop/productdetails/579236/macro-organic-buckwheat-flour",
    "name": "Macro Organic Buckwheat Flour 500g",
    "image_url": "https://cdn1.woolworths.media/content/wowproductimages/large/579236.jpg",
    "source_id": "Woolworths - 579236",
    "barcode": "9300633636500",
    "shop": "Woolworths",
    "weight": "1KG",
    "prices": [
      {
        "state": "NSW",
        "price": "500",
        "price_per_unit": "1000",
        "price_unit": "KG"
      },
      {
        "state": "VIC",
        "price": "500",
        "price_per_unit": "1000",
        "price_unit": "KG"
      },
      {
        "state": "QLD",
        "price": "500",
        "price_per_unit": "1000",
        "price_unit": "KG"
      },
      {
        "state": "WA",
        "price": "500",
        "price_per_unit": "1000",
        "price_unit": "KG"
      },
      {
        "state": "SA",
        "price": "500",
        "price_per_unit": "1000",
        "price_unit": "KG"
      },
      {
        "state": "TAS",
        "price": "500",
        "price_per_unit": "1000",
        "price_unit": "KG"
      },
      {
        "state": "ACT",
        "price": "500",
        "price_per_unit": "1000",
        "price_unit": "KG"
      },
      {
        "state": "NT",
        "price": "500",
        "price_per_unit": "1000",
        "price_unit": "KG"
      }
    ]
  },
  {
    "source_url": "https://www.woolworths.com.au/shop/productdetails/335400/macro-organic-flour-white-spelt",
    "name": "Macro Organic Flour White Spelt 750g",
    "image_url": "https://cdn1.woolworths.media/content/wowproductimages/large/335400.jpg",
    "source_id": "Woolworths - 335400",
    "barcode": "9339687202386",
    "shop": "Woolworths",
    "weight": "1KG",
    "prices": [
      {
        "state": "NSW",
        "price": "750",
        "price_per_unit": "1000",
        "price_unit": "KG"
      },
      {
        "state": "VIC",
        "price": "750",
        "price_per_unit": "1000",
        "price_unit": "KG"
      },
      {
        "state": "QLD",
        "price": "750",
        "price_per_unit": "1000",
        "price_unit": "KG"
      },
      {
        "state": "WA",
        "price": "750",
        "price_per_unit": "1000",
        "price_unit": "KG"
      },
      {
        "state": "SA",
        "price": "750",
        "price_per_unit": "1000",
        "price_unit": "KG"
      },
      {
        "state": "TAS",
        "price": "750",
        "price_per_unit": "1000",
        "price_unit": "KG"
      },
      {
        "state": "ACT",
        "price": "750",
        "price_per_unit": "1000",
        "price_unit": "KG"
      },
      {
        "state": "NT",
        "price": "750",
        "price_per_unit": "1000",
        "price_unit": "KG"
      }
    ]
  },
  {
    "source_url": "https://www.woolworths.com.au/shop/productdetails/215462/macro-organic-plain-flour",
    "name": "Macro Organic Plain Flour 1kg",
    "image_url": "https://cdn1.woolworths.media/content/wowproductimages/large/215462.jpg",
    "source_id": "Woolworths - 215462",
    "barcode": "9300633903374",
    "shop": "Woolworths",
    "weight": "1KG",
    "prices": [
      {
        "state": "NSW",
        "price": "450",
        "price_per_unit": "450",
        "price_unit": "KG"
      },
      {
        "state": "VIC",
        "price": "450",
        "price_per_unit": "450",
        "price_unit": "KG"
      },
      {
        "state": "QLD",
        "price": "450",
        "price_per_unit": "450",
        "price_unit": "KG"
      },
      {
        "state": "WA",
        "price": "450",
        "price_per_unit": "450",
        "price_unit": "KG"
      },
      {
        "state": "SA",
        "price": "450",
        "price_per_unit": "450",
        "price_unit": "KG"
      },
      {
        "state": "TAS",
        "price": "450",
        "price_per_unit": "450",
        "price_unit": "KG"
      },
      {
        "state": "ACT",
        "price": "450",
        "price_per_unit": "450",
        "price_unit": "KG"
      },
      {
        "state": "NT",
        "price": "450",
        "price_per_unit": "450",
        "price_unit": "KG"
      }
    ]
  },
  {
    "source_url": "https://www.woolworths.com.au/shop/productdetails/215464/macro-organic-self-raising-flour",
    "name": "Macro Organic Self Raising Flour 1kg",
    "image_url": "https://cdn1.woolworths.media/content/wowproductimages/large/215464.jpg",
    "source_id": "Woolworths - 215464",
    "barcode": "9300633903381",
    "shop": "Woolworths",
    "weight": "1KG",
    "prices": [
      {
        "state": "NSW",
        "price": "450",
        "price_per_unit": "450",
        "price_unit": "KG"
      },
      {
        "state": "VIC",
        "price": "450",
        "price_per_unit": "450",
        "price_unit": "KG"
      },
      {
        "state": "QLD",
        "price": "450",
        "price_per_unit": "450",
        "price_unit": "KG"
      },
      {
        "state": "WA",
        "price": "450",
        "price_per_unit": "450",
        "price_unit": "KG"
      },
      {
        "state": "SA",
        "price": "450",
        "price_per_unit": "450",
        "price_unit": "KG"
      },
      {
        "state": "TAS",
        "price": "450",
        "price_per_unit": "450",
        "price_unit": "KG"
      },
      {
        "state": "ACT",
        "price": "450",
        "price_per_unit": "450",
        "price_unit": "KG"
      },
      {
        "state": "NT",
        "price": "450",
        "price_per_unit": "450",
        "price_unit": "KG"
      }
    ]
  },
  {
    "source_url": "https://www.woolworths.com.au/shop/productdetails/142421/mckenzie-s-almond-flour",
    "name": "McKenzie's Almond Flour 300g",
    "image_url": "https://cdn1.woolworths.media/content/wowproductimages/large/142421.jpg",
    "source_id": "Woolworths - 142421",
    "barcode": "9310061125781",
    "shop": "Woolworths",
    "weight": "1KG",
    "prices": [
      {
        "state": "NSW",
        "price": "1000",
        "price_per_unit": "3333",
        "price_unit": "KG"
      },
      {
        "state": "VIC",
        "price": "1000",
        "price_per_unit": "3333",
        "price_unit": "KG"
      },
      {
        "state": "QLD",
        "price": "1000",
        "price_per_unit": "3333",
        "price_unit": "KG"
      },
      {
        "state": "WA",
        "price": "1000",
        "price_per_unit": "3333",
        "price_unit": "KG"
      },
      {
        "state": "SA",
        "price": "1000",
        "price_per_unit": "3333",
        "price_unit": "KG"
      },
      {
        "state": "TAS",
        "price": "800",
        "price_per_unit": "2667",
        "price_unit": "KG"
      },
      {
        "state": "ACT",
        "price": "800",
        "price_per_unit": "2667",
        "price_unit": "KG"
      },
      {
        "state": "NT",
        "price": "800",
        "price_per_unit": "2667",
        "price_unit": "KG"
      }
    ]
  },
  {
    "source_url": "https://www.woolworths.com.au/shop/productdetails/226010/mckenzie-s-arrowroot-tapioca-flour",
    "name": "McKenzie's Arrowroot Tapioca Flour 175g",
    "image_url": "https://cdn1.woolworths.media/content/wowproductimages/large/226010.jpg",
    "source_id": "Woolworths - 226010",
    "barcode": "9310061002020",
    "shop": "Woolworths",
    "weight": "1KG",
    "prices": [
      {
        "state": "NSW",
        "price": "190",
        "price_per_unit": "1086",
        "price_unit": "KG"
      },
      {
        "state": "VIC",
        "price": "190",
        "price_per_unit": "1086",
        "price_unit": "KG"
      },
      {
        "state": "QLD",
        "price": "190",
        "price_per_unit": "1086",
        "price_unit": "KG"
      },
      {
        "state": "WA",
        "price": "190",
        "price_per_unit": "1086",
        "price_unit": "KG"
      },
      {
        "state": "SA",
        "price": "190",
        "price_per_unit": "1086",
        "price_unit": "KG"
      },
      {
        "state": "TAS",
        "price": "165",
        "price_per_unit": "943",
        "price_unit": "KG"
      },
      {
        "state": "ACT",
        "price": "190",
        "price_per_unit": "1086",
        "price_unit": "KG"
      },
      {
        "state": "NT",
        "price": "190",
        "price_per_unit": "1086",
        "price_unit": "KG"
      }
    ]
  },
  {
    "source_url": "https://www.woolworths.com.au/shop/productdetails/788462/mckenzie-s-coconut-flour",
    "name": "McKenzie's Coconut Flour 330g",
    "image_url": "https://cdn1.woolworths.media/content/wowproductimages/large/788462.jpg",
    "source_id": "Woolworths - 788462",
    "barcode": "9310061125712",
    "shop": "Woolworths",
    "weight": "1KG",
    "prices": [
      {
        "state": "NSW",
        "price": "400",
        "price_per_unit": "1212",
        "price_unit": "KG"
      },
      {
        "state": "VIC",
        "price": "400",
        "price_per_unit": "1212",
        "price_unit": "KG"
      },
      {
        "state": "QLD",
        "price": "400",
        "price_per_unit": "1212",
        "price_unit": "KG"
      },
      {
        "state": "WA",
        "price": "400",
        "price_per_unit": "1212",
        "price_unit": "KG"
      },
      {
        "state": "SA",
        "price": "400",
        "price_per_unit": "1212",
        "price_unit": "KG"
      },
      {
        "state": "TAS",
        "price": "280",
        "price_per_unit": "848",
        "price_unit": "KG"
      },
      {
        "state": "ACT",
        "price": "280",
        "price_per_unit": "848",
        "price_unit": "KG"
      },
      {
        "state": "NT",
        "price": "280",
        "price_per_unit": "848",
        "price_unit": "KG"
      }
    ]
  },
  {
    "source_url": "https://www.woolworths.com.au/shop/productdetails/94275/mckenzie-s-rice-flour",
    "name": "McKenzie's Rice Flour 375g",
    "image_url": "https://cdn1.woolworths.media/content/wowproductimages/large/094275.jpg",
    "source_id": "Woolworths - 94275",
    "barcode": "9310061142207",
    "shop": "Woolworths",
    "weight": "1KG",
    "prices": [
      {
        "state": "NSW",
        "price": "170",
        "price_per_unit": "453",
        "price_unit": "KG"
      },
      {
        "state": "VIC",
        "price": "170",
        "price_per_unit": "453",
        "price_unit": "KG"
      },
      {
        "state": "QLD",
        "price": "170",
        "price_per_unit": "453",
        "price_unit": "KG"
      },
      {
        "state": "WA",
        "price": "170",
        "price_per_unit": "453",
        "price_unit": "KG"
      },
      {
        "state": "SA",
        "price": "170",
        "price_per_unit": "453",
        "price_unit": "KG"
      },
      {
        "state": "TAS",
        "price": "170",
        "price_per_unit": "453",
        "price_unit": "KG"
      },
      {
        "state": "ACT",
        "price": "170",
        "price_per_unit": "453",
        "price_unit": "KG"
      },
      {
        "state": "NT",
        "price": "170",
        "price_per_unit": "453",
        "price_unit": "KG"
      }
    ]
  },
  {
    "source_url": "https://www.woolworths.com.au/shop/productdetails/1075345908/pbco-premium-australian-almond-flour-800g",
    "name": "Pbco. Premium Australian Almond Flour 800g",
    "image_url": "https://cdn1.woolworths.media/content/wowproductimages/large/1075345908.jpg",
    "source_id": "Woolworths - 1075345908",
    "barcode": null,
    "shop": "Woolworths",
    "weight": "100G",
    "prices": [
      {
        "state": "NSW",
        "price": "2695",
        "price_per_unit": "337",
        "price_unit": "G"
      },
      {
        "state": "VIC",
        "price": "2695",
        "price_per_unit": "337",
        "price_unit": "G"
      },
      {
        "state": "QLD",
        "price": "2695",
        "price_per_unit": "337",
        "price_unit": "G"
      },
      {
        "state": "WA",
        "price": "2695",
        "price_per_unit": "337",
        "price_unit": "G"
      },
      {
        "state": "SA",
        "price": "2695",
        "price_per_unit": "337",
        "price_unit": "G"
      },
      {
        "state": "TAS",
        "price": "2695",
        "price_per_unit": "337",
        "price_unit": "G"
      },
      {
        "state": "ACT",
        "price": "2695",
        "price_per_unit": "337",
        "price_unit": "G"
      },
      {
        "state": "NT",
        "price": "2695",
        "price_per_unit": "337",
        "price_unit": "G"
      }
    ]
  },
  {
    "source_url": "https://www.woolworths.com.au/shop/productdetails/1075345907/pbco-premium-australian-almond-meal-800g",
    "name": "Pbco. Premium Australian Almond Meal 800g",
    "image_url": "https://cdn1.woolworths.media/content/wowproductimages/large/1075345907.jpg",
    "source_id": "Woolworths - 1075345907",
    "barcode": null,
    "shop": "Woolworths",
    "weight": "100G",
    "prices": [
      {
        "state": "NSW",
        "price": "2495",
        "price_per_unit": "312",
        "price_unit": "G"
      },
      {
        "state": "VIC",
        "price": "2495",
        "price_per_unit": "312",
        "price_unit": "G"
      },
      {
        "state": "QLD",
        "price": "2495",
        "price_per_unit": "312",
        "price_unit": "G"
      },
      {
        "state": "WA",
        "price": "2495",
        "price_per_unit": "312",
        "price_unit": "G"
      },
      {
        "state": "SA",
        "price": "2495",
        "price_per_unit": "312",
        "price_unit": "G"
      },
      {
        "state": "TAS",
        "price": "2495",
        "price_per_unit": "312",
        "price_unit": "G"
      },
      {
        "state": "ACT",
        "price": "2495",
        "price_per_unit": "312",
        "price_unit": "G"
      },
      {
        "state": "NT",
        "price": "2495",
        "price_per_unit": "312",
        "price_unit": "G"
      }
    ]
  },
  {
    "source_url": "https://www.woolworths.com.au/shop/productdetails/33064/white-wings-plain-flour",
    "name": "White Wings Plain Flour 1kg",
    "image_url": "https://cdn1.woolworths.media/content/wowproductimages/large/033064.jpg",
    "source_id": "Woolworths - 33064",
    "barcode": "9300676510454",
    "shop": "Woolworths",
    "weight": "1KG",
    "prices": [
      {
        "state": "NSW",
        "price": "340",
        "price_per_unit": "340",
        "price_unit": "KG"
      },
      {
        "state": "VIC",
        "price": "340",
        "price_per_unit": "340",
        "price_unit": "KG"
      },
      {
        "state": "QLD",
        "price": "340",
        "price_per_unit": "340",
        "price_unit": "KG"
      },
      {
        "state": "WA",
        "price": "340",
        "price_per_unit": "340",
        "price_unit": "KG"
      },
      {
        "state": "TAS",
        "price": "250",
        "price_per_unit": "250",
        "price_unit": "KG"
      },
      {
        "state": "ACT",
        "price": "250",
        "price_per_unit": "250",
        "price_unit": "KG"
      },
      {
        "state": "NT",
        "price": "250",
        "price_per_unit": "250",
        "price_unit": "KG"
      }
    ]
  },
  {
    "source_url": "https://www.woolworths.com.au/shop/productdetails/33078/white-wings-self-raising-flour",
    "name": "White Wings Self Raising Flour 1kg",
    "image_url": "https://cdn1.woolworths.media/content/wowproductimages/large/033078.jpg",
    "source_id": "Woolworths - 33078",
    "barcode": "9300676510102",
    "shop": "Woolworths",
    "weight": "1KG",
    "prices": [
      {
        "state": "NSW",
        "price": "340",
        "price_per_unit": "340",
        "price_unit": "KG"
      },
      {
        "state": "VIC",
        "price": "340",
        "price_per_unit": "340",
        "price_unit": "KG"
      },
      {
        "state": "QLD",
        "price": "340",
        "price_per_unit": "340",
        "price_unit": "KG"
      },
      {
        "state": "WA",
        "price": "340",
        "price_per_unit": "340",
        "price_unit": "KG"
      },
      {
        "state": "TAS",
        "price": "250",
        "price_per_unit": "250",
        "price_unit": "KG"
      },
      {
        "state": "ACT",
        "price": "250",
        "price_per_unit": "250",
        "price_unit": "KG"
      },
      {
        "state": "NT",
        "price": "250",
        "price_per_unit": "250",
        "price_unit": "KG"
      }
    ]
  },
  {
    "source_url": "https://www.woolworths.com.au/shop/productdetails/913233/care-pantry-plain-flour",
    "name": "Care Pantry Plain Flour 1kg",
    "image_url": "https://cdn1.woolworths.media/content/wowproductimages/large/913233.jpg",
    "source_id": "Woolworths - 913233",
    "barcode": "9310146400093",
    "shop": "Woolworths",
    "weight": "1KG",
    "prices": [
      {
        "state": "VIC",
        "price": "200",
        "price_per_unit": "200",
        "price_unit": "KG"
      },
      {
        "state": "QLD",
        "price": "200",
        "price_per_unit": "200",
        "price_unit": "KG"
      },
      {
        "state": "WA",
        "price": "200",
        "price_per_unit": "200",
        "price_unit": "KG"
      },
      {
        "state": "SA",
        "price": "200",
        "price_per_unit": "200",
        "price_unit": "KG"
      },
      {
        "state": "TAS",
        "price": "250",
        "price_per_unit": "250",
        "price_unit": "KG"
      },
      {
        "state": "ACT",
        "price": "250",
        "price_per_unit": "250",
        "price_unit": "KG"
      },
      {
        "state": "NT",
        "price": "250",
        "price_per_unit": "250",
        "price_unit": "KG"
      }
    ]
  },
  {
    "source_url": "https://www.woolworths.com.au/shop/productdetails/911578/care-pantry-self-raising-flour",
    "name": "Care Pantry Self Raising Flour 1kg",
    "image_url": "https://cdn1.woolworths.media/content/wowproductimages/large/911578.jpg",
    "source_id": "Woolworths - 911578",
    "barcode": "9310146400109",
    "shop": "Woolworths",
    "weight": "1KG",
    "prices": [
      {
        "state": "VIC",
        "price": "200",
        "price_per_unit": "200",
        "price_unit": "KG"
      },
      {
        "state": "QLD",
        "price": "200",
        "price_per_unit": "200",
        "price_unit": "KG"
      },
      {
        "state": "WA",
        "price": "200",
        "price_per_unit": "200",
        "price_unit": "KG"
      },
      {
        "state": "SA",
        "price": "200",
        "price_per_unit": "200",
        "price_unit": "KG"
      },
      {
        "state": "TAS",
        "price": "250",
        "price_per_unit": "250",
        "price_unit": "KG"
      },
      {
        "state": "ACT",
        "price": "250",
        "price_per_unit": "250",
        "price_unit": "KG"
      },
      {
        "state": "NT",
        "price": "250",
        "price_per_unit": "250",
        "price_unit": "KG"
      }
    ]
  },
  {
    "source_url": "https://www.woolworths.com.au/shop/productdetails/15646/il-molino-durum-wheat-fine-semolina-pasta-flour",
    "name": "Il Molino Durum Wheat Fine Semolina Pasta Flour 1kg",
    "image_url": "https://cdn1.woolworths.media/content/wowproductimages/large/015646.jpg",
    "source_id": "Woolworths - 15646",
    "barcode": "8009550007592",
    "shop": "Woolworths",
    "weight": "1KG",
    "prices": [
      {
        "state": "VIC",
        "price": "350",
        "price_per_unit": "350",
        "price_unit": "KG"
      },
      {
        "state": "QLD",
        "price": "350",
        "price_per_unit": "350",
        "price_unit": "KG"
      },
      {
        "state": "WA",
        "price": "350",
        "price_per_unit": "350",
        "price_unit": "KG"
      },
      {
        "state": "TAS",
        "price": "350",
        "price_per_unit": "350",
        "price_unit": "KG"
      },
      {
        "state": "ACT",
        "price": "350",
        "price_per_unit": "350",
        "price_unit": "KG"
      },
      {
        "state": "NT",
        "price": "350",
        "price_per_unit": "350",
        "price_unit": "KG"
      }
    ]
  },
  {
    "source_url": "https://www.woolworths.com.au/shop/productdetails/15616/il-molino-pizza-flour",
    "name": "Il Molino Pizza Flour 1kg",
    "image_url": "https://cdn1.woolworths.media/content/wowproductimages/large/015616.jpg",
    "source_id": "Woolworths - 15616",
    "barcode": "8009550007608",
    "shop": "Woolworths",
    "weight": "1KG",
    "prices": [
      {
        "state": "VIC",
        "price": "350",
        "price_per_unit": "350",
        "price_unit": "KG"
      },
      {
        "state": "QLD",
        "price": "350",
        "price_per_unit": "350",
        "price_unit": "KG"
      },
      {
        "state": "WA",
        "price": "350",
        "price_per_unit": "350",
        "price_unit": "KG"
      },
      {
        "state": "SA",
        "price": "350",
        "price_per_unit": "350",
        "price_unit": "KG"
      },
      {
        "state": "TAS",
        "price": "350",
        "price_per_unit": "350",
        "price_unit": "KG"
      },
      {
        "state": "ACT",
        "price": "350",
        "price_per_unit": "350",
        "price_unit": "KG"
      },
      {
        "state": "NT",
        "price": "350",
        "price_per_unit": "350",
        "price_unit": "KG"
      }
    ]
  },
  {
    "source_url": "https://www.woolworths.com.au/shop/productdetails/55897/il-molino-polenta-bramata-traditional",
    "name": "Il Molino Polenta Bramata Traditional 500g",
    "image_url": "https://cdn1.woolworths.media/content/wowproductimages/large/055897.jpg",
    "source_id": "Woolworths - 55897",
    "barcode": "8009550007622",
    "shop": "Woolworths",
    "weight": "1KG",
    "prices": [
      {
        "state": "VIC",
        "price": "330",
        "price_per_unit": "660",
        "price_unit": "KG"
      },
      {
        "state": "QLD",
        "price": "330",
        "price_per_unit": "660",
        "price_unit": "KG"
      },
      {
        "state": "WA",
        "price": "330",
        "price_per_unit": "660",
        "price_unit": "KG"
      },
      {
        "state": "SA",
        "price": "330",
        "price_per_unit": "660",
        "price_unit": "KG"
      },
      {
        "state": "TAS",
        "price": "330",
        "price_per_unit": "660",
        "price_unit": "KG"
      },
      {
        "state": "ACT",
        "price": "330",
        "price_per_unit": "660",
        "price_unit": "KG"
      },
      {
        "state": "NT",
        "price": "330",
        "price_per_unit": "660",
        "price_unit": "KG"
      }
    ]
  },
  {
    "source_url": "https://www.woolworths.com.au/shop/productdetails/143380/laucke-sprouted-whole-wheat-flour-blend",
    "name": "Laucke Sprouted Whole Wheat Flour Blend 1kg",
    "image_url": "https://cdn1.woolworths.media/content/wowproductimages/large/143380.jpg",
    "source_id": "Woolworths - 143380",
    "barcode": "9321885004770",
    "shop": "Woolworths",
    "weight": "1KG",
    "prices": [
      {
        "state": "VIC",
        "price": "500",
        "price_per_unit": "500",
        "price_unit": "KG"
      },
      {
        "state": "QLD",
        "price": "500",
        "price_per_unit": "500",
        "price_unit": "KG"
      },
      {
        "state": "WA",
        "price": "500",
        "price_per_unit": "500",
        "price_unit": "KG"
      },
      {
        "state": "SA",
        "price": "500",
        "price_per_unit": "500",
        "price_unit": "KG"
      },
      {
        "state": "TAS",
        "price": "500",
        "price_per_unit": "500",
        "price_unit": "KG"
      },
      {
        "state": "ACT",
        "price": "500",
        "price_per_unit": "500",
        "price_unit": "KG"
      },
      {
        "state": "NT",
        "price": "500",
        "price_per_unit": "500",
        "price_unit": "KG"
      }
    ]
  },
  {
    "source_url": "https://www.woolworths.com.au/shop/productdetails/262665/lighthouse-bread-and-pizza-plain-flour",
    "name": "Lighthouse Bread And Pizza Plain Flour 1kg",
    "image_url": "https://cdn1.woolworths.media/content/wowproductimages/large/262665.jpg",
    "source_id": "Woolworths - 262665",
    "barcode": "9300609218624",
    "shop": "Woolworths",
    "weight": "1KG",
    "prices": [
      {
        "state": "VIC",
        "price": "300",
        "price_per_unit": "300",
        "price_unit": "KG"
      },
      {
        "state": "QLD",
        "price": "300",
        "price_per_unit": "300",
        "price_unit": "KG"
      },
      {
        "state": "WA",
        "price": "300",
        "price_per_unit": "300",
        "price_unit": "KG"
      },
      {
        "state": "SA",
        "price": "300",
        "price_per_unit": "300",
        "price_unit": "KG"
      },
      {
        "state": "TAS",
        "price": "300",
        "price_per_unit": "300",
        "price_unit": "KG"
      },
      {
        "state": "ACT",
        "price": "400",
        "price_per_unit": "400",
        "price_unit": "KG"
      },
      {
        "state": "NT",
        "price": "400",
        "price_per_unit": "400",
        "price_unit": "KG"
      }
    ]
  },
  {
    "source_url": "https://www.woolworths.com.au/shop/productdetails/262664/lighthouse-plain-flour-for-pasta-tipo-00-",
    "name": "Lighthouse Plain Flour For Pasta Tipo \"00\" 1kg",
    "image_url": "https://cdn1.woolworths.media/content/wowproductimages/large/262664.jpg",
    "source_id": "Woolworths - 262664",
    "barcode": "9300609218617",
    "shop": "Woolworths",
    "weight": "1KG",
    "prices": [
      {
        "state": "VIC",
        "price": "300",
        "price_per_unit": "300",
        "price_unit": "KG"
      },
      {
        "state": "QLD",
        "price": "300",
        "price_per_unit": "300",
        "price_unit": "KG"
      },
      {
        "state": "WA",
        "price": "300",
        "price_per_unit": "300",
        "price_unit": "KG"
      },
      {
        "state": "SA",
        "price": "300",
        "price_per_unit": "300",
        "price_unit": "KG"
      },
      {
        "state": "TAS",
        "price": "300",
        "price_per_unit": "300",
        "price_unit": "KG"
      },
      {
        "state": "NT",
        "price": "400",
        "price_per_unit": "400",
        "price_unit": "KG"
      }
    ]
  },
  {
    "source_url": "https://www.woolworths.com.au/shop/productdetails/762578/lighthouse-sponge-cake-steamed-bun-self-raising-flour",
    "name": "Lighthouse Sponge Cake & Steamed Bun Self Raising Flour 1kg",
    "image_url": "https://cdn1.woolworths.media/content/wowproductimages/large/762578.jpg",
    "source_id": "Woolworths - 762578",
    "barcode": "9300609227671",
    "shop": "Woolworths",
    "weight": "1KG",
    "prices": [
      {
        "state": "VIC",
        "price": "300",
        "price_per_unit": "300",
        "price_unit": "KG"
      },
      {
        "state": "QLD",
        "price": "300",
        "price_per_unit": "300",
        "price_unit": "KG"
      },
      {
        "state": "WA",
        "price": "300",
        "price_per_unit": "300",
        "price_unit": "KG"
      },
      {
        "state": "SA",
        "price": "300",
        "price_per_unit": "300",
        "price_unit": "KG"
      },
      {
        "state": "ACT",
        "price": "400",
        "price_per_unit": "400",
        "price_unit": "KG"
      },
      {
        "state": "NT",
        "price": "400",
        "price_per_unit": "400",
        "price_unit": "KG"
      }
    ]
  },
  {
    "source_url": "https://www.woolworths.com.au/shop/productdetails/228555/lion-plain-flour",
    "name": "Lion Plain Flour 1kg",
    "image_url": "https://cdn1.woolworths.media/content/wowproductimages/large/228555.jpg",
    "source_id": "Woolworths - 228555",
    "barcode": "9300609080023",
    "shop": "Woolworths",
    "weight": "1KG",
    "prices": [
      {
        "state": "VIC",
        "price": "290",
        "price_per_unit": "290",
        "price_unit": "KG"
      },
      {
        "state": "QLD",
        "price": "290",
        "price_per_unit": "290",
        "price_unit": "KG"
      },
      {
        "state": "WA",
        "price": "290",
        "price_per_unit": "290",
        "price_unit": "KG"
      },
      {
        "state": "SA",
        "price": "290",
        "price_per_unit": "290",
        "price_unit": "KG"
      },
      {
        "state": "TAS",
        "price": "290",
        "price_per_unit": "290",
        "price_unit": "KG"
      },
      {
        "state": "ACT",
        "price": "290",
        "price_per_unit": "290",
        "price_unit": "KG"
      },
      {
        "state": "NT",
        "price": "290",
        "price_per_unit": "290",
        "price_unit": "KG"
      }
    ]
  },
  {
    "source_url": "https://www.woolworths.com.au/shop/productdetails/228554/lion-self-raising-flour",
    "name": "Lion Self Raising Flour 1kg",
    "image_url": "https://cdn1.woolworths.media/content/wowproductimages/large/228554.jpg",
    "source_id": "Woolworths - 228554",
    "barcode": "9300609080320",
    "shop": "Woolworths",
    "weight": "1KG",
    "prices": [
      {
        "state": "VIC",
        "price": "290",
        "price_per_unit": "290",
        "price_unit": "KG"
      },
      {
        "state": "QLD",
        "price": "290",
        "price_per_unit": "290",
        "price_unit": "KG"
      },
      {
        "state": "WA",
        "price": "290",
        "price_per_unit": "290",
        "price_unit": "KG"
      },
      {
        "state": "SA",
        "price": "290",
        "price_per_unit": "290",
        "price_unit": "KG"
      },
      {
        "state": "TAS",
        "price": "290",
        "price_per_unit": "290",
        "price_unit": "KG"
      },
      {
        "state": "ACT",
        "price": "290",
        "price_per_unit": "290",
        "price_unit": "KG"
      },
      {
        "state": "NT",
        "price": "290",
        "price_per_unit": "290",
        "price_unit": "KG"
      }
    ]
  },
  {
    "source_url": "https://www.woolworths.com.au/shop/productdetails/674629/lo-fo-pantry-low-fodmap-plain-flour",
    "name": "Lo-Fo Pantry Low Fodmap Plain Flour 1kg",
    "image_url": "https://cdn1.woolworths.media/content/wowproductimages/large/674629.jpg",
    "source_id": "Woolworths - 674629",
    "barcode": "9310071112597",
    "shop": "Woolworths",
    "weight": "1KG",
    "prices": [
      {
        "state": "VIC",
        "price": "500",
        "price_per_unit": "500",
        "price_unit": "KG"
      },
      {
        "state": "QLD",
        "price": "500",
        "price_per_unit": "500",
        "price_unit": "KG"
      },
      {
        "state": "WA",
        "price": "500",
        "price_per_unit": "500",
        "price_unit": "KG"
      },
      {
        "state": "SA",
        "price": "500",
        "price_per_unit": "500",
        "price_unit": "KG"
      },
      {
        "state": "TAS",
        "price": "500",
        "price_per_unit": "500",
        "price_unit": "KG"
      },
      {
        "state": "ACT",
        "price": "500",
        "price_per_unit": "500",
        "price_unit": "KG"
      },
      {
        "state": "NT",
        "price": "500",
        "price_per_unit": "500",
        "price_unit": "KG"
      }
    ]
  },
  {
    "source_url": "https://www.woolworths.com.au/shop/productdetails/698064/macro-organic-coconut-flour",
    "name": "Macro Organic Coconut Flour 400g",
    "image_url": "https://cdn1.woolworths.media/content/wowproductimages/large/698064.jpg",
    "source_id": "Woolworths - 698064",
    "barcode": "9339687056873",
    "shop": "Woolworths",
    "weight": "100G",
    "prices": [
      {
        "state": "VIC",
        "price": "400",
        "price_per_unit": "100",
        "price_unit": "G"
      },
      {
        "state": "QLD",
        "price": "400",
        "price_per_unit": "100",
        "price_unit": "G"
      },
      {
        "state": "WA",
        "price": "400",
        "price_per_unit": "100",
        "price_unit": "G"
      },
      {
        "state": "SA",
        "price": "400",
        "price_per_unit": "100",
        "price_unit": "G"
      },
      {
        "state": "TAS",
        "price": "400",
        "price_per_unit": "100",
        "price_unit": "G"
      },
      {
        "state": "ACT",
        "price": "400",
        "price_per_unit": "100",
        "price_unit": "G"
      },
      {
        "state": "NT",
        "price": "400",
        "price_per_unit": "100",
        "price_unit": "G"
      }
    ]
  },
  {
    "source_url": "https://www.woolworths.com.au/shop/productdetails/335402/macro-organic-flour-wholemeal-spelt",
    "name": "Macro Organic Flour Wholemeal Spelt 750g",
    "image_url": "https://cdn1.woolworths.media/content/wowproductimages/large/335402.jpg",
    "source_id": "Woolworths - 335402",
    "barcode": "9339687202393",
    "shop": "Woolworths",
    "weight": "1KG",
    "prices": [
      {
        "state": "VIC",
        "price": "750",
        "price_per_unit": "1000",
        "price_unit": "KG"
      },
      {
        "state": "QLD",
        "price": "750",
        "price_per_unit": "1000",
        "price_unit": "KG"
      },
      {
        "state": "WA",
        "price": "750",
        "price_per_unit": "1000",
        "price_unit": "KG"
      },
      {
        "state": "SA",
        "price": "750",
        "price_per_unit": "1000",
        "price_unit": "KG"
      },
      {
        "state": "TAS",
        "price": "750",
        "price_per_unit": "1000",
        "price_unit": "KG"
      },
      {
        "state": "ACT",
        "price": "750",
        "price_per_unit": "1000",
        "price_unit": "KG"
      },
      {
        "state": "NT",
        "price": "750",
        "price_per_unit": "1000",
        "price_unit": "KG"
      }
    ]
  },
  {
    "source_url": "https://www.woolworths.com.au/shop/productdetails/820201/mckenzie-s-buckwheat-flour",
    "name": "McKenzie's Buckwheat Flour 300g",
    "image_url": "https://cdn1.woolworths.media/content/wowproductimages/large/820201.jpg",
    "source_id": "Woolworths - 820201",
    "barcode": "9310061125743",
    "shop": "Woolworths",
    "weight": "1KG",
    "prices": [
      {
        "state": "VIC",
        "price": "400",
        "price_per_unit": "1333",
        "price_unit": "KG"
      },
      {
        "state": "QLD",
        "price": "400",
        "price_per_unit": "1333",
        "price_unit": "KG"
      },
      {
        "state": "WA",
        "price": "400",
        "price_per_unit": "1333",
        "price_unit": "KG"
      },
      {
        "state": "SA",
        "price": "400",
        "price_per_unit": "1333",
        "price_unit": "KG"
      },
      {
        "state": "TAS",
        "price": "280",
        "price_per_unit": "933",
        "price_unit": "KG"
      },
      {
        "state": "ACT",
        "price": "280",
        "price_per_unit": "933",
        "price_unit": "KG"
      },
      {
        "state": "NT",
        "price": "280",
        "price_per_unit": "933",
        "price_unit": "KG"
      }
    ]
  },
  {
    "source_url": "https://www.woolworths.com.au/shop/productdetails/897407/mckenzie-s-chickpea-flour",
    "name": "McKenzie's Chickpea Flour 330g",
    "image_url": "https://cdn1.woolworths.media/content/wowproductimages/large/897407.jpg",
    "source_id": "Woolworths - 897407",
    "barcode": "9310061125705",
    "shop": "Woolworths",
    "weight": "1KG",
    "prices": [
      {
        "state": "VIC",
        "price": "400",
        "price_per_unit": "1212",
        "price_unit": "KG"
      },
      {
        "state": "QLD",
        "price": "400",
        "price_per_unit": "1212",
        "price_unit": "KG"
      },
      {
        "state": "WA",
        "price": "400",
        "price_per_unit": "1212",
        "price_unit": "KG"
      },
      {
        "state": "SA",
        "price": "400",
        "price_per_unit": "1212",
        "price_unit": "KG"
      },
      {
        "state": "TAS",
        "price": "280",
        "price_per_unit": "848",
        "price_unit": "KG"
      },
      {
        "state": "ACT",
        "price": "280",
        "price_per_unit": "848",
        "price_unit": "KG"
      },
      {
        "state": "NT",
        "price": "280",
        "price_per_unit": "848",
        "price_unit": "KG"
      }
    ]
  },
  {
    "source_url": "https://www.woolworths.com.au/shop/productdetails/820039/mckenzie-s-oat-flour",
    "name": "McKenzie's Oat Flour 250g",
    "image_url": "https://cdn1.woolworths.media/content/wowproductimages/large/820039.jpg",
    "source_id": "Woolworths - 820039",
    "barcode": "9310061125767",
    "shop": "Woolworths",
    "weight": "1KG",
    "prices": [
      {
        "state": "VIC",
        "price": "400",
        "price_per_unit": "1600",
        "price_unit": "KG"
      },
      {
        "state": "QLD",
        "price": "400",
        "price_per_unit": "1600",
        "price_unit": "KG"
      },
      {
        "state": "WA",
        "price": "400",
        "price_per_unit": "1600",
        "price_unit": "KG"
      },
      {
        "state": "SA",
        "price": "400",
        "price_per_unit": "1600",
        "price_unit": "KG"
      },
      {
        "state": "TAS",
        "price": "280",
        "price_per_unit": "1120",
        "price_unit": "KG"
      },
      {
        "state": "ACT",
        "price": "280",
        "price_per_unit": "1120",
        "price_unit": "KG"
      },
      {
        "state": "NT",
        "price": "280",
        "price_per_unit": "1120",
        "price_unit": "KG"
      }
    ]
  },
  {
    "source_url": "https://www.woolworths.com.au/shop/productdetails/820129/mckenzie-s-tapioca-flour",
    "name": "McKenzie's Tapioca Flour 300g",
    "image_url": "https://cdn1.woolworths.media/content/wowproductimages/large/820129.jpg",
    "source_id": "Woolworths - 820129",
    "barcode": "9310061125736",
    "shop": "Woolworths",
    "weight": "1KG",
    "prices": [
      {
        "state": "VIC",
        "price": "400",
        "price_per_unit": "1333",
        "price_unit": "KG"
      },
      {
        "state": "QLD",
        "price": "400",
        "price_per_unit": "1333",
        "price_unit": "KG"
      },
      {
        "state": "WA",
        "price": "400",
        "price_per_unit": "1333",
        "price_unit": "KG"
      },
      {
        "state": "SA",
        "price": "400",
        "price_per_unit": "1333",
        "price_unit": "KG"
      },
      {
        "state": "TAS",
        "price": "280",
        "price_per_unit": "933",
        "price_unit": "KG"
      },
      {
        "state": "ACT",
        "price": "280",
        "price_per_unit": "933",
        "price_unit": "KG"
      },
      {
        "state": "NT",
        "price": "280",
        "price_per_unit": "933",
        "price_unit": "KG"
      }
    ]
  },
  {
    "source_url": "https://www.woolworths.com.au/shop/productdetails/230949/the-healthy-baker-plain-flour-easy-store",
    "name": "The Healthy Baker Plain Flour Easy Store 1kg",
    "image_url": "https://cdn1.woolworths.media/content/wowproductimages/large/230949.jpg",
    "source_id": "Woolworths - 230949",
    "barcode": "9310071111828",
    "shop": "Woolworths",
    "weight": "1KG",
    "prices": [
      {
        "state": "VIC",
        "price": "275",
        "price_per_unit": "275",
        "price_unit": "KG"
      },
      {
        "state": "QLD",
        "price": "275",
        "price_per_unit": "275",
        "price_unit": "KG"
      },
      {
        "state": "WA",
        "price": "275",
        "price_per_unit": "275",
        "price_unit": "KG"
      },
      {
        "state": "SA",
        "price": "275",
        "price_per_unit": "275",
        "price_unit": "KG"
      },
      {
        "state": "TAS",
        "price": "275",
        "price_per_unit": "275",
        "price_unit": "KG"
      },
      {
        "state": "NT",
        "price": "330",
        "price_per_unit": "330",
        "price_unit": "KG"
      }
    ]
  },
  {
    "source_url": "https://www.woolworths.com.au/shop/productdetails/230952/the-healthy-baker-self-raising-flour-easy-store",
    "name": "The Healthy Baker Self Raising Flour Easy Store 1kg",
    "image_url": "https://cdn1.woolworths.media/content/wowproductimages/large/230952.jpg",
    "source_id": "Woolworths - 230952",
    "barcode": "9310071111811",
    "shop": "Woolworths",
    "weight": "1KG",
    "prices": [
      {
        "state": "VIC",
        "price": "275",
        "price_per_unit": "275",
        "price_unit": "KG"
      },
      {
        "state": "QLD",
        "price": "275",
        "price_per_unit": "275",
        "price_unit": "KG"
      },
      {
        "state": "WA",
        "price": "275",
        "price_per_unit": "275",
        "price_unit": "KG"
      },
      {
        "state": "SA",
        "price": "275",
        "price_per_unit": "275",
        "price_unit": "KG"
      },
      {
        "state": "TAS",
        "price": "275",
        "price_per_unit": "275",
        "price_unit": "KG"
      },
      {
        "state": "NT",
        "price": "330",
        "price_per_unit": "330",
        "price_unit": "KG"
      }
    ]
  },
  {
    "source_url": "https://www.woolworths.com.au/shop/productdetails/142314/vetta-smart-protein-plain-flour",
    "name": "Vetta Smart Protein Plain Flour 1kg",
    "image_url": "https://cdn1.woolworths.media/content/wowproductimages/large/142314.jpg",
    "source_id": "Woolworths - 142314",
    "barcode": "9350585000041",
    "shop": "Woolworths",
    "weight": "1KG",
    "prices": [
      {
        "state": "VIC",
        "price": "450",
        "price_per_unit": "450",
        "price_unit": "KG"
      },
      {
        "state": "QLD",
        "price": "450",
        "price_per_unit": "450",
        "price_unit": "KG"
      },
      {
        "state": "WA",
        "price": "450",
        "price_per_unit": "450",
        "price_unit": "KG"
      },
      {
        "state": "TAS",
        "price": "450",
        "price_per_unit": "450",
        "price_unit": "KG"
      },
      {
        "state": "ACT",
        "price": "450",
        "price_per_unit": "450",
        "price_unit": "KG"
      }
    ]
  },
  {
    "source_url": "https://www.woolworths.com.au/shop/productdetails/203179/wallaby-plain-all-purpose-flour",
    "name": "Wallaby Plain All Purpose Flour 1kg",
    "image_url": "https://cdn1.woolworths.media/content/wowproductimages/large/203179.jpg",
    "source_id": "Woolworths - 203179",
    "barcode": "9321885004565",
    "shop": "Woolworths",
    "weight": "1KG",
    "prices": [
      {
        "state": "VIC",
        "price": "400",
        "price_per_unit": "400",
        "price_unit": "KG"
      },
      {
        "state": "QLD",
        "price": "400",
        "price_per_unit": "400",
        "price_unit": "KG"
      },
      {
        "state": "WA",
        "price": "400",
        "price_per_unit": "400",
        "price_unit": "KG"
      },
      {
        "state": "TAS",
        "price": "250",
        "price_per_unit": "250",
        "price_unit": "KG"
      },
      {
        "state": "ACT",
        "price": "250",
        "price_per_unit": "250",
        "price_unit": "KG"
      },
      {
        "state": "NT",
        "price": "250",
        "price_per_unit": "250",
        "price_unit": "KG"
      }
    ]
  },
  {
    "source_url": "https://www.woolworths.com.au/shop/productdetails/203920/wallaby-self-raising-all-purpose-flour",
    "name": "Wallaby Self Raising All Purpose Flour 1kg",
    "image_url": "https://cdn1.woolworths.media/content/wowproductimages/large/203920.jpg",
    "source_id": "Woolworths - 203920",
    "barcode": "9321885004572",
    "shop": "Woolworths",
    "weight": "1KG",
    "prices": [
      {
        "state": "VIC",
        "price": "400",
        "price_per_unit": "400",
        "price_unit": "KG"
      },
      {
        "state": "QLD",
        "price": "400",
        "price_per_unit": "400",
        "price_unit": "KG"
      },
      {
        "state": "WA",
        "price": "400",
        "price_per_unit": "400",
        "price_unit": "KG"
      },
      {
        "state": "TAS",
        "price": "250",
        "price_per_unit": "250",
        "price_unit": "KG"
      },
      {
        "state": "ACT",
        "price": "250",
        "price_per_unit": "250",
        "price_unit": "KG"
      },
      {
        "state": "NT",
        "price": "250",
        "price_per_unit": "250",
        "price_unit": "KG"
      }
    ]
  },
  {
    "source_url": "https://www.woolworths.com.au/shop/productdetails/39900/white-wings-plain-flour",
    "name": "White Wings Plain Flour 2kg",
    "image_url": "https://cdn1.woolworths.media/content/wowproductimages/large/039900.jpg",
    "source_id": "Woolworths - 39900",
    "barcode": "9300676510539",
    "shop": "Woolworths",
    "weight": "1KG",
    "prices": [
      {
        "state": "VIC",
        "price": "495",
        "price_per_unit": "248",
        "price_unit": "KG"
      },
      {
        "state": "QLD",
        "price": "495",
        "price_per_unit": "248",
        "price_unit": "KG"
      },
      {
        "state": "WA",
        "price": "495",
        "price_per_unit": "248",
        "price_unit": "KG"
      },
      {
        "state": "TAS",
        "price": "495",
        "price_per_unit": "248",
        "price_unit": "KG"
      },
      {
        "state": "ACT",
        "price": "495",
        "price_per_unit": "248",
        "price_unit": "KG"
      },
      {
        "state": "NT",
        "price": "495",
        "price_per_unit": "248",
        "price_unit": "KG"
      }
    ]
  },
  {
    "source_url": "https://www.woolworths.com.au/shop/productdetails/33079/white-wings-self-raising-flour",
    "name": "White Wings Self Raising Flour 2kg",
    "image_url": "https://cdn1.woolworths.media/content/wowproductimages/large/033079.jpg",
    "source_id": "Woolworths - 33079",
    "barcode": "9300676510294",
    "shop": "Woolworths",
    "weight": "1KG",
    "prices": [
      {
        "state": "VIC",
        "price": "495",
        "price_per_unit": "248",
        "price_unit": "KG"
      },
      {
        "state": "QLD",
        "price": "495",
        "price_per_unit": "248",
        "price_unit": "KG"
      },
      {
        "state": "WA",
        "price": "495",
        "price_per_unit": "248",
        "price_unit": "KG"
      },
      {
        "state": "TAS",
        "price": "495",
        "price_per_unit": "248",
        "price_unit": "KG"
      },
      {
        "state": "ACT",
        "price": "495",
        "price_per_unit": "248",
        "price_unit": "KG"
      },
      {
        "state": "NT",
        "price": "495",
        "price_per_unit": "248",
        "price_unit": "KG"
      }
    ]
  },
  {
    "source_url": "https://www.woolworths.com.au/shop/productdetails/184895/woolworths-almond-flour",
    "name": "Woolworths Almond Flour 400g",
    "image_url": "https://cdn1.woolworths.media/content/wowproductimages/large/184895.jpg",
    "source_id": "Woolworths - 184895",
    "barcode": "9339687277728",
    "shop": "Woolworths",
    "weight": "1KG",
    "prices": [
      {
        "state": "VIC",
        "price": "950",
        "price_per_unit": "2375",
        "price_unit": "KG"
      },
      {
        "state": "QLD",
        "price": "950",
        "price_per_unit": "2375",
        "price_unit": "KG"
      },
      {
        "state": "WA",
        "price": "950",
        "price_per_unit": "2375",
        "price_unit": "KG"
      },
      {
        "state": "TAS",
        "price": "950",
        "price_per_unit": "2375",
        "price_unit": "KG"
      },
      {
        "state": "ACT",
        "price": "950",
        "price_per_unit": "2375",
        "price_unit": "KG"
      },
      {
        "state": "NT",
        "price": "950",
        "price_per_unit": "2375",
        "price_unit": "KG"
      }
    ]
  },
  {
    "source_url": "https://www.woolworths.com.au/shop/productdetails/726281/woolworths-almond-meal",
    "name": "Woolworths Almond Meal 150g",
    "image_url": "https://cdn1.woolworths.media/content/wowproductimages/large/726281.jpg",
    "source_id": "Woolworths - 726281",
    "barcode": "9300633308179",
    "shop": "Woolworths",
    "weight": "1KG",
    "prices": [
      {
        "state": "VIC",
        "price": "400",
        "price_per_unit": "2667",
        "price_unit": "KG"
      },
      {
        "state": "QLD",
        "price": "400",
        "price_per_unit": "2667",
        "price_unit": "KG"
      },
      {
        "state": "WA",
        "price": "400",
        "price_per_unit": "2667",
        "price_unit": "KG"
      },
      {
        "state": "TAS",
        "price": "400",
        "price_per_unit": "2667",
        "price_unit": "KG"
      },
      {
        "state": "ACT",
        "price": "400",
        "price_per_unit": "2667",
        "price_unit": "KG"
      },
      {
        "state": "NT",
        "price": "400",
        "price_per_unit": "2667",
        "price_unit": "KG"
      }
    ]
  },
  {
    "source_url": "https://www.woolworths.com.au/shop/productdetails/762579/lion-plain-flour",
    "name": "Lion Plain Flour 2kg",
    "image_url": "https://cdn1.woolworths.media/content/wowproductimages/large/762579.jpg",
    "source_id": "Woolworths - 762579",
    "barcode": "9300609222126",
    "shop": "Woolworths",
    "weight": "1KG",
    "prices": [
      {
        "state": "SA",
        "price": "500",
        "price_per_unit": "250",
        "price_unit": "KG"
      }
    ]
  },
  {
    "source_url": "https://www.woolworths.com.au/shop/productdetails/762616/lion-self-raising-flour",
    "name": "Lion Self Raising Flour 2kg",
    "image_url": "https://cdn1.woolworths.media/content/wowproductimages/large/762616.jpg",
    "source_id": "Woolworths - 762616",
    "barcode": "9300609222133",
    "shop": "Woolworths",
    "weight": "1KG",
    "prices": [
      {
        "state": "SA",
        "price": "500",
        "price_per_unit": "250",
        "price_unit": "KG"
      }
    ]
  },
  {
    "source_url": "https://www.woolworths.com.au/shop/productdetails/39127/nurses-cornflour",
    "name": "Nurses Cornflour 500g",
    "image_url": "https://cdn1.woolworths.media/content/wowproductimages/large/039127.jpg",
    "source_id": "Woolworths - 39127",
    "barcode": "9331333000018",
    "shop": "Woolworths",
    "weight": "1KG",
    "prices": [
      {
        "state": "SA",
        "price": "355",
        "price_per_unit": "710",
        "price_unit": "KG"
      }
    ]
  },
  {
    "source_url": "https://www.woolworths.com.au/shop/productdetails/128420/four-roses-plain-flour",
    "name": "Four Roses Plain Flour 2kg",
    "image_url": "https://cdn1.woolworths.media/content/wowproductimages/large/128420.jpg",
    "source_id": "Woolworths - 128420",
    "barcode": "9300674000148",
    "shop": "Woolworths",
    "weight": "1KG",
    "prices": [
      {
        "state": "TAS",
        "price": "300",
        "price_per_unit": "150",
        "price_unit": "KG"
      }
    ]
  },
  {
    "source_url": "https://www.woolworths.com.au/shop/productdetails/177577/four-roses-self-raising-flour",
    "name": "Four Roses Self Raising Flour 2kg",
    "image_url": "https://cdn1.woolworths.media/content/wowproductimages/large/177577.jpg",
    "source_id": "Woolworths - 177577",
    "barcode": "9300674000094",
    "shop": "Woolworths",
    "weight": "1KG",
    "prices": [
      {
        "state": "TAS",
        "price": "300",
        "price_per_unit": "150",
        "price_unit": "KG"
      }
    ]
  },
  {
    "source_url": "https://www.woolworths.com.au/shop/productdetails/181365/four-roses-self-raising-flour",
    "name": "Four Roses Self Raising Flour 5kg",
    "image_url": "https://cdn1.woolworths.media/content/wowproductimages/large/181365.jpg",
    "source_id": "Woolworths - 181365",
    "barcode": "9300674000063",
    "shop": "Woolworths",
    "weight": "1KG",
    "prices": []
  }
]