[
  {
    "source_url": "https://www.woolworths.com.au/shop/productdetails/36721/aeroplane-jelly-lite-raspberry-flavour-low-calorie-jelly-crystals",
    "name": "Aeroplane Jelly Lite Raspberry Flavour Low Calorie Jelly Crystals 2x9g",
    "image_url": "https://cdn1.woolworths.media/content/wowproductimages/large/036721.jpg",
    "source_id": "Woolworths - 36721",
    "barcode": "9300619571214",
    "shop": "Woolworths",
    "weight": "100G",
    "prices": [
      {
        "state": "NSW",
        "price": "250",
        "price_per_unit": "1389",
        "price_unit": "G"
      },
      {
        "state": "VIC",
        "price": "250",
        "price_per_unit": "1389",
        "price_unit": "G"
      },
      {
        "state": "QLD",
        "price": "250",
        "price_per_unit": "1389",
        "price_unit": "G"
      },
      {
        "state": "WA",
        "price": "250",
        "price_per_unit": "1389",
        "price_unit": "G"
      },
      {
        "state": "SA",
        "price": "250",
        "price_per_unit": "1389",
        "price_unit": "G"
      },
      {
        "state": "TAS",
        "price": "250",
        "price_per_unit": "1389",
        "price_unit": "G"
      },
      {
        "state": "ACT",
        "price": "250",
        "price_per_unit": "1389",
        "price_unit": "G"
      },
      {
        "state": "NT",
        "price": "250",
        "price_per_unit": "1389",
        "price_unit": "G"
      }
    ]
  },
  {
    "source_url": "https://www.woolworths.com.au/shop/productdetails/6092/aeroplane-original-lime-flavoured-jelly",
    "name": "Aeroplane Original Lime Flavoured Jelly 85g",
    "image_url": "https://cdn1.woolworths.media/content/wowproductimages/large/006092.jpg",
    "source_id": "Woolworths - 6092",
    "barcode": "9300619501037",
    "shop": "Woolworths",
    "weight": "100G",
    "prices": [
      {
        "state": "NSW",
        "price": "150",
        "price_per_unit": "176",
        "price_unit": "G"
      },
      {
        "state": "VIC",
        "price": "150",
        "price_per_unit": "176",
        "price_unit": "G"
      },
      {
        "state": "QLD",
        "price": "150",
        "price_per_unit": "176",
        "price_unit": "G"
      },
      {
        "state": "WA",
        "price": "150",
        "price_per_unit": "176",
        "price_unit": "G"
      },
      {
        "state": "SA",
        "price": "150",
        "price_per_unit": "176",
        "price_unit": "G"
      },
      {
        "state": "TAS",
        "price": "150",
        "price_per_unit": "176",
        "price_unit": "G"
      },
      {
        "state": "ACT",
        "price": "150",
        "price_per_unit": "176",
        "price_unit": "G"
      },
      {
        "state": "NT",
        "price": "150",
        "price_per_unit": "176",
        "price_unit": "G"
      }
    ]
  },
  {
    "source_url": "https://www.woolworths.com.au/shop/productdetails/6082/aeroplane-original-port-wine-flavoured-jelly",
    "name": "Aeroplane Original Port Wine Flavoured Jelly 85g",
    "image_url": "https://cdn1.woolworths.media/content/wowproductimages/large/006082.jpg",
    "source_id": "Woolworths - 6082",
    "barcode": "9300619501099",
    "shop": "Woolworths",
    "weight": "100G",
    "prices": [
      {
        "state": "NSW",
        "price": "150",
        "price_per_unit": "176",
        "price_unit": "G"
      },
      {
        "state": "VIC",
        "price": "150",
        "price_per_unit": "176",
        "price_unit": "G"
      },
      {
        "state": "QLD",
        "price": "150",
        "price_per_unit": "176",
        "price_unit": "G"
      },
      {
        "state": "WA",
        "price": "150",
        "price_per_unit": "176",
        "price_unit": "G"
      },
      {
        "state": "SA",
        "price": "150",
        "price_per_unit": "176",
        "price_unit": "G"
      },
      {
        "state": "TAS",
        "price": "150",
        "price_per_unit": "176",
        "price_unit": "G"
      },
      {
        "state": "ACT",
        "price": "150",
        "price_per_unit": "176",
        "price_unit": "G"
      },
      {
        "state": "NT",
        "price": "150",
        "price_per_unit": "176",
        "price_unit": "G"
      }
    ]
  },
  {
    "source_url": "https://www.woolworths.com.au/shop/productdetails/6094/aeroplane-original-raspberry-flavoured-jelly",
    "name": "Aeroplane Original Raspberry Flavoured Jelly 85g",
    "image_url": "https://cdn1.woolworths.media/content/wowproductimages/large/006094.jpg",
    "source_id": "Woolworths - 6094",
    "barcode": "9300619501105",
    "shop": "Woolworths",
    "weight": "100G",
    "prices": [
      {
        "state": "NSW",
        "price": "150",
        "price_per_unit": "176",
        "price_unit": "G"
      },
      {
        "state": "VIC",
        "price": "150",
        "price_per_unit": "176",
        "price_unit": "G"
      },
      {
        "state": "QLD",
        "price": "150",
        "price_per_unit": "176",
        "price_unit": "G"
      },
      {
        "state": "WA",
        "price": "150",
        "price_per_unit": "176",
        "price_unit": "G"
      },
      {
        "state": "SA",
        "price": "150",
        "price_per_unit": "176",
        "price_unit": "G"
      },
      {
        "state": "TAS",
        "price": "150",
        "price_per_unit": "176",
        "price_unit": "G"
      },
      {
        "state": "ACT",
        "price": "150",
        "price_per_unit": "176",
        "price_unit": "G"
      },
      {
        "state": "NT",
        "price": "150",
        "price_per_unit": "176",
        "price_unit": "G"
      }
    ]
  },
  {
    "source_url": "https://www.woolworths.com.au/shop/productdetails/6089/aeroplane-original-strawberry-flavoured-jelly",
    "name": "Aeroplane Original Strawberry Flavoured Jelly 85g",
    "image_url": "https://cdn1.woolworths.media/content/wowproductimages/large/006089.jpg",
    "source_id": "Woolworths - 6089",
    "barcode": "9300619370312",
    "shop": "Woolworths",
    "weight": "100G",
    "prices": [
      {
        "state": "NSW",
        "price": "150",
        "price_per_unit": "176",
        "price_unit": "G"
      },
      {
        "state": "VIC",
        "price": "150",
        "price_per_unit": "176",
        "price_unit": "G"
      },
      {
        "state": "QLD",
        "price": "150",
        "price_per_unit": "176",
        "price_unit": "G"
      },
      {
        "state": "WA",
        "price": "150",
        "price_per_unit": "176",
        "price_unit": "G"
      },
      {
        "state": "SA",
        "price": "150",
        "price_per_unit": "176",
        "price_unit": "G"
      },
      {
        "state": "TAS",
        "price": "150",
        "price_per_unit": "176",
        "price_unit": "G"
      },
      {
        "state": "ACT",
        "price": "150",
        "price_per_unit": "176",
        "price_unit": "G"
      },
      {
        "state": "NT",
        "price": "150",
        "price_per_unit": "176",
        "price_unit": "G"
      }
    ]
  },
  {
    "source_url": "https://www.woolworths.com.au/shop/productdetails/1074496728/liebers-raspberry-jelly-85g-x-4",
    "name": "Liebers Raspberry Jelly 85g x 4",
    "image_url": "https://cdn1.woolworths.media/content/wowproductimages/large/1074496728.jpg",
    "source_id": "Woolworths - 1074496728",
    "barcode": null,
    "shop": "Woolworths",
    "weight": "1EA",
    "prices": [
      {
        "state": "NSW",
        "price": "2520",
        "price_per_unit": "630",
        "price_unit": "EA"
      },
      {
        "state": "VIC",
        "price": "2520",
        "price_per_unit": "630",
        "price_unit": "EA"
      },
      {
        "state": "QLD",
        "price": "2520",
        "price_per_unit": "630",
        "price_unit": "EA"
      },
      {
        "state": "WA",
        "price": "2520",
        "price_per_unit": "630",
        "price_unit": "EA"
      },
      {
        "state": "SA",
        "price": "2520",
        "price_per_unit": "630",
        "price_unit": "EA"
      },
      {
        "state": "TAS",
        "price": "2520",
        "price_per_unit": "630",
        "price_unit": "EA"
      },
      {
        "state": "ACT",
        "price": "2520",
        "price_per_unit": "630",
        "price_unit": "EA"
      },
      {
        "state": "NT",
        "price": "2520",
        "price_per_unit": "630",
        "price_unit": "EA"
      }
    ]
  },
  {
    "source_url": "https://www.woolworths.com.au/shop/productdetails/680047/woolworths-raspberry-jelly",
    "name": "Woolworths Raspberry Jelly 4 Pack",
    "image_url": "https://cdn1.woolworths.media/content/wowproductimages/large/680047.jpg",
    "source_id": "Woolworths - 680047",
    "barcode": "9339687035038",
    "shop": "Woolworths",
    "weight": "1KG",
    "prices": [
      {
        "state": "NSW",
        "price": "210",
        "price_per_unit": "438",
        "price_unit": "KG"
      },
      {
        "state": "VIC",
        "price": "210",
        "price_per_unit": "438",
        "price_unit": "KG"
      },
      {
        "state": "TAS",
        "price": "210",
        "price_per_unit": "438",
        "price_unit": "KG"
      },
      {
        "state": "NT",
        "price": "210",
        "price_per_unit": "438",
        "price_unit": "KG"
      }
    ]
  },
  {
    "source_url": "https://www.woolworths.com.au/shop/productdetails/241109/aeroplane-jelly-lite-blueberry-flavour-low-calorie-jelly-crystals",
    "name": "Aeroplane Jelly Lite Blueberry Flavour Low Calorie Jelly Crystals 2x9g",
    "image_url": "https://cdn1.woolworths.media/content/wowproductimages/large/241109.jpg",
    "source_id": "Woolworths - 241109",
    "barcode": "9300619572464",
    "shop": "Woolworths",
    "weight": "100G",
    "prices": [
      {
        "state": "VIC",
        "price": "250",
        "price_per_unit": "1389",
        "price_unit": "G"
      },
      {
        "state": "QLD",
        "price": "250",
        "price_per_unit": "1389",
        "price_unit": "G"
      },
      {
        "state": "WA",
        "price": "250",
        "price_per_unit": "1389",
        "price_unit": "G"
      },
      {
        "state": "SA",
        "price": "250",
        "price_per_unit": "1389",
        "price_unit": "G"
      },
      {
        "state": "TAS",
        "price": "250",
        "price_per_unit": "1389",
        "price_unit": "G"
      },
      {
        "state": "ACT",
        "price": "250",
        "price_per_unit": "1389",
        "price_unit": "G"
      },
      {
        "state": "NT",
        "price": "250",
        "price_per_unit": "1389",
        "price_unit": "G"
      }
    ]
  },
  {
    "source_url": "https://www.woolworths.com.au/shop/productdetails/5669/aeroplane-jelly-lite-lime-flavour-low-calorie-jelly-crystals",
    "name": "Aeroplane Jelly Lite Lime Flavour Low Calorie Jelly Crystals 2x9g",
    "image_url": "https://cdn1.woolworths.media/content/wowproductimages/large/005669.jpg",
    "source_id": "Woolworths - 5669",
    "barcode": "9300619571221",
    "shop": "Woolworths",
    "weight": "100G",
    "prices": [
      {
        "state": "VIC",
        "price": "250",
        "price_per_unit": "1389",
        "price_unit": "G"
      },
      {
        "state": "QLD",
        "price": "250",
        "price_per_unit": "1389",
        "price_unit": "G"
      },
      {
        "state": "WA",
        "price": "250",
        "price_per_unit": "1389",
        "price_unit": "G"
      },
      {
        "state": "SA",
        "price": "250",
        "price_per_unit": "1389",
        "price_unit": "G"
      },
      {
        "state": "TAS",
        "price": "250",
        "price_per_unit": "1389",
        "price_unit": "G"
      },
      {
        "state": "ACT",
        "price": "250",
        "price_per_unit": "1389",
        "price_unit": "G"
      },
      {
        "state": "NT",
        "price": "250",
        "price_per_unit": "1389",
        "price_unit": "G"
      }
    ]
  },
  {
    "source_url": "https://www.woolworths.com.au/shop/productdetails/348802/aeroplane-jelly-lite-mango-passionfruit-low-calorie-jelly-crystals",
    "name": "Aeroplane Jelly Lite Mango Passionfruit Low Calorie Jelly Crystals 2x9g",
    "image_url": "https://cdn1.woolworths.media/content/wowproductimages/large/348802.jpg",
    "source_id": "Woolworths - 348802",
    "barcode": "9300619571689",
    "shop": "Woolworths",
    "weight": "100G",
    "prices": [
      {
        "state": "VIC",
        "price": "250",
        "price_per_unit": "1389",
        "price_unit": "G"
      },
      {
        "state": "QLD",
        "price": "250",
        "price_per_unit": "1389",
        "price_unit": "G"
      },
      {
        "state": "WA",
        "price": "250",
        "price_per_unit": "1389",
        "price_unit": "G"
      },
      {
        "state": "SA",
        "price": "250",
        "price_per_unit": "1389",
        "price_unit": "G"
      },
      {
        "state": "TAS",
        "price": "250",
        "price_per_unit": "1389",
        "price_unit": "G"
      },
      {
        "state": "ACT",
        "price": "250",
        "price_per_unit": "1389",
        "price_unit": "G"
      },
      {
        "state": "NT",
        "price": "250",
        "price_per_unit": "1389",
        "price_unit": "G"
      }
    ]
  },
  {
    "source_url": "https://www.woolworths.com.au/shop/productdetails/5678/aeroplane-jelly-lite-orange-mango",
    "name": "Aeroplane Jelly Lite Orange Mango 2x9g",
    "image_url": "https://cdn1.woolworths.media/content/wowproductimages/large/005678.jpg",
    "source_id": "Woolworths - 5678",
    "barcode": "9300619571573",
    "shop": "Woolworths",
    "weight": "100G",
    "prices": [
      {
        "state": "VIC",
        "price": "250",
        "price_per_unit": "1389",
        "price_unit": "G"
      },
      {
        "state": "QLD",
        "price": "250",
        "price_per_unit": "1389",
        "price_unit": "G"
      },
      {
        "state": "WA",
        "price": "250",
        "price_per_unit": "1389",
        "price_unit": "G"
      },
      {
        "state": "SA",
        "price": "250",
        "price_per_unit": "1389",
        "price_unit": "G"
      },
      {
        "state": "TAS",
        "price": "250",
        "price_per_unit": "1389",
        "price_unit": "G"
      },
      {
        "state": "ACT",
        "price": "250",
        "price_per_unit": "1389",
        "price_unit": "G"
      },
      {
        "state": "NT",
        "price": "250",
        "price_per_unit": "1389",
        "price_unit": "G"
      }
    ]
  },
  {
    "source_url": "https://www.woolworths.com.au/shop/productdetails/105926/aeroplane-jelly-lite-port-wine-flavour-low-calorie-jelly-crystals",
    "name": "Aeroplane Jelly Lite Port Wine Flavour Low Calorie Jelly Crystals 2x9g",
    "image_url": "https://cdn1.woolworths.media/content/wowproductimages/large/105926.jpg",
    "source_id": "Woolworths - 105926",
    "barcode": "9300619110055",
    "shop": "Woolworths",
    "weight": "100G",
    "prices": [
      {
        "state": "VIC",
        "price": "250",
        "price_per_unit": "1389",
        "price_unit": "G"
      },
      {
        "state": "QLD",
        "price": "250",
        "price_per_unit": "1389",
        "price_unit": "G"
      },
      {
        "state": "WA",
        "price": "250",
        "price_per_unit": "1389",
        "price_unit": "G"
      },
      {
        "state": "SA",
        "price": "250",
        "price_per_unit": "1389",
        "price_unit": "G"
      },
      {
        "state": "TAS",
        "price": "250",
        "price_per_unit": "1389",
        "price_unit": "G"
      },
      {
        "state": "ACT",
        "price": "250",
        "price_per_unit": "1389",
        "price_unit": "G"
      },
      {
        "state": "NT",
        "price": "250",
        "price_per_unit": "1389",
        "price_unit": "G"
      }
    ]
  },
  {
    "source_url": "https://www.woolworths.com.au/shop/productdetails/5665/aeroplane-jelly-lite-strawberry-flavour-low-calorie-jelly-crystals",
    "name": "Aeroplane Jelly Lite Strawberry Flavour Low Calorie Jelly Crystals 2x9g",
    "image_url": "https://cdn1.woolworths.media/content/wowproductimages/large/005665.jpg",
    "source_id": "Woolworths - 5665",
    "barcode": "9300619571207",
    "shop": "Woolworths",
    "weight": "100G",
    "prices": [
      {
        "state": "VIC",
        "price": "250",
        "price_per_unit": "1389",
        "price_unit": "G"
      },
      {
        "state": "QLD",
        "price": "250",
        "price_per_unit": "1389",
        "price_unit": "G"
      },
      {
        "state": "WA",
        "price": "250",
        "price_per_unit": "1389",
        "price_unit": "G"
      },
      {
        "state": "SA",
        "price": "250",
        "price_per_unit": "1389",
        "price_unit": "G"
      },
      {
        "state": "TAS",
        "price": "250",
        "price_per_unit": "1389",
        "price_unit": "G"
      },
      {
        "state": "ACT",
        "price": "250",
        "price_per_unit": "1389",
        "price_unit": "G"
      },
      {
        "state": "NT",
        "price": "250",
        "price_per_unit": "1389",
        "price_unit": "G"
      }
    ]
  },
  {
    "source_url": "https://www.woolworths.com.au/shop/productdetails/6086/aeroplane-original-berry-blue-flavoured-jelly",
    "name": "Aeroplane Original Berry Blue Flavoured Jelly 85g",
    "image_url": "https://cdn1.woolworths.media/content/wowproductimages/large/006086.jpg",
    "source_id": "Woolworths - 6086",
    "barcode": "9300619501013",
    "shop": "Woolworths",
    "weight": "100G",
    "prices": [
      {
        "state": "VIC",
        "price": "150",
        "price_per_unit": "176",
        "price_unit": "G"
      },
      {
        "state": "QLD",
        "price": "150",
        "price_per_unit": "176",
        "price_unit": "G"
      },
      {
        "state": "WA",
        "price": "150",
        "price_per_unit": "176",
        "price_unit": "G"
      },
      {
        "state": "SA",
        "price": "150",
        "price_per_unit": "176",
        "price_unit": "G"
      },
      {
        "state": "TAS",
        "price": "150",
        "price_per_unit": "176",
        "price_unit": "G"
      },
      {
        "state": "ACT",
        "price": "150",
        "price_per_unit": "176",
        "price_unit": "G"
      },
      {
        "state": "NT",
        "price": "150",
        "price_per_unit": "176",
        "price_unit": "G"
      }
    ]
  },
  {
    "source_url": "https://www.woolworths.com.au/shop/productdetails/310378/aeroplane-original-lemon-flavoured-jelly",
    "name": "Aeroplane Original Lemon Flavoured Jelly 85g",
    "image_url": "https://cdn1.woolworths.media/content/wowproductimages/large/310378.jpg",
    "source_id": "Woolworths - 310378",
    "barcode": "9300619501051",
    "shop": "Woolworths",
    "weight": "100G",
    "prices": [
      {
        "state": "VIC",
        "price": "150",
        "price_per_unit": "176",
        "price_unit": "G"
      },
      {
        "state": "QLD",
        "price": "150",
        "price_per_unit": "176",
        "price_unit": "G"
      },
      {
        "state": "WA",
        "price": "150",
        "price_per_unit": "176",
        "price_unit": "G"
      },
      {
        "state": "SA",
        "price": "150",
        "price_per_unit": "176",
        "price_unit": "G"
      },
      {
        "state": "TAS",
        "price": "150",
        "price_per_unit": "176",
        "price_unit": "G"
      },
      {
        "state": "ACT",
        "price": "150",
        "price_per_unit": "176",
        "price_unit": "G"
      },
      {
        "state": "NT",
        "price": "150",
        "price_per_unit": "176",
        "price_unit": "G"
      }
    ]
  },
  {
    "source_url": "https://www.woolworths.com.au/shop/productdetails/59407/aeroplane-original-mango-flavoured-jelly",
    "name": "Aeroplane Original Mango Flavoured Jelly 85g",
    "image_url": "https://cdn1.woolworths.media/content/wowproductimages/large/059407.jpg",
    "source_id": "Woolworths - 59407",
    "barcode": "9300619501068",
    "shop": "Woolworths",
    "weight": "100G",
    "prices": [
      {
        "state": "VIC",
        "price": "150",
        "price_per_unit": "176",
        "price_unit": "G"
      },
      {
        "state": "QLD",
        "price": "150",
        "price_per_unit": "176",
        "price_unit": "G"
      },
      {
        "state": "WA",
        "price": "150",
        "price_per_unit": "176",
        "price_unit": "G"
      },
      {
        "state": "SA",
        "price": "150",
        "price_per_unit": "176",
        "price_unit": "G"
      },
      {
        "state": "TAS",
        "price": "150",
        "price_per_unit": "176",
        "price_unit": "G"
      },
      {
        "state": "ACT",
        "price": "150",
        "price_per_unit": "176",
        "price_unit": "G"
      },
      {
        "state": "NT",
        "price": "150",
        "price_per_unit": "176",
        "price_unit": "G"
      }
    ]
  },
  {
    "source_url": "https://www.woolworths.com.au/shop/productdetails/6081/aeroplane-original-orange-flavoured-jelly",
    "name": "Aeroplane Original Orange Flavoured Jelly 85g",
    "image_url": "https://cdn1.woolworths.media/content/wowproductimages/large/006081.jpg",
    "source_id": "Woolworths - 6081",
    "barcode": "9300619501075",
    "shop": "Woolworths",
    "weight": "100G",
    "prices": [
      {
        "state": "VIC",
        "price": "150",
        "price_per_unit": "176",
        "price_unit": "G"
      },
      {
        "state": "QLD",
        "price": "150",
        "price_per_unit": "176",
        "price_unit": "G"
      },
      {
        "state": "WA",
        "price": "150",
        "price_per_unit": "176",
        "price_unit": "G"
      },
      {
        "state": "SA",
        "price": "150",
        "price_per_unit": "176",
        "price_unit": "G"
      },
      {
        "state": "TAS",
        "price": "150",
        "price_per_unit": "176",
        "price_unit": "G"
      },
      {
        "state": "ACT",
        "price": "150",
        "price_per_unit": "176",
        "price_unit": "G"
      },
      {
        "state": "NT",
        "price": "150",
        "price_per_unit": "176",
        "price_unit": "G"
      }
    ]
  },
  {
    "source_url": "https://www.woolworths.com.au/shop/productdetails/327942/aeroplane-original-purple-grape-flavoured-jelly",
    "name": "Aeroplane Original Purple Grape Flavoured Jelly 85g",
    "image_url": "https://cdn1.woolworths.media/content/wowproductimages/large/327942.jpg",
    "source_id": "Woolworths - 327942",
    "barcode": "9300619000042",
    "shop": "Woolworths",
    "weight": "100G",
    "prices": [
      {
        "state": "VIC",
        "price": "150",
        "price_per_unit": "176",
        "price_unit": "G"
      },
      {
        "state": "QLD",
        "price": "150",
        "price_per_unit": "176",
        "price_unit": "G"
      },
      {
        "state": "WA",
        "price": "150",
        "price_per_unit": "176",
        "price_unit": "G"
      },
      {
        "state": "SA",
        "price": "150",
        "price_per_unit": "176",
        "price_unit": "G"
      },
      {
        "state": "TAS",
        "price": "150",
        "price_per_unit": "176",
        "price_unit": "G"
      },
      {
        "state": "ACT",
        "price": "150",
        "price_per_unit": "176",
        "price_unit": "G"
      },
      {
        "state": "NT",
        "price": "150",
        "price_per_unit": "176",
        "price_unit": "G"
      }
    ]
  },
  {
    "source_url": "https://www.woolworths.com.au/shop/productdetails/754521/aeroplane-ready-to-eat-jelly-cup-snack-raspberry-flavour",
    "name": "Aeroplane Ready To Eat Jelly Cup Snack Raspberry Flavour 120g",
    "image_url": "https://cdn1.woolworths.media/content/wowproductimages/large/754521.jpg",
    "source_id": "Woolworths - 754521",
    "barcode": "9300619571917",
    "shop": "Woolworths",
    "weight": "100G",
    "prices": [
      {
        "state": "VIC",
        "price": "160",
        "price_per_unit": "133",
        "price_unit": "G"
      },
      {
        "state": "QLD",
        "price": "160",
        "price_per_unit": "133",
        "price_unit": "G"
      },
      {
        "state": "WA",
        "price": "160",
        "price_per_unit": "133",
        "price_unit": "G"
      },
      {
        "state": "SA",
        "price": "160",
        "price_per_unit": "133",
        "price_unit": "G"
      },
      {
        "state": "TAS",
        "price": "160",
        "price_per_unit": "133",
        "price_unit": "G"
      },
      {
        "state": "ACT",
        "price": "160",
        "price_per_unit": "133",
        "price_unit": "G"
      },
      {
        "state": "NT",
        "price": "160",
        "price_per_unit": "133",
        "price_unit": "G"
      }
    ]
  },
  {
    "source_url": "https://www.woolworths.com.au/shop/productdetails/240383/aeroplane-jelly-lite-grape-flavour-low-calorie-jelly-crystals",
    "name": "Aeroplane Jelly Lite Grape Flavour Low Calorie Jelly Crystals 2x9g",
    "image_url": "https://cdn1.woolworths.media/content/wowproductimages/large/240383.jpg",
    "source_id": "Woolworths - 240383",
    "barcode": "9300619572457",
    "shop": "Woolworths",
    "weight": "100G",
    "prices": [
      {
        "state": "VIC",
        "price": "250",
        "price_per_unit": "1389",
        "price_unit": "G"
      },
      {
        "state": "SA",
        "price": "250",
        "price_per_unit": "1389",
        "price_unit": "G"
      },
      {
        "state": "TAS",
        "price": "250",
        "price_per_unit": "1389",
        "price_unit": "G"
      },
      {
        "state": "ACT",
        "price": "250",
        "price_per_unit": "1389",
        "price_unit": "G"
      },
      {
        "state": "NT",
        "price": "250",
        "price_per_unit": "1389",
        "price_unit": "G"
      }
    ]
  },
  {
    "source_url": "https://www.woolworths.com.au/shop/productdetails/754480/aeroplane-jelly-lite-lemon-flavour-low-calorie-jelly-crystals",
    "name": "Aeroplane Jelly Lite Lemon Flavour Low Calorie Jelly Crystals 2x9g",
    "image_url": "https://cdn1.woolworths.media/content/wowproductimages/large/754480.jpg",
    "source_id": "Woolworths - 754480",
    "barcode": "9300619571856",
    "shop": "Woolworths",
    "weight": "100G",
    "prices": [
      {
        "state": "VIC",
        "price": "250",
        "price_per_unit": "1389",
        "price_unit": "G"
      },
      {
        "state": "SA",
        "price": "250",
        "price_per_unit": "1389",
        "price_unit": "G"
      },
      {
        "state": "TAS",
        "price": "250",
        "price_per_unit": "1389",
        "price_unit": "G"
      },
      {
        "state": "ACT",
        "price": "250",
        "price_per_unit": "1389",
        "price_unit": "G"
      },
      {
        "state": "NT",
        "price": "250",
        "price_per_unit": "1389",
        "price_unit": "G"
      }
    ]
  },
  {
    "source_url": "https://www.woolworths.com.au/shop/productdetails/172715/aeroplane-jelly-lite-pineapple-flavour-low-calorie-jelly-crystals",
    "name": "Aeroplane Jelly Lite Pineapple Flavour Low Calorie Jelly Crystals 2x9g",
    "image_url": "https://cdn1.woolworths.media/content/wowproductimages/large/172715.jpg",
    "source_id": "Woolworths - 172715",
    "barcode": "9300619109752",
    "shop": "Woolworths",
    "weight": "100G",
    "prices": [
      {
        "state": "VIC",
        "price": "250",
        "price_per_unit": "1389",
        "price_unit": "G"
      },
      {
        "state": "SA",
        "price": "250",
        "price_per_unit": "1389",
        "price_unit": "G"
      },
      {
        "state": "TAS",
        "price": "250",
        "price_per_unit": "1389",
        "price_unit": "G"
      },
      {
        "state": "ACT",
        "price": "250",
        "price_per_unit": "1389",
        "price_unit": "G"
      },
      {
        "state": "NT",
        "price": "250",
        "price_per_unit": "1389",
        "price_unit": "G"
      }
    ]
  },
  {
    "source_url": "https://www.woolworths.com.au/shop/productdetails/380903/aeroplane-jelly-lite-vanilla-berry-low-calorie-jelly-crystals",
    "name": "Aeroplane Jelly Lite Vanilla Berry Low Calorie Jelly Crystals 2x9g",
    "image_url": "https://cdn1.woolworths.media/content/wowproductimages/large/380903.jpg",
    "source_id": "Woolworths - 380903",
    "barcode": "9300619571719",
    "shop": "Woolworths",
    "weight": "100G",
    "prices": [
      {
        "state": "VIC",
        "price": "250",
        "price_per_unit": "1389",
        "price_unit": "G"
      },
      {
        "state": "SA",
        "price": "250",
        "price_per_unit": "1389",
        "price_unit": "G"
      },
      {
        "state": "TAS",
        "price": "250",
        "price_per_unit": "1389",
        "price_unit": "G"
      },
      {
        "state": "ACT",
        "price": "250",
        "price_per_unit": "1389",
        "price_unit": "G"
      },
      {
        "state": "NT",
        "price": "250",
        "price_per_unit": "1389",
        "price_unit": "G"
      }
    ]
  },
  {
    "source_url": "https://www.woolworths.com.au/shop/productdetails/240465/aeroplane-jelly-lite-watermelon-flavour-low-calorie-jelly-crystals",
    "name": "Aeroplane Jelly Lite Watermelon Flavour Low Calorie Jelly Crystals 2x9g",
    "image_url": "https://cdn1.woolworths.media/content/wowproductimages/large/240465.jpg",
    "source_id": "Woolworths - 240465",
    "barcode": "9300619572440",
    "shop": "Woolworths",
    "weight": "100G",
    "prices": [
      {
        "state": "VIC",
        "price": "250",
        "price_per_unit": "1389",
        "price_unit": "G"
      },
      {
        "state": "SA",
        "price": "250",
        "price_per_unit": "1389",
        "price_unit": "G"
      },
      {
        "state": "TAS",
        "price": "250",
        "price_per_unit": "1389",
        "price_unit": "G"
      },
      {
        "state": "ACT",
        "price": "250",
        "price_per_unit": "1389",
        "price_unit": "G"
      },
      {
        "state": "NT",
        "price": "250",
        "price_per_unit": "1389",
        "price_unit": "G"
      }
    ]
  },
  {
    "source_url": "https://www.woolworths.com.au/shop/productdetails/178200/aeroplane-original-green-apple-flavoured-jelly",
    "name": "Aeroplane Original Green Apple Flavoured Jelly 85g",
    "image_url": "https://cdn1.woolworths.media/content/wowproductimages/large/178200.jpg",
    "source_id": "Woolworths - 178200",
    "barcode": "9300619572426",
    "shop": "Woolworths",
    "weight": "100G",
    "prices": [
      {
        "state": "VIC",
        "price": "150",
        "price_per_unit": "176",
        "price_unit": "G"
      },
      {
        "state": "SA",
        "price": "150",
        "price_per_unit": "176",
        "price_unit": "G"
      },
      {
        "state": "TAS",
        "price": "150",
        "price_per_unit": "176",
        "price_unit": "G"
      },
      {
        "state": "ACT",
        "price": "150",
        "price_per_unit": "176",
        "price_unit": "G"
      },
      {
        "state": "NT",
        "price": "150",
        "price_per_unit": "176",
        "price_unit": "G"
      }
    ]
  },
  {
    "source_url": "https://www.woolworths.com.au/shop/productdetails/178328/aeroplane-original-watermelon-flavoured-jelly",
    "name": "Aeroplane Original Watermelon Flavoured Jelly 85g",
    "image_url": "https://cdn1.woolworths.media/content/wowproductimages/large/178328.jpg",
    "source_id": "Woolworths - 178328",
    "barcode": "9300619572433",
    "shop": "Woolworths",
    "weight": "100G",
    "prices": [
      {
        "state": "VIC",
        "price": "150",
        "price_per_unit": "176",
        "price_unit": "G"
      },
      {
        "state": "SA",
        "price": "150",
        "price_per_unit": "176",
        "price_unit": "G"
      },
      {
        "state": "TAS",
        "price": "150",
        "price_per_unit": "176",
        "price_unit": "G"
      },
      {
        "state": "ACT",
        "price": "150",
        "price_per_unit": "176",
        "price_unit": "G"
      },
      {
        "state": "NT",
        "price": "150",
        "price_per_unit": "176",
        "price_unit": "G"
      }
    ]
  },
  {
    "source_url": "https://www.woolworths.com.au/shop/productdetails/518053/aeroplane-ready-to-eat-jelly-cup-snack-blackcurrant-flavour",
    "name": "Aeroplane Ready To Eat Jelly Cup Snack Blackcurrant Flavour 120g",
    "image_url": "https://cdn1.woolworths.media/content/wowproductimages/large/518053.jpg",
    "source_id": "Woolworths - 518053",
    "barcode": "9300619571924",
    "shop": "Woolworths",
    "weight": "100G",
    "prices": [
      {
        "state": "VIC",
        "price": "160",
        "price_per_unit": "133",
        "price_unit": "G"
      },
      {
        "state": "SA",
        "price": "160",
        "price_per_unit": "133",
        "price_unit": "G"
      },
      {
        "state": "TAS",
        "price": "160",
        "price_per_unit": "133",
        "price_unit": "G"
      },
      {
        "state": "ACT",
        "price": "160",
        "price_per_unit": "133",
        "price_unit": "G"
      },
      {
        "state": "NT",
        "price": "160",
        "price_per_unit": "133",
        "price_unit": "G"
      }
    ]
  },
  {
    "source_url": "https://www.woolworths.com.au/shop/productdetails/518052/aeroplane-ready-to-eat-jelly-cup-snack-pineapple-flavour",
    "name": "Aeroplane Ready To Eat Jelly Cup Snack Pineapple Flavour 120g",
    "image_url": "https://cdn1.woolworths.media/content/wowproductimages/large/518052.jpg",
    "source_id": "Woolworths - 518052",
    "barcode": "9300619572310",
    "shop": "Woolworths",
    "weight": "100G",
    "prices": [
      {
        "state": "VIC",
        "price": "160",
        "price_per_unit": "133",
        "price_unit": "G"
      },
      {
        "state": "SA",
        "price": "160",
        "price_per_unit": "133",
        "price_unit": "G"
      },
      {
        "state": "TAS",
        "price": "160",
        "price_per_unit": "133",
        "price_unit": "G"
      },
      {
        "state": "ACT",
        "price": "160",
        "price_per_unit": "133",
        "price_unit": "G"
      },
      {
        "state": "NT",
        "price": "160",
        "price_per_unit": "133",
        "price_unit": "G"
      }
    ]
  },
  {
    "source_url": "https://www.woolworths.com.au/shop/productdetails/754498/aeroplane-ready-to-eat-jelly-cup-snack-strawberry-flavour",
    "name": "Aeroplane Ready To Eat Jelly Cup Snack Strawberry Flavour 120g",
    "image_url": "https://cdn1.woolworths.media/content/wowproductimages/large/754498.jpg",
    "source_id": "Woolworths - 754498",
    "barcode": "9300619571894",
    "shop": "Woolworths",
    "weight": "100G",
    "prices": [
      {
        "state": "VIC",
        "price": "160",
        "price_per_unit": "133",
        "price_unit": "G"
      },
      {
        "state": "SA",
        "price": "160",
        "price_per_unit": "133",
        "price_unit": "G"
      },
      {
        "state": "TAS",
        "price": "160",
        "price_per_unit": "133",
        "price_unit": "G"
      },
      {
        "state": "ACT",
        "price": "160",
        "price_per_unit": "133",
        "price_unit": "G"
      },
      {
        "state": "NT",
        "price": "160",
        "price_per_unit": "133",
        "price_unit": "G"
      }
    ]
  },
  {
    "source_url": "https://www.woolworths.com.au/shop/productdetails/669980/woolworths-apple-peach-puree-in-pouch",
    "name": "Woolworths Apple & Peach Puree In Pouch 90g",
    "image_url": "https://cdn1.woolworths.media/content/wowproductimages/large/669980.jpg",
    "source_id": "Woolworths - 669980",
    "barcode": "9339687022373",
    "shop": "Woolworths",
    "weight": "1KG",
    "prices": [
      {
        "state": "VIC",
        "price": "110",
        "price_per_unit": "1222",
        "price_unit": "KG"
      },
      {
        "state": "QLD",
        "price": "110",
        "price_per_unit": "1222",
        "price_unit": "KG"
      },
      {
        "state": "WA",
        "price": "110",
        "price_per_unit": "1222",
        "price_unit": "KG"
      },
      {
        "state": "TAS",
        "price": "110",
        "price_per_unit": "1222",
        "price_unit": "KG"
      },
      {
        "state": "ACT",
        "price": "110",
        "price_per_unit": "1222",
        "price_unit": "KG"
      },
      {
        "state": "NT",
        "price": "110",
        "price_per_unit": "1222",
        "price_unit": "KG"
      }
    ]
  },
  {
    "source_url": "https://www.woolworths.com.au/shop/productdetails/669966/woolworths-apple-strawberry-puree-in-pouch",
    "name": "Woolworths Apple & Strawberry Puree In Pouch 90g",
    "image_url": "https://cdn1.woolworths.media/content/wowproductimages/large/669966.jpg",
    "source_id": "Woolworths - 669966",
    "barcode": "9339687022366",
    "shop": "Woolworths",
    "weight": "1KG",
    "prices": [
      {
        "state": "VIC",
        "price": "110",
        "price_per_unit": "1222",
        "price_unit": "KG"
      },
      {
        "state": "QLD",
        "price": "110",
        "price_per_unit": "1222",
        "price_unit": "KG"
      },
      {
        "state": "WA",
        "price": "110",
        "price_per_unit": "1222",
        "price_unit": "KG"
      },
      {
        "state": "TAS",
        "price": "110",
        "price_per_unit": "1222",
        "price_unit": "KG"
      },
      {
        "state": "ACT",
        "price": "110",
        "price_per_unit": "1222",
        "price_unit": "KG"
      },
      {
        "state": "NT",
        "price": "110",
        "price_per_unit": "1222",
        "price_unit": "KG"
      }
    ]
  },
  {
    "source_url": "https://www.woolworths.com.au/shop/productdetails/669962/woolworths-apple-puree-in-pouch",
    "name": "Woolworths Apple Puree In Pouch 90g",
    "image_url": "https://cdn1.woolworths.media/content/wowproductimages/large/669962.jpg",
    "source_id": "Woolworths - 669962",
    "barcode": "9339687022359",
    "shop": "Woolworths",
    "weight": "1KG",
    "prices": [
      {
        "state": "VIC",
        "price": "110",
        "price_per_unit": "1222",
        "price_unit": "KG"
      },
      {
        "state": "QLD",
        "price": "110",
        "price_per_unit": "1222",
        "price_unit": "KG"
      },
      {
        "state": "WA",
        "price": "110",
        "price_per_unit": "1222",
        "price_unit": "KG"
      },
      {
        "state": "TAS",
        "price": "110",
        "price_per_unit": "1222",
        "price_unit": "KG"
      },
      {
        "state": "ACT",
        "price": "110",
        "price_per_unit": "1222",
        "price_unit": "KG"
      },
      {
        "state": "NT",
        "price": "110",
        "price_per_unit": "1222",
        "price_unit": "KG"
      }
    ]
  },
  {
    "source_url": "https://www.woolworths.com.au/shop/productdetails/294263/woolworths-jelly-lime",
    "name": "Woolworths Jelly Lime 85g",
    "image_url": "https://cdn1.woolworths.media/content/wowproductimages/large/294263.jpg",
    "source_id": "Woolworths - 294263",
    "barcode": "9300633980931",
    "shop": "Woolworths",
    "weight": "100G",
    "prices": [
      {
        "state": "VIC",
        "price": "130",
        "price_per_unit": "153",
        "price_unit": "G"
      },
      {
        "state": "TAS",
        "price": "130",
        "price_per_unit": "153",
        "price_unit": "G"
      },
      {
        "state": "ACT",
        "price": "130",
        "price_per_unit": "153",
        "price_unit": "G"
      },
      {
        "state": "NT",
        "price": "130",
        "price_per_unit": "153",
        "price_unit": "G"
      }
    ]
  },
  {
    "source_url": "https://www.woolworths.com.au/shop/productdetails/294264/woolworths-jelly-port-wine",
    "name": "Woolworths Jelly Port Wine 85g",
    "image_url": "https://cdn1.woolworths.media/content/wowproductimages/large/294264.jpg",
    "source_id": "Woolworths - 294264",
    "barcode": "9339687207657",
    "shop": "Woolworths",
    "weight": "100G",
    "prices": [
      {
        "state": "VIC",
        "price": "130",
        "price_per_unit": "153",
        "price_unit": "G"
      },
      {
        "state": "TAS",
        "price": "130",
        "price_per_unit": "153",
        "price_unit": "G"
      },
      {
        "state": "ACT",
        "price": "130",
        "price_per_unit": "153",
        "price_unit": "G"
      },
      {
        "state": "NT",
        "price": "130",
        "price_per_unit": "153",
        "price_unit": "G"
      }
    ]
  },
  {
    "source_url": "https://www.woolworths.com.au/shop/productdetails/294262/woolworths-jelly-raspberry",
    "name": "Woolworths Jelly Raspberry 85g",
    "image_url": "https://cdn1.woolworths.media/content/wowproductimages/large/294262.jpg",
    "source_id": "Woolworths - 294262",
    "barcode": "9339687207640",
    "shop": "Woolworths",
    "weight": "100G",
    "prices": [
      {
        "state": "VIC",
        "price": "130",
        "price_per_unit": "153",
        "price_unit": "G"
      },
      {
        "state": "TAS",
        "price": "130",
        "price_per_unit": "153",
        "price_unit": "G"
      },
      {
        "state": "ACT",
        "price": "130",
        "price_per_unit": "153",
        "price_unit": "G"
      },
      {
        "state": "NT",
        "price": "130",
        "price_per_unit": "153",
        "price_unit": "G"
      }
    ]
  },
  {
    "source_url": "https://www.woolworths.com.au/shop/productdetails/294265/woolworths-jelly-strawberry",
    "name": "Woolworths Jelly Strawberry 85g",
    "image_url": "https://cdn1.woolworths.media/content/wowproductimages/large/294265.jpg",
    "source_id": "Woolworths - 294265",
    "barcode": "9339687207633",
    "shop": "Woolworths",
    "weight": "100G",
    "prices": [
      {
        "state": "VIC",
        "price": "130",
        "price_per_unit": "153",
        "price_unit": "G"
      },
      {
        "state": "TAS",
        "price": "130",
        "price_per_unit": "153",
        "price_unit": "G"
      },
      {
        "state": "ACT",
        "price": "130",
        "price_per_unit": "153",
        "price_unit": "G"
      },
      {
        "state": "NT",
        "price": "130",
        "price_per_unit": "153",
        "price_unit": "G"
      }
    ]
  },
  {
    "source_url": "https://www.woolworths.com.au/shop/productdetails/669984/woolworths-mango-flavoured-jelly-in-pouch",
    "name": "Woolworths Mango Flavoured Jelly In Pouch 95g",
    "image_url": "https://cdn1.woolworths.media/content/wowproductimages/large/669984.jpg",
    "source_id": "Woolworths - 669984",
    "barcode": "9339687022403",
    "shop": "Woolworths",
    "weight": "1KG",
    "prices": [
      {
        "state": "VIC",
        "price": "95",
        "price_per_unit": "1000",
        "price_unit": "KG"
      },
      {
        "state": "TAS",
        "price": "95",
        "price_per_unit": "1000",
        "price_unit": "KG"
      },
      {
        "state": "ACT",
        "price": "95",
        "price_per_unit": "1000",
        "price_unit": "KG"
      },
      {
        "state": "NT",
        "price": "95",
        "price_per_unit": "1000",
        "price_unit": "KG"
      }
    ]
  },
  {
    "source_url": "https://www.woolworths.com.au/shop/productdetails/680046/woolworths-mango-jelly",
    "name": "Woolworths Mango Jelly 4 Pack",
    "image_url": "https://cdn1.woolworths.media/content/wowproductimages/large/680046.jpg",
    "source_id": "Woolworths - 680046",
    "barcode": "9339687035021",
    "shop": "Woolworths",
    "weight": "1KG",
    "prices": [
      {
        "state": "VIC",
        "price": "210",
        "price_per_unit": "438",
        "price_unit": "KG"
      },
      {
        "state": "TAS",
        "price": "210",
        "price_per_unit": "438",
        "price_unit": "KG"
      },
      {
        "state": "ACT",
        "price": "210",
        "price_per_unit": "438",
        "price_unit": "KG"
      },
      {
        "state": "NT",
        "price": "210",
        "price_per_unit": "438",
        "price_unit": "KG"
      }
    ]
  },
  {
    "source_url": "https://www.woolworths.com.au/shop/productdetails/669981/woolworths-puree-in-pouch-apple-mango",
    "name": "Woolworths Puree In Pouch Apple & Mango 90g",
    "image_url": "https://cdn1.woolworths.media/content/wowproductimages/large/669981.jpg",
    "source_id": "Woolworths - 669981",
    "barcode": "9339687022380",
    "shop": "Woolworths",
    "weight": "1KG",
    "prices": [
      {
        "state": "VIC",
        "price": "110",
        "price_per_unit": "1222",
        "price_unit": "KG"
      },
      {
        "state": "TAS",
        "price": "110",
        "price_per_unit": "1222",
        "price_unit": "KG"
      },
      {
        "state": "NT",
        "price": "110",
        "price_per_unit": "1222",
        "price_unit": "KG"
      }
    ]
  },
  {
    "source_url": "https://www.woolworths.com.au/shop/productdetails/669772/woolworths-raspberry-flavoured-jelly-in-pouch",
    "name": "Woolworths Raspberry Flavoured Jelly In Pouch 95g",
    "image_url": "https://cdn1.woolworths.media/content/wowproductimages/large/669772.jpg",
    "source_id": "Woolworths - 669772",
    "barcode": "9339687022410",
    "shop": "Woolworths",
    "weight": "1KG",
    "prices": [
      {
        "state": "VIC",
        "price": "95",
        "price_per_unit": "1000",
        "price_unit": "KG"
      },
      {
        "state": "TAS",
        "price": "95",
        "price_per_unit": "1000",
        "price_unit": "KG"
      },
      {
        "state": "NT",
        "price": "95",
        "price_per_unit": "1000",
        "price_unit": "KG"
      }
    ]
  },
  {
    "source_url": "https://www.woolworths.com.au/shop/productdetails/669983/woolworths-strawberry-flavoured-jelly-in-pouch",
    "name": "Woolworths Strawberry Flavoured Jelly In Pouch 95g",
    "image_url": "https://cdn1.woolworths.media/content/wowproductimages/large/669983.jpg",
    "source_id": "Woolworths - 669983",
    "barcode": "9339687022397",
    "shop": "Woolworths",
    "weight": "1KG",
    "prices": [
      {
        "state": "VIC",
        "price": "95",
        "price_per_unit": "1000",
        "price_unit": "KG"
      },
      {
        "state": "TAS",
        "price": "95",
        "price_per_unit": "1000",
        "price_unit": "KG"
      },
      {
        "state": "NT",
        "price": "95",
        "price_per_unit": "1000",
        "price_unit": "KG"
      }
    ]
  },
  {
    "source_url": "https://www.woolworths.com.au/shop/productdetails/680048/woolworths-tropical-flavour-jelly",
    "name": "Woolworths Tropical Flavour Jelly 4 Pack",
    "image_url": "https://cdn1.woolworths.media/content/wowproductimages/large/680048.jpg",
    "source_id": "Woolworths - 680048",
    "barcode": "9339687035045",
    "shop": "Woolworths",
    "weight": "1KG",
    "prices": [
      {
        "state": "VIC",
        "price": "210",
        "price_per_unit": "438",
        "price_unit": "KG"
      },
      {
        "state": "TAS",
        "price": "210",
        "price_per_unit": "438",
        "price_unit": "KG"
      },
      {
        "state": "NT",
        "price": "210",
        "price_per_unit": "438",
        "price_unit": "KG"
      }
    ]
  }
]