[
  {
    "source_url": "https://www.woolworths.com.au/shop/productdetails/744780/amul-white-ghee",
    "name": "Amul White Ghee 1l",
    "image_url": "https://cdn1.woolworths.media/content/wowproductimages/large/744780.jpg",
    "source_id": "Woolworths - 744780",
    "barcode": "8901262030151",
    "category_id": "1_39FD49C",
    "shop": "Woolworths",
    "weight": "100ML",
    "prices": []
  },
  {
    "source_url": "https://www.woolworths.com.au/shop/productdetails/203096/artisanology-beef-barbeque-rub-gluten-free",
    "name": "Artisanology Beef Barbeque Rub Gluten Free 165g",
    "image_url": "https://cdn1.woolworths.media/content/wowproductimages/large/203096.jpg",
    "source_id": "Woolworths - 203096",
    "barcode": "9318939001724",
    "category_id": "1_39FD49C",
    "shop": "Woolworths",
    "weight": "10G",
    "prices": [
      {
        "state": "NSW",
        "price": "61",
        "price_per_unit": "1000",
        "price_unit": "G"
      },
      {
        "state": "QLD",
        "price": "61",
        "price_per_unit": "1000",
        "price_unit": "G"
      },
      {
        "state": "WA",
        "price": "61",
        "price_per_unit": "1000",
        "price_unit": "G"
      },
      {
        "state": "SA",
        "price": "61",
        "price_per_unit": "1000",
        "price_unit": "G"
      },
      {
        "state": "TAS",
        "price": "61",
        "price_per_unit": "1000",
        "price_unit": "G"
      },
      {
        "state": "ACT",
        "price": "61",
        "price_per_unit": "1000",
        "price_unit": "G"
      }
    ]
  },
  {
    "source_url": "https://www.woolworths.com.au/shop/productdetails/202998/artisanology-chicken-barbeque-rub-gluten-free",
    "name": "Artisanology Chicken Barbeque Rub Gluten Free 150g",
    "image_url": "https://cdn1.woolworths.media/content/wowproductimages/large/202998.jpg",
    "source_id": "Woolworths - 202998",
    "barcode": "9318939001731",
    "category_id": "1_39FD49C",
    "shop": "Woolworths",
    "weight": "10G",
    "prices": [
      {
        "state": "NSW",
        "price": "67",
        "price_per_unit": "1000",
        "price_unit": "G"
      },
      {
        "state": "QLD",
        "price": "67",
        "price_per_unit": "1000",
        "price_unit": "G"
      },
      {
        "state": "WA",
        "price": "67",
        "price_per_unit": "1000",
        "price_unit": "G"
      },
      {
        "state": "SA",
        "price": "67",
        "price_per_unit": "1000",
        "price_unit": "G"
      },
      {
        "state": "TAS",
        "price": "67",
        "price_per_unit": "1000",
        "price_unit": "G"
      },
      {
        "state": "ACT",
        "price": "67",
        "price_per_unit": "1000",
        "price_unit": "G"
      }
    ]
  },
  {
    "source_url": "https://www.woolworths.com.au/shop/productdetails/203190/artisanology-truffle-salt-gluten-free",
    "name": "Artisanology Truffle Salt Gluten Free 100g",
    "image_url": "https://cdn1.woolworths.media/content/wowproductimages/large/203190.jpg",
    "source_id": "Woolworths - 203190",
    "barcode": "9318939001601",
    "category_id": "1_39FD49C",
    "shop": "Woolworths",
    "weight": "10G",
    "prices": [
      {
        "state": "NSW",
        "price": "150",
        "price_per_unit": "1500",
        "price_unit": "G"
      },
      {
        "state": "VIC",
        "price": "150",
        "price_per_unit": "1500",
        "price_unit": "G"
      },
      {
        "state": "QLD",
        "price": "150",
        "price_per_unit": "1500",
        "price_unit": "G"
      },
      {
        "state": "WA",
        "price": "150",
        "price_per_unit": "1500",
        "price_unit": "G"
      },
      {
        "state": "SA",
        "price": "150",
        "price_per_unit": "1500",
        "price_unit": "G"
      },
      {
        "state": "TAS",
        "price": "135",
        "price_per_unit": "1350",
        "price_unit": "G"
      },
      {
        "state": "ACT",
        "price": "135",
        "price_per_unit": "1350",
        "price_unit": "G"
      }
    ]
  },
  {
    "source_url": "https://www.woolworths.com.au/shop/productdetails/753062/britannia-bourbon-chocolate-biscuits",
    "name": "Britannia Bourbon Chocolate Biscuits 390g",
    "image_url": "https://cdn1.woolworths.media/content/wowproductimages/large/753062.jpg",
    "source_id": "Woolworths - 753062",
    "barcode": "8901063136441",
    "category_id": "1_39FD49C",
    "shop": "Woolworths",
    "weight": "100G",
    "prices": [
      {
        "state": "NSW",
        "price": "127",
        "price_per_unit": "495",
        "price_unit": "G"
      },
      {
        "state": "VIC",
        "price": "127",
        "price_per_unit": "495",
        "price_unit": "G"
      },
      {
        "state": "ACT",
        "price": "127",
        "price_per_unit": "495",
        "price_unit": "G"
      },
      {
        "state": "NT",
        "price": "127",
        "price_per_unit": "495",
        "price_unit": "G"
      }
    ]
  },
  {
    "source_url": "https://www.woolworths.com.au/shop/productdetails/761613/britannia-little-hearts",
    "name": "Britannia Little Hearts 75g",
    "image_url": "https://cdn1.woolworths.media/content/wowproductimages/large/761613.jpg",
    "source_id": "Woolworths - 761613",
    "barcode": "8901063136250",
    "category_id": "1_39FD49C",
    "shop": "Woolworths",
    "weight": "100G",
    "prices": [
      {
        "state": "NSW",
        "price": "167",
        "price_per_unit": "125",
        "price_unit": "G"
      },
      {
        "state": "VIC",
        "price": "167",
        "price_per_unit": "125",
        "price_unit": "G"
      },
      {
        "state": "ACT",
        "price": "167",
        "price_per_unit": "125",
        "price_unit": "G"
      },
      {
        "state": "NT",
        "price": "173",
        "price_per_unit": "130",
        "price_unit": "G"
      }
    ]
  },
  {
    "source_url": "https://www.woolworths.com.au/shop/productdetails/431071/brooke-bond-red-label-black-leaf-tea",
    "name": "Brooke Bond Red Label Black Leaf Tea 900g",
    "image_url": "https://cdn1.woolworths.media/content/wowproductimages/large/431071.jpg",
    "source_id": "Woolworths - 431071",
    "barcode": "8901030083044",
    "category_id": "1_39FD49C",
    "shop": "Woolworths",
    "weight": "100G",
    "prices": [
      {
        "state": "NSW",
        "price": "156",
        "price_per_unit": "1400",
        "price_unit": "G"
      },
      {
        "state": "NT",
        "price": "156",
        "price_per_unit": "1400",
        "price_unit": "G"
      }
    ]
  },
  {
    "source_url": "https://www.woolworths.com.au/shop/productdetails/1073959843/core-organics-certified-organic-australian-ghee-250ml-per-jar-x-2-jars",
    "name": "Core Organics Certified Organic Australian Ghee 250ml Per Jar x 2 jars",
    "image_url": "https://cdn1.woolworths.media/content/wowproductimages/large/1073959843.jpg",
    "source_id": "Woolworths - 1073959843",
    "barcode": null,
    "category_id": "1_39FD49C",
    "shop": "Woolworths",
    "weight": "100ML",
    "prices": [
      {
        "state": "NSW",
        "price": "810",
        "price_per_unit": "4050",
        "price_unit": "ML"
      },
      {
        "state": "VIC",
        "price": "810",
        "price_per_unit": "4050",
        "price_unit": "ML"
      },
      {
        "state": "QLD",
        "price": "810",
        "price_per_unit": "4050",
        "price_unit": "ML"
      },
      {
        "state": "WA",
        "price": "810",
        "price_per_unit": "4050",
        "price_unit": "ML"
      },
      {
        "state": "SA",
        "price": "810",
        "price_per_unit": "4050",
        "price_unit": "ML"
      },
      {
        "state": "TAS",
        "price": "810",
        "price_per_unit": "4050",
        "price_unit": "ML"
      },
      {
        "state": "ACT",
        "price": "810",
        "price_per_unit": "4050",
        "price_unit": "ML"
      },
      {
        "state": "NT",
        "price": "810",
        "price_per_unit": "4050",
        "price_unit": "ML"
      }
    ]
  },
  {
    "source_url": "https://www.woolworths.com.au/shop/productdetails/1073959851/core-organics-certified-organic-australian-ghee-500ml-per-jar",
    "name": "Core Organics Certified Organic Australian Ghee 500ml Per Jar",
    "image_url": "https://cdn1.woolworths.media/content/wowproductimages/large/1073959851.jpg",
    "source_id": "Woolworths - 1073959851",
    "barcode": null,
    "category_id": "1_39FD49C",
    "shop": "Woolworths",
    "weight": "100ML",
    "prices": [
      {
        "state": "NSW",
        "price": "853",
        "price_per_unit": "4265",
        "price_unit": "ML"
      },
      {
        "state": "VIC",
        "price": "853",
        "price_per_unit": "4265",
        "price_unit": "ML"
      },
      {
        "state": "QLD",
        "price": "853",
        "price_per_unit": "4265",
        "price_unit": "ML"
      },
      {
        "state": "WA",
        "price": "853",
        "price_per_unit": "4265",
        "price_unit": "ML"
      },
      {
        "state": "SA",
        "price": "853",
        "price_per_unit": "4265",
        "price_unit": "ML"
      },
      {
        "state": "TAS",
        "price": "853",
        "price_per_unit": "4265",
        "price_unit": "ML"
      },
      {
        "state": "ACT",
        "price": "853",
        "price_per_unit": "4265",
        "price_unit": "ML"
      },
      {
        "state": "NT",
        "price": "853",
        "price_per_unit": "4265",
        "price_unit": "ML"
      }
    ]
  },
  {
    "source_url": "https://www.woolworths.com.au/shop/productdetails/1073959850/core-organics-certified-organic-australian-ghee-500ml-per-jar-x-2-jars",
    "name": "Core Organics Certified Organic Australian Ghee 500ml Per Jar x 2 jars",
    "image_url": "https://cdn1.woolworths.media/content/wowproductimages/large/1073959850.jpg",
    "source_id": "Woolworths - 1073959850",
    "barcode": null,
    "category_id": "1_39FD49C",
    "shop": "Woolworths",
    "weight": "100ML",
    "prices": [
      {
        "state": "NSW",
        "price": "725",
        "price_per_unit": "7250",
        "price_unit": "ML"
      },
      {
        "state": "VIC",
        "price": "725",
        "price_per_unit": "7250",
        "price_unit": "ML"
      },
      {
        "state": "QLD",
        "price": "725",
        "price_per_unit": "7250",
        "price_unit": "ML"
      },
      {
        "state": "WA",
        "price": "725",
        "price_per_unit": "7250",
        "price_unit": "ML"
      },
      {
        "state": "SA",
        "price": "725",
        "price_per_unit": "7250",
        "price_unit": "ML"
      },
      {
        "state": "TAS",
        "price": "725",
        "price_per_unit": "7250",
        "price_unit": "ML"
      },
      {
        "state": "ACT",
        "price": "725",
        "price_per_unit": "7250",
        "price_unit": "ML"
      },
      {
        "state": "NT",
        "price": "725",
        "price_per_unit": "7250",
        "price_unit": "ML"
      }
    ]
  },
  {
    "source_url": "https://www.woolworths.com.au/shop/productdetails/56435/ebm-nan-khatai-classic-biscuit",
    "name": "EBM Nan Khatai Classic Biscuit 116g",
    "image_url": "https://cdn1.woolworths.media/content/wowproductimages/large/056435.jpg",
    "source_id": "Woolworths - 56435",
    "barcode": "8964000685181",
    "category_id": "1_39FD49C",
    "shop": "Woolworths",
    "weight": "100G",
    "prices": [
      {
        "state": "NSW",
        "price": "155",
        "price_per_unit": "180",
        "price_unit": "G"
      },
      {
        "state": "VIC",
        "price": "155",
        "price_per_unit": "180",
        "price_unit": "G"
      },
      {
        "state": "QLD",
        "price": "155",
        "price_per_unit": "180",
        "price_unit": "G"
      },
      {
        "state": "WA",
        "price": "155",
        "price_per_unit": "180",
        "price_unit": "G"
      },
      {
        "state": "ACT",
        "price": "155",
        "price_per_unit": "180",
        "price_unit": "G"
      },
      {
        "state": "NT",
        "price": "155",
        "price_per_unit": "180",
        "price_unit": "G"
      }
    ]
  },
  {
    "source_url": "https://www.woolworths.com.au/shop/productdetails/794544/frooti-mango-drink",
    "name": "Frooti Mango Drink 500ml",
    "image_url": "https://cdn1.woolworths.media/content/wowproductimages/large/794544.jpg",
    "source_id": "Woolworths - 794544",
    "barcode": "8902579104016",
    "category_id": "1_39FD49C",
    "shop": "Woolworths",
    "weight": "1L",
    "prices": [
      {
        "state": "NSW",
        "price": "430",
        "price_per_unit": "215",
        "price_unit": "L"
      },
      {
        "state": "VIC",
        "price": "430",
        "price_per_unit": "215",
        "price_unit": "L"
      },
      {
        "state": "QLD",
        "price": "430",
        "price_per_unit": "215",
        "price_unit": "L"
      },
      {
        "state": "WA",
        "price": "430",
        "price_per_unit": "215",
        "price_unit": "L"
      },
      {
        "state": "ACT",
        "price": "430",
        "price_per_unit": "215",
        "price_unit": "L"
      },
      {
        "state": "NT",
        "price": "450",
        "price_per_unit": "225",
        "price_unit": "L"
      }
    ]
  },
  {
    "source_url": "https://www.woolworths.com.au/shop/productdetails/1074189482/island-curries-6-pack-gluten-free-curry-paste-satchels-50g-each-tandoori-vindaloo-massaman-harrisa-2x-butter-chicken",
    "name": "Island Curries 6 Pack Gluten Free Curry Paste Satchels 50g each - Tandoori, Vindaloo, Massaman, Harrisa, 2x Butter Chicken",
    "image_url": "https://cdn1.woolworths.media/content/wowproductimages/large/1074189482.jpg",
    "source_id": "Woolworths - 1074189482",
    "barcode": null,
    "category_id": "1_39FD49C",
    "shop": "Woolworths",
    "weight": "500G",
    "prices": [
      {
        "state": "NSW",
        "price": "4750",
        "price_per_unit": "2850",
        "price_unit": "G"
      },
      {
        "state": "VIC",
        "price": "4750",
        "price_per_unit": "2850",
        "price_unit": "G"
      },
      {
        "state": "QLD",
        "price": "4750",
        "price_per_unit": "2850",
        "price_unit": "G"
      },
      {
        "state": "WA",
        "price": "4750",
        "price_per_unit": "2850",
        "price_unit": "G"
      },
      {
        "state": "SA",
        "price": "4750",
        "price_per_unit": "2850",
        "price_unit": "G"
      },
      {
        "state": "TAS",
        "price": "4750",
        "price_per_unit": "2850",
        "price_unit": "G"
      },
      {
        "state": "ACT",
        "price": "4750",
        "price_per_unit": "2850",
        "price_unit": "G"
      },
      {
        "state": "NT",
        "price": "4750",
        "price_per_unit": "2850",
        "price_unit": "G"
      }
    ]
  },
  {
    "source_url": "https://www.woolworths.com.au/shop/productdetails/1074189411/island-curries-6-pack-gluten-free-curry-paste-satchels-50g-each-achaari-bengal-chennai-goan-khorma-madras",
    "name": "Island Curries 6 Pack Gluten Free Curry Paste Satchels 50g each Achaari, Bengal, Chennai, Goan, Khorma, Madras",
    "image_url": "https://cdn1.woolworths.media/content/wowproductimages/large/1074189411.jpg",
    "source_id": "Woolworths - 1074189411",
    "barcode": null,
    "category_id": "1_39FD49C",
    "shop": "Woolworths",
    "weight": "500G",
    "prices": [
      {
        "state": "NSW",
        "price": "4750",
        "price_per_unit": "2850",
        "price_unit": "G"
      },
      {
        "state": "VIC",
        "price": "4750",
        "price_per_unit": "2850",
        "price_unit": "G"
      },
      {
        "state": "QLD",
        "price": "4750",
        "price_per_unit": "2850",
        "price_unit": "G"
      },
      {
        "state": "WA",
        "price": "4750",
        "price_per_unit": "2850",
        "price_unit": "G"
      },
      {
        "state": "SA",
        "price": "4750",
        "price_per_unit": "2850",
        "price_unit": "G"
      },
      {
        "state": "TAS",
        "price": "4750",
        "price_per_unit": "2850",
        "price_unit": "G"
      },
      {
        "state": "ACT",
        "price": "4750",
        "price_per_unit": "2850",
        "price_unit": "G"
      },
      {
        "state": "NT",
        "price": "4750",
        "price_per_unit": "2850",
        "price_unit": "G"
      }
    ]
  },
  {
    "source_url": "https://www.woolworths.com.au/shop/productdetails/1074214971/island-curries-bengal-gluten-free-curry-paste-1kg",
    "name": "Island Curries Bengal Gluten Free Curry Paste 1kg",
    "image_url": "https://cdn1.woolworths.media/content/wowproductimages/large/1074214971.jpg",
    "source_id": "Woolworths - 1074214971",
    "barcode": null,
    "category_id": "1_39FD49C",
    "shop": "Woolworths",
    "weight": "100G",
    "prices": [
      {
        "state": "NSW",
        "price": "350",
        "price_per_unit": "3500",
        "price_unit": "G"
      },
      {
        "state": "VIC",
        "price": "350",
        "price_per_unit": "3500",
        "price_unit": "G"
      },
      {
        "state": "QLD",
        "price": "350",
        "price_per_unit": "3500",
        "price_unit": "G"
      },
      {
        "state": "WA",
        "price": "350",
        "price_per_unit": "3500",
        "price_unit": "G"
      },
      {
        "state": "SA",
        "price": "350",
        "price_per_unit": "3500",
        "price_unit": "G"
      },
      {
        "state": "TAS",
        "price": "350",
        "price_per_unit": "3500",
        "price_unit": "G"
      },
      {
        "state": "ACT",
        "price": "350",
        "price_per_unit": "3500",
        "price_unit": "G"
      },
      {
        "state": "NT",
        "price": "350",
        "price_per_unit": "3500",
        "price_unit": "G"
      }
    ]
  },
  {
    "source_url": "https://www.woolworths.com.au/shop/productdetails/1074214972/island-curries-butter-chicken-gluten-free-curry-paste-1kg",
    "name": "Island Curries Butter Chicken Gluten Free Curry Paste 1kg",
    "image_url": "https://cdn1.woolworths.media/content/wowproductimages/large/1074214972.jpg",
    "source_id": "Woolworths - 1074214972",
    "barcode": null,
    "category_id": "1_39FD49C",
    "shop": "Woolworths",
    "weight": "100G",
    "prices": [
      {
        "state": "NSW",
        "price": "295",
        "price_per_unit": "2950",
        "price_unit": "G"
      },
      {
        "state": "VIC",
        "price": "295",
        "price_per_unit": "2950",
        "price_unit": "G"
      },
      {
        "state": "QLD",
        "price": "295",
        "price_per_unit": "2950",
        "price_unit": "G"
      },
      {
        "state": "WA",
        "price": "295",
        "price_per_unit": "2950",
        "price_unit": "G"
      },
      {
        "state": "SA",
        "price": "295",
        "price_per_unit": "2950",
        "price_unit": "G"
      },
      {
        "state": "TAS",
        "price": "295",
        "price_per_unit": "2950",
        "price_unit": "G"
      },
      {
        "state": "ACT",
        "price": "295",
        "price_per_unit": "2950",
        "price_unit": "G"
      },
      {
        "state": "NT",
        "price": "295",
        "price_per_unit": "2950",
        "price_unit": "G"
      }
    ]
  },
  {
    "source_url": "https://www.woolworths.com.au/shop/productdetails/1074215948/island-curries-curry-jars-no-1-achaari-curry-225g-bengal-curry-225g-gluten-free-curry-paste-duo",
    "name": "Island Curries Curry Jars No.1 Achaari Curry 225g Bengal Curry 225g Gluten Free Curry Paste Duo",
    "image_url": "https://cdn1.woolworths.media/content/wowproductimages/large/1074215948.jpg",
    "source_id": "Woolworths - 1074215948",
    "barcode": null,
    "category_id": "1_39FD49C",
    "shop": "Woolworths",
    "weight": "100G",
    "prices": [
      {
        "state": "NSW",
        "price": "656",
        "price_per_unit": "2950",
        "price_unit": "G"
      },
      {
        "state": "VIC",
        "price": "656",
        "price_per_unit": "2950",
        "price_unit": "G"
      },
      {
        "state": "QLD",
        "price": "656",
        "price_per_unit": "2950",
        "price_unit": "G"
      },
      {
        "state": "WA",
        "price": "656",
        "price_per_unit": "2950",
        "price_unit": "G"
      },
      {
        "state": "SA",
        "price": "656",
        "price_per_unit": "2950",
        "price_unit": "G"
      },
      {
        "state": "TAS",
        "price": "656",
        "price_per_unit": "2950",
        "price_unit": "G"
      },
      {
        "state": "ACT",
        "price": "656",
        "price_per_unit": "2950",
        "price_unit": "G"
      },
      {
        "state": "NT",
        "price": "656",
        "price_per_unit": "2950",
        "price_unit": "G"
      }
    ]
  },
  {
    "source_url": "https://www.woolworths.com.au/shop/productdetails/1074214932/island-curries-curry-jars-no-3-harissa-gluten-free-curry-paste-paste-210g-madras-gluten-free-curry-powder-100g-gluten-free-duo",
    "name": "Island Curries Curry Jars No.3 Harissa Gluten Free Curry Paste Paste 210g Madras Gluten Free Curry Powder 100g Gluten Free Duo",
    "image_url": "https://cdn1.woolworths.media/content/wowproductimages/large/1074214932.jpg",
    "source_id": "Woolworths - 1074214932",
    "barcode": null,
    "category_id": "1_39FD49C",
    "shop": "Woolworths",
    "weight": "100G",
    "prices": [
      {
        "state": "NSW",
        "price": "952",
        "price_per_unit": "2950",
        "price_unit": "G"
      },
      {
        "state": "VIC",
        "price": "952",
        "price_per_unit": "2950",
        "price_unit": "G"
      },
      {
        "state": "QLD",
        "price": "952",
        "price_per_unit": "2950",
        "price_unit": "G"
      },
      {
        "state": "WA",
        "price": "952",
        "price_per_unit": "2950",
        "price_unit": "G"
      },
      {
        "state": "SA",
        "price": "952",
        "price_per_unit": "2950",
        "price_unit": "G"
      },
      {
        "state": "TAS",
        "price": "952",
        "price_per_unit": "2950",
        "price_unit": "G"
      },
      {
        "state": "ACT",
        "price": "952",
        "price_per_unit": "2950",
        "price_unit": "G"
      },
      {
        "state": "NT",
        "price": "952",
        "price_per_unit": "2950",
        "price_unit": "G"
      }
    ]
  },
  {
    "source_url": "https://www.woolworths.com.au/shop/productdetails/1074215958/island-curries-curry-jars-no-6-massaman-curry-225g-rendang-curry-225g-gluten-free-curry-paste-duo",
    "name": "Island Curries Curry Jars No.6 Massaman Curry 225g Rendang Curry 225g Gluten Free Curry Paste Duo",
    "image_url": "https://cdn1.woolworths.media/content/wowproductimages/large/1074215958.jpg",
    "source_id": "Woolworths - 1074215958",
    "barcode": null,
    "category_id": "1_39FD49C",
    "shop": "Woolworths",
    "weight": "100G",
    "prices": [
      {
        "state": "NSW",
        "price": "656",
        "price_per_unit": "2950",
        "price_unit": "G"
      },
      {
        "state": "VIC",
        "price": "656",
        "price_per_unit": "2950",
        "price_unit": "G"
      },
      {
        "state": "QLD",
        "price": "656",
        "price_per_unit": "2950",
        "price_unit": "G"
      },
      {
        "state": "WA",
        "price": "656",
        "price_per_unit": "2950",
        "price_unit": "G"
      },
      {
        "state": "SA",
        "price": "656",
        "price_per_unit": "2950",
        "price_unit": "G"
      },
      {
        "state": "TAS",
        "price": "656",
        "price_per_unit": "2950",
        "price_unit": "G"
      },
      {
        "state": "ACT",
        "price": "656",
        "price_per_unit": "2950",
        "price_unit": "G"
      },
      {
        "state": "NT",
        "price": "656",
        "price_per_unit": "2950",
        "price_unit": "G"
      }
    ]
  },
  {
    "source_url": "https://www.woolworths.com.au/shop/productdetails/1074214957/island-curries-harissa-gluten-free-curry-paste-1kg",
    "name": "Island Curries Harissa Gluten Free Curry Paste 1kg",
    "image_url": "https://cdn1.woolworths.media/content/wowproductimages/large/1074214957.jpg",
    "source_id": "Woolworths - 1074214957",
    "barcode": null,
    "category_id": "1_39FD49C",
    "shop": "Woolworths",
    "weight": "100G",
    "prices": [
      {
        "state": "NSW",
        "price": "350",
        "price_per_unit": "3500",
        "price_unit": "G"
      },
      {
        "state": "VIC",
        "price": "350",
        "price_per_unit": "3500",
        "price_unit": "G"
      },
      {
        "state": "QLD",
        "price": "350",
        "price_per_unit": "3500",
        "price_unit": "G"
      },
      {
        "state": "WA",
        "price": "350",
        "price_per_unit": "3500",
        "price_unit": "G"
      },
      {
        "state": "SA",
        "price": "350",
        "price_per_unit": "3500",
        "price_unit": "G"
      },
      {
        "state": "TAS",
        "price": "350",
        "price_per_unit": "3500",
        "price_unit": "G"
      },
      {
        "state": "ACT",
        "price": "350",
        "price_per_unit": "3500",
        "price_unit": "G"
      },
      {
        "state": "NT",
        "price": "350",
        "price_per_unit": "3500",
        "price_unit": "G"
      }
    ]
  },
  {
    "source_url": "https://www.woolworths.com.au/shop/productdetails/1074214974/island-curries-korma-gluten-free-curry-paste-1kg",
    "name": "Island Curries Korma Gluten Free Curry Paste 1kg",
    "image_url": "https://cdn1.woolworths.media/content/wowproductimages/large/1074214974.jpg",
    "source_id": "Woolworths - 1074214974",
    "barcode": null,
    "category_id": "1_39FD49C",
    "shop": "Woolworths",
    "weight": "100G",
    "prices": [
      {
        "state": "NSW",
        "price": "350",
        "price_per_unit": "3500",
        "price_unit": "G"
      },
      {
        "state": "VIC",
        "price": "350",
        "price_per_unit": "3500",
        "price_unit": "G"
      },
      {
        "state": "QLD",
        "price": "350",
        "price_per_unit": "3500",
        "price_unit": "G"
      },
      {
        "state": "WA",
        "price": "350",
        "price_per_unit": "3500",
        "price_unit": "G"
      },
      {
        "state": "SA",
        "price": "350",
        "price_per_unit": "3500",
        "price_unit": "G"
      },
      {
        "state": "TAS",
        "price": "350",
        "price_per_unit": "3500",
        "price_unit": "G"
      },
      {
        "state": "ACT",
        "price": "350",
        "price_per_unit": "3500",
        "price_unit": "G"
      },
      {
        "state": "NT",
        "price": "350",
        "price_per_unit": "3500",
        "price_unit": "G"
      }
    ]
  },
  {
    "source_url": "https://www.woolworths.com.au/shop/productdetails/1074215940/island-curries-madras-gluten-free-curry-paste-1kg",
    "name": "Island Curries Madras Gluten Free Curry Paste 1kg",
    "image_url": "https://cdn1.woolworths.media/content/wowproductimages/large/1074215940.jpg",
    "source_id": "Woolworths - 1074215940",
    "barcode": null,
    "category_id": "1_39FD49C",
    "shop": "Woolworths",
    "weight": "100G",
    "prices": [
      {
        "state": "NSW",
        "price": "350",
        "price_per_unit": "3500",
        "price_unit": "G"
      },
      {
        "state": "VIC",
        "price": "350",
        "price_per_unit": "3500",
        "price_unit": "G"
      },
      {
        "state": "QLD",
        "price": "350",
        "price_per_unit": "3500",
        "price_unit": "G"
      },
      {
        "state": "WA",
        "price": "350",
        "price_per_unit": "3500",
        "price_unit": "G"
      },
      {
        "state": "SA",
        "price": "350",
        "price_per_unit": "3500",
        "price_unit": "G"
      },
      {
        "state": "TAS",
        "price": "350",
        "price_per_unit": "3500",
        "price_unit": "G"
      },
      {
        "state": "ACT",
        "price": "350",
        "price_per_unit": "3500",
        "price_unit": "G"
      },
      {
        "state": "NT",
        "price": "350",
        "price_per_unit": "3500",
        "price_unit": "G"
      }
    ]
  },
  {
    "source_url": "https://www.woolworths.com.au/shop/productdetails/1074214966/island-curries-massaman-gluten-free-curry-paste-1kg",
    "name": "Island Curries Massaman Gluten Free Curry Paste 1kg",
    "image_url": "https://cdn1.woolworths.media/content/wowproductimages/large/1074214966.jpg",
    "source_id": "Woolworths - 1074214966",
    "barcode": null,
    "category_id": "1_39FD49C",
    "shop": "Woolworths",
    "weight": "100G",
    "prices": [
      {
        "state": "NSW",
        "price": "350",
        "price_per_unit": "3500",
        "price_unit": "G"
      },
      {
        "state": "VIC",
        "price": "350",
        "price_per_unit": "3500",
        "price_unit": "G"
      },
      {
        "state": "QLD",
        "price": "350",
        "price_per_unit": "3500",
        "price_unit": "G"
      },
      {
        "state": "WA",
        "price": "350",
        "price_per_unit": "3500",
        "price_unit": "G"
      },
      {
        "state": "SA",
        "price": "350",
        "price_per_unit": "3500",
        "price_unit": "G"
      },
      {
        "state": "TAS",
        "price": "350",
        "price_per_unit": "3500",
        "price_unit": "G"
      },
      {
        "state": "ACT",
        "price": "350",
        "price_per_unit": "3500",
        "price_unit": "G"
      },
      {
        "state": "NT",
        "price": "350",
        "price_per_unit": "3500",
        "price_unit": "G"
      }
    ]
  },
  {
    "source_url": "https://www.woolworths.com.au/shop/productdetails/1074214938/island-curries-tandoori-gluten-free-curry-paste-1kg",
    "name": "Island Curries Tandoori Gluten Free Curry Paste 1kg",
    "image_url": "https://cdn1.woolworths.media/content/wowproductimages/large/1074214938.jpg",
    "source_id": "Woolworths - 1074214938",
    "barcode": null,
    "category_id": "1_39FD49C",
    "shop": "Woolworths",
    "weight": "100G",
    "prices": [
      {
        "state": "NSW",
        "price": "350",
        "price_per_unit": "3500",
        "price_unit": "G"
      },
      {
        "state": "VIC",
        "price": "350",
        "price_per_unit": "3500",
        "price_unit": "G"
      },
      {
        "state": "QLD",
        "price": "350",
        "price_per_unit": "3500",
        "price_unit": "G"
      },
      {
        "state": "WA",
        "price": "350",
        "price_per_unit": "3500",
        "price_unit": "G"
      },
      {
        "state": "SA",
        "price": "350",
        "price_per_unit": "3500",
        "price_unit": "G"
      },
      {
        "state": "TAS",
        "price": "350",
        "price_per_unit": "3500",
        "price_unit": "G"
      },
      {
        "state": "ACT",
        "price": "350",
        "price_per_unit": "3500",
        "price_unit": "G"
      },
      {
        "state": "NT",
        "price": "350",
        "price_per_unit": "3500",
        "price_unit": "G"
      }
    ]
  },
  {
    "source_url": "https://www.woolworths.com.au/shop/productdetails/1074215961/island-curries-tasmanian-curry-jars-no-4-khorma-paste-225g-madras-paste-225g-gluten-free-curry-paste-duo",
    "name": "Island Curries Tasmanian Curry Jars No.4 Khorma Paste 225g Madras Paste 225g Gluten Free Curry Paste Duo",
    "image_url": "https://cdn1.woolworths.media/content/wowproductimages/large/1074215961.jpg",
    "source_id": "Woolworths - 1074215961",
    "barcode": null,
    "category_id": "1_39FD49C",
    "shop": "Woolworths",
    "weight": "100G",
    "prices": [
      {
        "state": "NSW",
        "price": "656",
        "price_per_unit": "2950",
        "price_unit": "G"
      },
      {
        "state": "VIC",
        "price": "656",
        "price_per_unit": "2950",
        "price_unit": "G"
      },
      {
        "state": "QLD",
        "price": "656",
        "price_per_unit": "2950",
        "price_unit": "G"
      },
      {
        "state": "WA",
        "price": "656",
        "price_per_unit": "2950",
        "price_unit": "G"
      },
      {
        "state": "SA",
        "price": "656",
        "price_per_unit": "2950",
        "price_unit": "G"
      },
      {
        "state": "TAS",
        "price": "656",
        "price_per_unit": "2950",
        "price_unit": "G"
      },
      {
        "state": "ACT",
        "price": "656",
        "price_per_unit": "2950",
        "price_unit": "G"
      },
      {
        "state": "NT",
        "price": "656",
        "price_per_unit": "2950",
        "price_unit": "G"
      }
    ]
  },
  {
    "source_url": "https://www.woolworths.com.au/shop/productdetails/1074214934/island-curries-tikka-gluten-free-curry-paste-1kg",
    "name": "Island Curries Tikka Gluten Free Curry Paste 1kg",
    "image_url": "https://cdn1.woolworths.media/content/wowproductimages/large/1074214934.jpg",
    "source_id": "Woolworths - 1074214934",
    "barcode": null,
    "category_id": "1_39FD49C",
    "shop": "Woolworths",
    "weight": "100G",
    "prices": [
      {
        "state": "NSW",
        "price": "350",
        "price_per_unit": "3500",
        "price_unit": "G"
      },
      {
        "state": "VIC",
        "price": "350",
        "price_per_unit": "3500",
        "price_unit": "G"
      },
      {
        "state": "QLD",
        "price": "350",
        "price_per_unit": "3500",
        "price_unit": "G"
      },
      {
        "state": "WA",
        "price": "350",
        "price_per_unit": "3500",
        "price_unit": "G"
      },
      {
        "state": "SA",
        "price": "350",
        "price_per_unit": "3500",
        "price_unit": "G"
      },
      {
        "state": "TAS",
        "price": "350",
        "price_per_unit": "3500",
        "price_unit": "G"
      },
      {
        "state": "ACT",
        "price": "350",
        "price_per_unit": "3500",
        "price_unit": "G"
      },
      {
        "state": "NT",
        "price": "350",
        "price_per_unit": "3500",
        "price_unit": "G"
      }
    ]
  },
  {
    "source_url": "https://www.woolworths.com.au/shop/productdetails/1074214949/island-curries-vindaloo-gluten-free-curry-paste-1kg",
    "name": "Island Curries Vindaloo Gluten Free Curry Paste 1kg",
    "image_url": "https://cdn1.woolworths.media/content/wowproductimages/large/1074214949.jpg",
    "source_id": "Woolworths - 1074214949",
    "barcode": null,
    "category_id": "1_39FD49C",
    "shop": "Woolworths",
    "weight": "100G",
    "prices": [
      {
        "state": "NSW",
        "price": "350",
        "price_per_unit": "3500",
        "price_unit": "G"
      },
      {
        "state": "VIC",
        "price": "350",
        "price_per_unit": "3500",
        "price_unit": "G"
      },
      {
        "state": "QLD",
        "price": "350",
        "price_per_unit": "3500",
        "price_unit": "G"
      },
      {
        "state": "WA",
        "price": "350",
        "price_per_unit": "3500",
        "price_unit": "G"
      },
      {
        "state": "SA",
        "price": "350",
        "price_per_unit": "3500",
        "price_unit": "G"
      },
      {
        "state": "TAS",
        "price": "350",
        "price_per_unit": "3500",
        "price_unit": "G"
      },
      {
        "state": "ACT",
        "price": "350",
        "price_per_unit": "3500",
        "price_unit": "G"
      },
      {
        "state": "NT",
        "price": "350",
        "price_per_unit": "3500",
        "price_unit": "G"
      }
    ]
  },
  {
    "source_url": "https://www.woolworths.com.au/shop/productdetails/754002/katoomba-chickpeas",
    "name": "Katoomba Chickpeas 1kg",
    "image_url": "https://cdn1.woolworths.media/content/wowproductimages/large/754002.jpg",
    "source_id": "Woolworths - 754002",
    "barcode": "9317471189020",
    "category_id": "1_39FD49C",
    "shop": "Woolworths",
    "weight": "100G",
    "prices": [
      {
        "state": "NSW",
        "price": "45",
        "price_per_unit": "450",
        "price_unit": "G"
      },
      {
        "state": "VIC",
        "price": "45",
        "price_per_unit": "450",
        "price_unit": "G"
      },
      {
        "state": "QLD",
        "price": "45",
        "price_per_unit": "450",
        "price_unit": "G"
      },
      {
        "state": "WA",
        "price": "45",
        "price_per_unit": "450",
        "price_unit": "G"
      },
      {
        "state": "TAS",
        "price": "45",
        "price_per_unit": "450",
        "price_unit": "G"
      },
      {
        "state": "NT",
        "price": "45",
        "price_per_unit": "450",
        "price_unit": "G"
      }
    ]
  },
  {
    "source_url": "https://www.woolworths.com.au/shop/productdetails/753943/katoomba-garlic-ginger",
    "name": "Katoomba Garlic & Ginger 1kg",
    "image_url": "https://cdn1.woolworths.media/content/wowproductimages/large/753943.jpg",
    "source_id": "Woolworths - 753943",
    "barcode": "9317471006020",
    "category_id": "1_39FD49C",
    "shop": "Woolworths",
    "weight": "100G",
    "prices": [
      {
        "state": "NSW",
        "price": "55",
        "price_per_unit": "550",
        "price_unit": "G"
      },
      {
        "state": "VIC",
        "price": "55",
        "price_per_unit": "550",
        "price_unit": "G"
      },
      {
        "state": "QLD",
        "price": "55",
        "price_per_unit": "550",
        "price_unit": "G"
      },
      {
        "state": "WA",
        "price": "55",
        "price_per_unit": "550",
        "price_unit": "G"
      },
      {
        "state": "TAS",
        "price": "55",
        "price_per_unit": "550",
        "price_unit": "G"
      },
      {
        "state": "NT",
        "price": "55",
        "price_per_unit": "550",
        "price_unit": "G"
      }
    ]
  },
  {
    "source_url": "https://www.woolworths.com.au/shop/productdetails/753907/katoomba-garlic",
    "name": "Katoomba Garlic 1kg",
    "image_url": "https://cdn1.woolworths.media/content/wowproductimages/large/753907.jpg",
    "source_id": "Woolworths - 753907",
    "barcode": "9317471188368",
    "category_id": "1_39FD49C",
    "shop": "Woolworths",
    "weight": "100G",
    "prices": [
      {
        "state": "NSW",
        "price": "55",
        "price_per_unit": "550",
        "price_unit": "G"
      },
      {
        "state": "VIC",
        "price": "55",
        "price_per_unit": "550",
        "price_unit": "G"
      },
      {
        "state": "QLD",
        "price": "55",
        "price_per_unit": "550",
        "price_unit": "G"
      },
      {
        "state": "WA",
        "price": "55",
        "price_per_unit": "550",
        "price_unit": "G"
      },
      {
        "state": "TAS",
        "price": "55",
        "price_per_unit": "550",
        "price_unit": "G"
      },
      {
        "state": "NT",
        "price": "55",
        "price_per_unit": "550",
        "price_unit": "G"
      }
    ]
  },
  {
    "source_url": "https://www.woolworths.com.au/shop/productdetails/123986/katoomba-ghee",
    "name": "Katoomba Ghee 700mL",
    "image_url": "https://cdn1.woolworths.media/content/wowproductimages/large/123986.jpg",
    "source_id": "Woolworths - 123986",
    "barcode": "9317471001995",
    "category_id": "1_39FD49C",
    "shop": "Woolworths",
    "weight": "100ML",
    "prices": [
      {
        "state": "NSW",
        "price": "286",
        "price_per_unit": "2000",
        "price_unit": "ML"
      },
      {
        "state": "VIC",
        "price": "286",
        "price_per_unit": "2000",
        "price_unit": "ML"
      },
      {
        "state": "QLD",
        "price": "286",
        "price_per_unit": "2000",
        "price_unit": "ML"
      },
      {
        "state": "WA",
        "price": "286",
        "price_per_unit": "2000",
        "price_unit": "ML"
      },
      {
        "state": "TAS",
        "price": "286",
        "price_per_unit": "2000",
        "price_unit": "ML"
      },
      {
        "state": "NT",
        "price": "286",
        "price_per_unit": "2000",
        "price_unit": "ML"
      }
    ]
  },
  {
    "source_url": "https://www.woolworths.com.au/shop/productdetails/753899/katoomba-ginger",
    "name": "Katoomba Ginger 1kg",
    "image_url": "https://cdn1.woolworths.media/content/wowproductimages/large/753899.jpg",
    "source_id": "Woolworths - 753899",
    "barcode": "9317471188450",
    "category_id": "1_39FD49C",
    "shop": "Woolworths",
    "weight": "10G",
    "prices": [
      {
        "state": "NSW",
        "price": "6",
        "price_per_unit": "550",
        "price_unit": "G"
      },
      {
        "state": "VIC",
        "price": "6",
        "price_per_unit": "550",
        "price_unit": "G"
      },
      {
        "state": "QLD",
        "price": "6",
        "price_per_unit": "550",
        "price_unit": "G"
      },
      {
        "state": "WA",
        "price": "6",
        "price_per_unit": "550",
        "price_unit": "G"
      },
      {
        "state": "TAS",
        "price": "6",
        "price_per_unit": "550",
        "price_unit": "G"
      },
      {
        "state": "NT",
        "price": "6",
        "price_per_unit": "550",
        "price_unit": "G"
      }
    ]
  },
  {
    "source_url": "https://www.woolworths.com.au/shop/productdetails/753890/katoomba-ingredients-chana-dal",
    "name": "Katoomba Ingredients Chana Dal 1kg",
    "image_url": "https://cdn1.woolworths.media/content/wowproductimages/large/753890.jpg",
    "source_id": "Woolworths - 753890",
    "barcode": "9317471189013",
    "category_id": "1_39FD49C",
    "shop": "Woolworths",
    "weight": "100G",
    "prices": [
      {
        "state": "NSW",
        "price": "30",
        "price_per_unit": "300",
        "price_unit": "G"
      },
      {
        "state": "VIC",
        "price": "30",
        "price_per_unit": "300",
        "price_unit": "G"
      },
      {
        "state": "QLD",
        "price": "30",
        "price_per_unit": "300",
        "price_unit": "G"
      },
      {
        "state": "WA",
        "price": "30",
        "price_per_unit": "300",
        "price_unit": "G"
      },
      {
        "state": "NT",
        "price": "30",
        "price_per_unit": "300",
        "price_unit": "G"
      }
    ]
  },
  {
    "source_url": "https://www.woolworths.com.au/shop/productdetails/754031/katoomba-ingredients-moong-dal",
    "name": "Katoomba Ingredients Moong Dal 1kg",
    "image_url": "https://cdn1.woolworths.media/content/wowproductimages/large/754031.jpg",
    "source_id": "Woolworths - 754031",
    "barcode": "9317471189044",
    "category_id": "1_39FD49C",
    "shop": "Woolworths",
    "weight": "100G",
    "prices": [
      {
        "state": "NSW",
        "price": "47",
        "price_per_unit": "470",
        "price_unit": "G"
      },
      {
        "state": "VIC",
        "price": "47",
        "price_per_unit": "470",
        "price_unit": "G"
      },
      {
        "state": "QLD",
        "price": "47",
        "price_per_unit": "470",
        "price_unit": "G"
      },
      {
        "state": "WA",
        "price": "47",
        "price_per_unit": "470",
        "price_unit": "G"
      },
      {
        "state": "NT",
        "price": "47",
        "price_per_unit": "470",
        "price_unit": "G"
      }
    ]
  },
  {
    "source_url": "https://www.woolworths.com.au/shop/productdetails/753947/katoomba-ingredients-red-lentils",
    "name": "Katoomba Ingredients Red Lentils 1kg",
    "image_url": "https://cdn1.woolworths.media/content/wowproductimages/large/753947.jpg",
    "source_id": "Woolworths - 753947",
    "barcode": "9317471189051",
    "category_id": "1_39FD49C",
    "shop": "Woolworths",
    "weight": "100G",
    "prices": [
      {
        "state": "NSW",
        "price": "40",
        "price_per_unit": "400",
        "price_unit": "G"
      },
      {
        "state": "VIC",
        "price": "40",
        "price_per_unit": "400",
        "price_unit": "G"
      },
      {
        "state": "QLD",
        "price": "40",
        "price_per_unit": "400",
        "price_unit": "G"
      },
      {
        "state": "WA",
        "price": "40",
        "price_per_unit": "400",
        "price_unit": "G"
      },
      {
        "state": "TAS",
        "price": "40",
        "price_per_unit": "400",
        "price_unit": "G"
      },
      {
        "state": "NT",
        "price": "40",
        "price_per_unit": "400",
        "price_unit": "G"
      }
    ]
  },
  {
    "source_url": "https://www.woolworths.com.au/shop/productdetails/753954/katoomba-ingredients-toor-dal",
    "name": "Katoomba Ingredients Toor Dal 1kg",
    "image_url": "https://cdn1.woolworths.media/content/wowproductimages/large/753954.jpg",
    "source_id": "Woolworths - 753954",
    "barcode": "9317471189068",
    "category_id": "1_39FD49C",
    "shop": "Woolworths",
    "weight": "100G",
    "prices": [
      {
        "state": "NSW",
        "price": "47",
        "price_per_unit": "470",
        "price_unit": "G"
      },
      {
        "state": "VIC",
        "price": "47",
        "price_per_unit": "470",
        "price_unit": "G"
      },
      {
        "state": "QLD",
        "price": "47",
        "price_per_unit": "470",
        "price_unit": "G"
      },
      {
        "state": "WA",
        "price": "47",
        "price_per_unit": "470",
        "price_unit": "G"
      },
      {
        "state": "NT",
        "price": "47",
        "price_per_unit": "470",
        "price_unit": "G"
      }
    ]
  },
  {
    "source_url": "https://www.woolworths.com.au/shop/productdetails/753984/katoomba-ingredients-tyson-chickpeas",
    "name": "Katoomba Ingredients Tyson Chickpeas 1kg",
    "image_url": "https://cdn1.woolworths.media/content/wowproductimages/large/753984.jpg",
    "source_id": "Woolworths - 753984",
    "barcode": "9317471189082",
    "category_id": "1_39FD49C",
    "shop": "Woolworths",
    "weight": "100G",
    "prices": [
      {
        "state": "NSW",
        "price": "25",
        "price_per_unit": "250",
        "price_unit": "G"
      },
      {
        "state": "VIC",
        "price": "25",
        "price_per_unit": "250",
        "price_unit": "G"
      },
      {
        "state": "QLD",
        "price": "25",
        "price_per_unit": "250",
        "price_unit": "G"
      },
      {
        "state": "WA",
        "price": "25",
        "price_per_unit": "250",
        "price_unit": "G"
      },
      {
        "state": "NT",
        "price": "25",
        "price_per_unit": "250",
        "price_unit": "G"
      }
    ]
  },
  {
    "source_url": "https://www.woolworths.com.au/shop/productdetails/753948/katoomba-ingredients-yellow-split-peas",
    "name": "Katoomba Ingredients Yellow Split Peas 1kg",
    "image_url": "https://cdn1.woolworths.media/content/wowproductimages/large/753948.jpg",
    "source_id": "Woolworths - 753948",
    "barcode": "9317471189099",
    "category_id": "1_39FD49C",
    "shop": "Woolworths",
    "weight": "100G",
    "prices": [
      {
        "state": "NSW",
        "price": "25",
        "price_per_unit": "250",
        "price_unit": "G"
      },
      {
        "state": "VIC",
        "price": "25",
        "price_per_unit": "250",
        "price_unit": "G"
      },
      {
        "state": "QLD",
        "price": "25",
        "price_per_unit": "250",
        "price_unit": "G"
      },
      {
        "state": "WA",
        "price": "25",
        "price_per_unit": "250",
        "price_unit": "G"
      },
      {
        "state": "NT",
        "price": "25",
        "price_per_unit": "250",
        "price_unit": "G"
      }
    ]
  },
  {
    "source_url": "https://www.woolworths.com.au/shop/productdetails/753983/katoomba-kidney-beans-dark-red",
    "name": "Katoomba Kidney Beans Dark Red 1kg",
    "image_url": "https://cdn1.woolworths.media/content/wowproductimages/large/753983.jpg",
    "source_id": "Woolworths - 753983",
    "barcode": "9317471189075",
    "category_id": "1_39FD49C",
    "shop": "Woolworths",
    "weight": "100G",
    "prices": [
      {
        "state": "NSW",
        "price": "52",
        "price_per_unit": "520",
        "price_unit": "G"
      },
      {
        "state": "VIC",
        "price": "52",
        "price_per_unit": "520",
        "price_unit": "G"
      },
      {
        "state": "QLD",
        "price": "52",
        "price_per_unit": "520",
        "price_unit": "G"
      },
      {
        "state": "WA",
        "price": "52",
        "price_per_unit": "520",
        "price_unit": "G"
      },
      {
        "state": "NT",
        "price": "52",
        "price_per_unit": "520",
        "price_unit": "G"
      }
    ]
  },
  {
    "source_url": "https://www.woolworths.com.au/shop/productdetails/753946/katoomba-mung-beans",
    "name": "Katoomba Mung Beans 1kg",
    "image_url": "https://cdn1.woolworths.media/content/wowproductimages/large/753946.jpg",
    "source_id": "Woolworths - 753946",
    "barcode": "9317471183219",
    "category_id": "1_39FD49C",
    "shop": "Woolworths",
    "weight": "100G",
    "prices": [
      {
        "state": "NSW",
        "price": "40",
        "price_per_unit": "400",
        "price_unit": "G"
      },
      {
        "state": "VIC",
        "price": "40",
        "price_per_unit": "400",
        "price_unit": "G"
      },
      {
        "state": "QLD",
        "price": "40",
        "price_per_unit": "400",
        "price_unit": "G"
      },
      {
        "state": "WA",
        "price": "40",
        "price_per_unit": "400",
        "price_unit": "G"
      },
      {
        "state": "NT",
        "price": "40",
        "price_per_unit": "400",
        "price_unit": "G"
      }
    ]
  },
  {
    "source_url": "https://www.woolworths.com.au/shop/productdetails/754842/katoomba-urid-dal",
    "name": "Katoomba Urid Dal 1kg",
    "image_url": "https://cdn1.woolworths.media/content/wowproductimages/large/754842.jpg",
    "source_id": "Woolworths - 754842",
    "barcode": "9317471189105",
    "category_id": "1_39FD49C",
    "shop": "Woolworths",
    "weight": "100G",
    "prices": [
      {
        "state": "NSW",
        "price": "45",
        "price_per_unit": "450",
        "price_unit": "G"
      },
      {
        "state": "VIC",
        "price": "45",
        "price_per_unit": "450",
        "price_unit": "G"
      },
      {
        "state": "QLD",
        "price": "45",
        "price_per_unit": "450",
        "price_unit": "G"
      },
      {
        "state": "WA",
        "price": "45",
        "price_per_unit": "450",
        "price_unit": "G"
      },
      {
        "state": "NT",
        "price": "45",
        "price_per_unit": "450",
        "price_unit": "G"
      }
    ]
  },
  {
    "source_url": "https://www.woolworths.com.au/shop/productdetails/753333/katoomba-whole-black-urid",
    "name": "Katoomba Whole Black Urid 1kg",
    "image_url": "https://cdn1.woolworths.media/content/wowproductimages/large/753333.jpg",
    "source_id": "Woolworths - 753333",
    "barcode": "9317471189204",
    "category_id": "1_39FD49C",
    "shop": "Woolworths",
    "weight": "100G",
    "prices": [
      {
        "state": "NSW",
        "price": "40",
        "price_per_unit": "400",
        "price_unit": "G"
      },
      {
        "state": "VIC",
        "price": "40",
        "price_per_unit": "400",
        "price_unit": "G"
      },
      {
        "state": "QLD",
        "price": "40",
        "price_per_unit": "400",
        "price_unit": "G"
      },
      {
        "state": "WA",
        "price": "40",
        "price_per_unit": "400",
        "price_unit": "G"
      },
      {
        "state": "NT",
        "price": "40",
        "price_per_unit": "400",
        "price_unit": "G"
      }
    ]
  },
  {
    "source_url": "https://www.woolworths.com.au/shop/productdetails/742628/kozhikoden-banana-chips",
    "name": "Kozhikoden Banana Chips 200g",
    "image_url": "https://cdn1.woolworths.media/content/wowproductimages/large/742628.jpg",
    "source_id": "Woolworths - 742628",
    "barcode": "8906064701018",
    "category_id": "1_39FD49C",
    "shop": "Woolworths",
    "weight": "100G",
    "prices": [
      {
        "state": "NSW",
        "price": "175",
        "price_per_unit": "350",
        "price_unit": "G"
      },
      {
        "state": "ACT",
        "price": "175",
        "price_per_unit": "350",
        "price_unit": "G"
      }
    ]
  },
  {
    "source_url": "https://www.woolworths.com.au/shop/productdetails/742651/kozhikoden-kerala-mix",
    "name": "Kozhikoden Kerala Mix 200g",
    "image_url": "https://cdn1.woolworths.media/content/wowproductimages/large/742651.jpg",
    "source_id": "Woolworths - 742651",
    "barcode": "8906064701124",
    "category_id": "1_39FD49C",
    "shop": "Woolworths",
    "weight": "100G",
    "prices": [
      {
        "state": "NSW",
        "price": "175",
        "price_per_unit": "350",
        "price_unit": "G"
      },
      {
        "state": "ACT",
        "price": "175",
        "price_per_unit": "350",
        "price_unit": "G"
      }
    ]
  },
  {
    "source_url": "https://www.woolworths.com.au/shop/productdetails/57488/kushi-cake-rusk",
    "name": "Kushi Cake Rusk 400g",
    "image_url": "https://cdn1.woolworths.media/content/wowproductimages/large/057488.jpg",
    "source_id": "Woolworths - 57488",
    "barcode": "9317471001797",
    "category_id": "1_39FD49C",
    "shop": "Woolworths",
    "weight": "100G",
    "prices": [
      {
        "state": "NSW",
        "price": "150",
        "price_per_unit": "600",
        "price_unit": "G"
      },
      {
        "state": "VIC",
        "price": "150",
        "price_per_unit": "600",
        "price_unit": "G"
      },
      {
        "state": "QLD",
        "price": "150",
        "price_per_unit": "600",
        "price_unit": "G"
      },
      {
        "state": "WA",
        "price": "150",
        "price_per_unit": "600",
        "price_unit": "G"
      },
      {
        "state": "TAS",
        "price": "150",
        "price_per_unit": "600",
        "price_unit": "G"
      },
      {
        "state": "ACT",
        "price": "150",
        "price_per_unit": "600",
        "price_unit": "G"
      },
      {
        "state": "NT",
        "price": "150",
        "price_per_unit": "600",
        "price_unit": "G"
      }
    ]
  },
  {
    "source_url": "https://www.woolworths.com.au/shop/productdetails/667709/kushi-lychee-juice",
    "name": "Kushi Lychee Juice 1l",
    "image_url": "https://cdn1.woolworths.media/content/wowproductimages/large/667709.jpg",
    "source_id": "Woolworths - 667709",
    "barcode": "9317471001735",
    "category_id": "1_39FD49C",
    "shop": "Woolworths",
    "weight": "100ML",
    "prices": [
      {
        "state": "NSW",
        "price": "40",
        "price_per_unit": "400",
        "price_unit": "ML"
      },
      {
        "state": "VIC",
        "price": "40",
        "price_per_unit": "400",
        "price_unit": "ML"
      },
      {
        "state": "QLD",
        "price": "40",
        "price_per_unit": "400",
        "price_unit": "ML"
      },
      {
        "state": "WA",
        "price": "40",
        "price_per_unit": "400",
        "price_unit": "ML"
      },
      {
        "state": "TAS",
        "price": "40",
        "price_per_unit": "400",
        "price_unit": "ML"
      },
      {
        "state": "ACT",
        "price": "40",
        "price_per_unit": "400",
        "price_unit": "ML"
      },
      {
        "state": "NT",
        "price": "40",
        "price_per_unit": "400",
        "price_unit": "ML"
      }
    ]
  },
  {
    "source_url": "https://www.woolworths.com.au/shop/productdetails/667708/kushi-mango-juice",
    "name": "Kushi Mango Juice 1l",
    "image_url": "https://cdn1.woolworths.media/content/wowproductimages/large/667708.jpg",
    "source_id": "Woolworths - 667708",
    "barcode": "9317471001704",
    "category_id": "1_39FD49C",
    "shop": "Woolworths",
    "weight": "100ML",
    "prices": [
      {
        "state": "NSW",
        "price": "40",
        "price_per_unit": "400",
        "price_unit": "ML"
      },
      {
        "state": "VIC",
        "price": "40",
        "price_per_unit": "400",
        "price_unit": "ML"
      },
      {
        "state": "QLD",
        "price": "40",
        "price_per_unit": "400",
        "price_unit": "ML"
      },
      {
        "state": "WA",
        "price": "40",
        "price_per_unit": "400",
        "price_unit": "ML"
      },
      {
        "state": "TAS",
        "price": "40",
        "price_per_unit": "400",
        "price_unit": "ML"
      },
      {
        "state": "ACT",
        "price": "40",
        "price_per_unit": "400",
        "price_unit": "ML"
      },
      {
        "state": "NT",
        "price": "40",
        "price_per_unit": "400",
        "price_unit": "ML"
      }
    ]
  },
  {
    "source_url": "https://www.woolworths.com.au/shop/productdetails/667760/kushi-pink-guava-juice",
    "name": "Kushi Pink Guava Juice 1l",
    "image_url": "https://cdn1.woolworths.media/content/wowproductimages/large/667760.jpg",
    "source_id": "Woolworths - 667760",
    "barcode": "9317471001711",
    "category_id": "1_39FD49C",
    "shop": "Woolworths",
    "weight": "100ML",
    "prices": [
      {
        "state": "NSW",
        "price": "40",
        "price_per_unit": "400",
        "price_unit": "ML"
      },
      {
        "state": "TAS",
        "price": "40",
        "price_per_unit": "400",
        "price_unit": "ML"
      },
      {
        "state": "ACT",
        "price": "40",
        "price_per_unit": "400",
        "price_unit": "ML"
      }
    ]
  },
  {
    "source_url": "https://www.woolworths.com.au/shop/productdetails/667755/kushi-pomegranate-juice",
    "name": "Kushi Pomegranate Juice 1l",
    "image_url": "https://cdn1.woolworths.media/content/wowproductimages/large/667755.jpg",
    "source_id": "Woolworths - 667755",
    "barcode": "9317471001728",
    "category_id": "1_39FD49C",
    "shop": "Woolworths",
    "weight": "100ML",
    "prices": [
      {
        "state": "NSW",
        "price": "40",
        "price_per_unit": "400",
        "price_unit": "ML"
      },
      {
        "state": "VIC",
        "price": "40",
        "price_per_unit": "400",
        "price_unit": "ML"
      },
      {
        "state": "QLD",
        "price": "40",
        "price_per_unit": "400",
        "price_unit": "ML"
      },
      {
        "state": "WA",
        "price": "40",
        "price_per_unit": "400",
        "price_unit": "ML"
      },
      {
        "state": "TAS",
        "price": "40",
        "price_per_unit": "400",
        "price_unit": "ML"
      },
      {
        "state": "ACT",
        "price": "40",
        "price_per_unit": "400",
        "price_unit": "ML"
      },
      {
        "state": "NT",
        "price": "40",
        "price_per_unit": "400",
        "price_unit": "ML"
      }
    ]
  },
  {
    "source_url": "https://www.woolworths.com.au/shop/productdetails/770070/limca-drink-can",
    "name": "Limca Drink Can 300ml",
    "image_url": "https://cdn1.woolworths.media/content/wowproductimages/large/770070.jpg",
    "source_id": "Woolworths - 770070",
    "barcode": "8901764051104",
    "category_id": "1_39FD49C",
    "shop": "Woolworths",
    "weight": "1L",
    "prices": [
      {
        "state": "NSW",
        "price": "833",
        "price_per_unit": "250",
        "price_unit": "L"
      },
      {
        "state": "VIC",
        "price": "833",
        "price_per_unit": "250",
        "price_unit": "L"
      },
      {
        "state": "QLD",
        "price": "833",
        "price_per_unit": "250",
        "price_unit": "L"
      },
      {
        "state": "WA",
        "price": "833",
        "price_per_unit": "250",
        "price_unit": "L"
      },
      {
        "state": "ACT",
        "price": "833",
        "price_per_unit": "250",
        "price_unit": "L"
      },
      {
        "state": "NT",
        "price": "833",
        "price_per_unit": "250",
        "price_unit": "L"
      }
    ]
  },
  {
    "source_url": "https://www.woolworths.com.au/shop/productdetails/742654/maggi-masala-noodles",
    "name": "Maggi Masala Noodles 8 Pack",
    "image_url": "https://cdn1.woolworths.media/content/wowproductimages/large/742654.jpg",
    "source_id": "Woolworths - 742654",
    "barcode": "8901058823844",
    "category_id": "1_39FD49C",
    "shop": "Woolworths",
    "weight": "100G",
    "prices": [
      {
        "state": "NSW",
        "price": "80",
        "price_per_unit": "450",
        "price_unit": "G"
      },
      {
        "state": "VIC",
        "price": "80",
        "price_per_unit": "450",
        "price_unit": "G"
      },
      {
        "state": "QLD",
        "price": "80",
        "price_per_unit": "450",
        "price_unit": "G"
      },
      {
        "state": "WA",
        "price": "80",
        "price_per_unit": "450",
        "price_unit": "G"
      },
      {
        "state": "ACT",
        "price": "80",
        "price_per_unit": "450",
        "price_unit": "G"
      },
      {
        "state": "NT",
        "price": "80",
        "price_per_unit": "450",
        "price_unit": "G"
      }
    ]
  },
  {
    "source_url": "https://www.woolworths.com.au/shop/productdetails/431113/maharajah-s-choice-besan-flour",
    "name": "Maharajah's Choice Besan Flour 1kg",
    "image_url": "https://cdn1.woolworths.media/content/wowproductimages/large/431113.jpg",
    "source_id": "Woolworths - 431113",
    "barcode": "9311503260114",
    "category_id": "1_39FD49C",
    "shop": "Woolworths",
    "weight": "1KG",
    "prices": [
      {
        "state": "NSW",
        "price": "470",
        "price_per_unit": "470",
        "price_unit": "KG"
      },
      {
        "state": "VIC",
        "price": "470",
        "price_per_unit": "470",
        "price_unit": "KG"
      },
      {
        "state": "QLD",
        "price": "470",
        "price_per_unit": "470",
        "price_unit": "KG"
      },
      {
        "state": "WA",
        "price": "470",
        "price_per_unit": "470",
        "price_unit": "KG"
      },
      {
        "state": "ACT",
        "price": "470",
        "price_per_unit": "470",
        "price_unit": "KG"
      },
      {
        "state": "NT",
        "price": "470",
        "price_per_unit": "470",
        "price_unit": "KG"
      }
    ]
  },
  {
    "source_url": "https://www.woolworths.com.au/shop/productdetails/124845/maharajah-s-choice-cardamom-green-pods",
    "name": "Maharajah's Choice Cardamom Green Pods 50g",
    "image_url": "https://cdn1.woolworths.media/content/wowproductimages/large/124845.jpg",
    "source_id": "Woolworths - 124845",
    "barcode": "9311503100311",
    "category_id": "1_39FD49C",
    "shop": "Woolworths",
    "weight": "100G",
    "prices": [
      {
        "state": "NSW",
        "price": "960",
        "price_per_unit": "480",
        "price_unit": "G"
      },
      {
        "state": "VIC",
        "price": "960",
        "price_per_unit": "480",
        "price_unit": "G"
      },
      {
        "state": "QLD",
        "price": "960",
        "price_per_unit": "480",
        "price_unit": "G"
      },
      {
        "state": "WA",
        "price": "960",
        "price_per_unit": "480",
        "price_unit": "G"
      },
      {
        "state": "ACT",
        "price": "960",
        "price_per_unit": "480",
        "price_unit": "G"
      },
      {
        "state": "NT",
        "price": "960",
        "price_per_unit": "480",
        "price_unit": "G"
      }
    ]
  },
  {
    "source_url": "https://www.woolworths.com.au/shop/productdetails/433185/maharajah-s-choice-crushed-chilli-spice",
    "name": "Maharajah's Choice Crushed Chilli Spice 250g",
    "image_url": "https://cdn1.woolworths.media/content/wowproductimages/large/433185.jpg",
    "source_id": "Woolworths - 433185",
    "barcode": "9311503107136",
    "category_id": "1_39FD49C",
    "shop": "Woolworths",
    "weight": "10G",
    "prices": [
      {
        "state": "VIC",
        "price": "10",
        "price_per_unit": "250",
        "price_unit": "G"
      },
      {
        "state": "QLD",
        "price": "10",
        "price_per_unit": "250",
        "price_unit": "G"
      },
      {
        "state": "WA",
        "price": "10",
        "price_per_unit": "250",
        "price_unit": "G"
      },
      {
        "state": "ACT",
        "price": "10",
        "price_per_unit": "250",
        "price_unit": "G"
      },
      {
        "state": "NT",
        "price": "10",
        "price_per_unit": "250",
        "price_unit": "G"
      }
    ]
  },
  {
    "source_url": "https://www.woolworths.com.au/shop/productdetails/798354/maharajah-s-choice-cumin-seed",
    "name": "Maharajah's Choice Cumin Seed 250g",
    "image_url": "https://cdn1.woolworths.media/content/wowproductimages/large/798354.jpg",
    "source_id": "Woolworths - 798354",
    "barcode": "9311503107266",
    "category_id": "1_39FD49C",
    "shop": "Woolworths",
    "weight": "100G",
    "prices": [
      {
        "state": "NSW",
        "price": "120",
        "price_per_unit": "300",
        "price_unit": "G"
      },
      {
        "state": "VIC",
        "price": "120",
        "price_per_unit": "300",
        "price_unit": "G"
      },
      {
        "state": "QLD",
        "price": "120",
        "price_per_unit": "300",
        "price_unit": "G"
      },
      {
        "state": "WA",
        "price": "120",
        "price_per_unit": "300",
        "price_unit": "G"
      },
      {
        "state": "ACT",
        "price": "120",
        "price_per_unit": "300",
        "price_unit": "G"
      },
      {
        "state": "NT",
        "price": "120",
        "price_per_unit": "300",
        "price_unit": "G"
      }
    ]
  },
  {
    "source_url": "https://www.woolworths.com.au/shop/productdetails/802417/maharajah-s-choice-garam-masala",
    "name": "Maharajah's Choice Garam Masala 250g",
    "image_url": "https://cdn1.woolworths.media/content/wowproductimages/large/802417.jpg",
    "source_id": "Woolworths - 802417",
    "barcode": "9311503107341",
    "category_id": "1_39FD49C",
    "shop": "Woolworths",
    "weight": "100G",
    "prices": [
      {
        "state": "NSW",
        "price": "154",
        "price_per_unit": "385",
        "price_unit": "G"
      },
      {
        "state": "VIC",
        "price": "154",
        "price_per_unit": "385",
        "price_unit": "G"
      },
      {
        "state": "QLD",
        "price": "154",
        "price_per_unit": "385",
        "price_unit": "G"
      },
      {
        "state": "WA",
        "price": "154",
        "price_per_unit": "385",
        "price_unit": "G"
      },
      {
        "state": "ACT",
        "price": "154",
        "price_per_unit": "385",
        "price_unit": "G"
      },
      {
        "state": "NT",
        "price": "154",
        "price_per_unit": "385",
        "price_unit": "G"
      }
    ]
  },
  {
    "source_url": "https://www.woolworths.com.au/shop/productdetails/3925/maharajah-s-choice-garlic-pappadams",
    "name": "Maharajah's Choice Garlic Pappadams 100g",
    "image_url": "https://cdn1.woolworths.media/content/wowproductimages/large/003925.jpg",
    "source_id": "Woolworths - 3925",
    "barcode": "9311503361033",
    "category_id": "1_39FD49C",
    "shop": "Woolworths",
    "weight": "100G",
    "prices": [
      {
        "state": "NSW",
        "price": "100",
        "price_per_unit": "100",
        "price_unit": "G"
      },
      {
        "state": "VIC",
        "price": "100",
        "price_per_unit": "100",
        "price_unit": "G"
      },
      {
        "state": "QLD",
        "price": "100",
        "price_per_unit": "100",
        "price_unit": "G"
      },
      {
        "state": "WA",
        "price": "100",
        "price_per_unit": "100",
        "price_unit": "G"
      },
      {
        "state": "SA",
        "price": "100",
        "price_per_unit": "100",
        "price_unit": "G"
      },
      {
        "state": "TAS",
        "price": "200",
        "price_per_unit": "200",
        "price_unit": "G"
      },
      {
        "state": "ACT",
        "price": "200",
        "price_per_unit": "200",
        "price_unit": "G"
      },
      {
        "state": "NT",
        "price": "200",
        "price_per_unit": "200",
        "price_unit": "G"
      }
    ]
  },
  {
    "source_url": "https://www.woolworths.com.au/shop/productdetails/223725/maharajah-s-choice-ingredients-ghee-pure",
    "name": "Maharajah's Choice Ingredients Ghee Pure 300ml",
    "image_url": "https://cdn1.woolworths.media/content/wowproductimages/large/223725.jpg",
    "source_id": "Woolworths - 223725",
    "barcode": "9311503141208",
    "category_id": "1_39FD49C",
    "shop": "Woolworths",
    "weight": "100ML",
    "prices": [
      {
        "state": "NSW",
        "price": "207",
        "price_per_unit": "620",
        "price_unit": "ML"
      },
      {
        "state": "VIC",
        "price": "207",
        "price_per_unit": "620",
        "price_unit": "ML"
      },
      {
        "state": "QLD",
        "price": "207",
        "price_per_unit": "620",
        "price_unit": "ML"
      },
      {
        "state": "WA",
        "price": "207",
        "price_per_unit": "620",
        "price_unit": "ML"
      },
      {
        "state": "SA",
        "price": "207",
        "price_per_unit": "620",
        "price_unit": "ML"
      },
      {
        "state": "TAS",
        "price": "207",
        "price_per_unit": "620",
        "price_unit": "ML"
      },
      {
        "state": "ACT",
        "price": "208",
        "price_per_unit": "625",
        "price_unit": "ML"
      },
      {
        "state": "NT",
        "price": "207",
        "price_per_unit": "620",
        "price_unit": "ML"
      }
    ]
  },
  {
    "source_url": "https://www.woolworths.com.au/shop/productdetails/3927/maharajah-s-choice-plain-pappadam-pappadams",
    "name": "Maharajah's Choice Plain Pappadam 100g",
    "image_url": "https://cdn1.woolworths.media/content/wowproductimages/large/003927.jpg",
    "source_id": "Woolworths - 3927",
    "barcode": "9311503361019",
    "category_id": "1_39FD49C",
    "shop": "Woolworths",
    "weight": "100G",
    "prices": [
      {
        "state": "NSW",
        "price": "100",
        "price_per_unit": "100",
        "price_unit": "G"
      },
      {
        "state": "VIC",
        "price": "100",
        "price_per_unit": "100",
        "price_unit": "G"
      },
      {
        "state": "QLD",
        "price": "100",
        "price_per_unit": "100",
        "price_unit": "G"
      },
      {
        "state": "WA",
        "price": "100",
        "price_per_unit": "100",
        "price_unit": "G"
      },
      {
        "state": "SA",
        "price": "100",
        "price_per_unit": "100",
        "price_unit": "G"
      },
      {
        "state": "TAS",
        "price": "200",
        "price_per_unit": "200",
        "price_unit": "G"
      },
      {
        "state": "ACT",
        "price": "200",
        "price_per_unit": "200",
        "price_unit": "G"
      },
      {
        "state": "NT",
        "price": "200",
        "price_per_unit": "200",
        "price_unit": "G"
      }
    ]
  },
  {
    "source_url": "https://www.woolworths.com.au/shop/productdetails/799787/maharajah-s-choice-rice-flakes",
    "name": "Maharajah's Choice Rice Flakes 500g",
    "image_url": "https://cdn1.woolworths.media/content/wowproductimages/large/799787.jpg",
    "source_id": "Woolworths - 799787",
    "barcode": "9311503364850",
    "category_id": "1_39FD49C",
    "shop": "Woolworths",
    "weight": "100G",
    "prices": [
      {
        "state": "NSW",
        "price": "44",
        "price_per_unit": "220",
        "price_unit": "G"
      },
      {
        "state": "VIC",
        "price": "44",
        "price_per_unit": "220",
        "price_unit": "G"
      },
      {
        "state": "QLD",
        "price": "44",
        "price_per_unit": "220",
        "price_unit": "G"
      },
      {
        "state": "WA",
        "price": "44",
        "price_per_unit": "220",
        "price_unit": "G"
      },
      {
        "state": "ACT",
        "price": "44",
        "price_per_unit": "220",
        "price_unit": "G"
      },
      {
        "state": "NT",
        "price": "44",
        "price_per_unit": "220",
        "price_unit": "G"
      }
    ]
  },
  {
    "source_url": "https://www.woolworths.com.au/shop/productdetails/431225/maharajah-s-choice-semolina-flour",
    "name": "Maharajah's Choice Semolina Flour 1kg",
    "image_url": "https://cdn1.woolworths.media/content/wowproductimages/large/431225.jpg",
    "source_id": "Woolworths - 431225",
    "barcode": "9311503260886",
    "category_id": "1_39FD49C",
    "shop": "Woolworths",
    "weight": "100G",
    "prices": [
      {
        "state": "NSW",
        "price": "29",
        "price_per_unit": "285",
        "price_unit": "G"
      },
      {
        "state": "VIC",
        "price": "29",
        "price_per_unit": "285",
        "price_unit": "G"
      },
      {
        "state": "QLD",
        "price": "29",
        "price_per_unit": "285",
        "price_unit": "G"
      },
      {
        "state": "WA",
        "price": "29",
        "price_per_unit": "285",
        "price_unit": "G"
      },
      {
        "state": "ACT",
        "price": "29",
        "price_per_unit": "285",
        "price_unit": "G"
      },
      {
        "state": "NT",
        "price": "29",
        "price_per_unit": "285",
        "price_unit": "G"
      }
    ]
  },
  {
    "source_url": "https://www.woolworths.com.au/shop/productdetails/433285/maharajah-s-choice-spice-curry-powder",
    "name": "Maharajah's Choice Spice Curry Powder 250g",
    "image_url": "https://cdn1.woolworths.media/content/wowproductimages/large/433285.jpg",
    "source_id": "Woolworths - 433285",
    "barcode": "9311503120029",
    "category_id": "1_39FD49C",
    "shop": "Woolworths",
    "weight": "10G",
    "prices": [
      {
        "state": "NSW",
        "price": "12",
        "price_per_unit": "300",
        "price_unit": "G"
      },
      {
        "state": "VIC",
        "price": "12",
        "price_per_unit": "300",
        "price_unit": "G"
      },
      {
        "state": "QLD",
        "price": "12",
        "price_per_unit": "300",
        "price_unit": "G"
      },
      {
        "state": "WA",
        "price": "12",
        "price_per_unit": "300",
        "price_unit": "G"
      },
      {
        "state": "ACT",
        "price": "12",
        "price_per_unit": "300",
        "price_unit": "G"
      },
      {
        "state": "NT",
        "price": "12",
        "price_per_unit": "300",
        "price_unit": "G"
      }
    ]
  },
  {
    "source_url": "https://www.woolworths.com.au/shop/productdetails/433284/maharajah-s-choice-turmeric-spice",
    "name": "Maharajah's Choice Turmeric Spice 250g",
    "image_url": "https://cdn1.woolworths.media/content/wowproductimages/large/433284.jpg",
    "source_id": "Woolworths - 433284",
    "barcode": "9311503107808",
    "category_id": "1_39FD49C",
    "shop": "Woolworths",
    "weight": "10G",
    "prices": [
      {
        "state": "NSW",
        "price": "10",
        "price_per_unit": "250",
        "price_unit": "G"
      },
      {
        "state": "VIC",
        "price": "10",
        "price_per_unit": "250",
        "price_unit": "G"
      },
      {
        "state": "QLD",
        "price": "10",
        "price_per_unit": "250",
        "price_unit": "G"
      },
      {
        "state": "WA",
        "price": "10",
        "price_per_unit": "250",
        "price_unit": "G"
      },
      {
        "state": "ACT",
        "price": "10",
        "price_per_unit": "250",
        "price_unit": "G"
      },
      {
        "state": "NT",
        "price": "10",
        "price_per_unit": "250",
        "price_unit": "G"
      }
    ]
  },
  {
    "source_url": "https://www.woolworths.com.au/shop/productdetails/1075480557/melrose-organic-grass-fed-ghee-325ml",
    "name": "Melrose Organic Grass Fed Ghee 325ml",
    "image_url": "https://cdn1.woolworths.media/content/wowproductimages/large/1075480557.jpg",
    "source_id": "Woolworths - 1075480557",
    "barcode": null,
    "category_id": "1_39FD49C",
    "shop": "Woolworths",
    "weight": "100ML",
    "prices": [
      {
        "state": "NSW",
        "price": "614",
        "price_per_unit": "1996",
        "price_unit": "ML"
      },
      {
        "state": "VIC",
        "price": "614",
        "price_per_unit": "1996",
        "price_unit": "ML"
      },
      {
        "state": "QLD",
        "price": "614",
        "price_per_unit": "1996",
        "price_unit": "ML"
      },
      {
        "state": "WA",
        "price": "614",
        "price_per_unit": "1996",
        "price_unit": "ML"
      },
      {
        "state": "SA",
        "price": "614",
        "price_per_unit": "1996",
        "price_unit": "ML"
      },
      {
        "state": "TAS",
        "price": "614",
        "price_per_unit": "1996",
        "price_unit": "ML"
      },
      {
        "state": "ACT",
        "price": "614",
        "price_per_unit": "1996",
        "price_unit": "ML"
      },
      {
        "state": "NT",
        "price": "614",
        "price_per_unit": "1996",
        "price_unit": "ML"
      }
    ]
  },
  {
    "source_url": "https://www.woolworths.com.au/shop/productdetails/339439/mission-naan-bread-garlic-herb",
    "name": "Mission Naan Bread Garlic & Herb 4 Pack",
    "image_url": "https://cdn1.woolworths.media/content/wowproductimages/large/339439.jpg",
    "source_id": "Woolworths - 339439",
    "barcode": "9317224400907",
    "category_id": "1_39FD49C",
    "shop": "Woolworths",
    "weight": "100G",
    "prices": [
      {
        "state": "NSW",
        "price": "146",
        "price_per_unit": "410",
        "price_unit": "G"
      },
      {
        "state": "SA",
        "price": "146",
        "price_per_unit": "410",
        "price_unit": "G"
      },
      {
        "state": "ACT",
        "price": "146",
        "price_per_unit": "410",
        "price_unit": "G"
      }
    ]
  },
  {
    "source_url": "https://www.woolworths.com.au/shop/productdetails/339435/mission-naan-bread-plain",
    "name": "Mission Naan Bread Plain 4 Pack 280g",
    "image_url": "https://cdn1.woolworths.media/content/wowproductimages/large/339435.jpg",
    "source_id": "Woolworths - 339435",
    "barcode": "9317224400891",
    "category_id": "1_39FD49C",
    "shop": "Woolworths",
    "weight": "100G",
    "prices": [
      {
        "state": "NSW",
        "price": "146",
        "price_per_unit": "410",
        "price_unit": "G"
      },
      {
        "state": "SA",
        "price": "146",
        "price_per_unit": "410",
        "price_unit": "G"
      }
    ]
  },
  {
    "source_url": "https://www.woolworths.com.au/shop/productdetails/356673/mtr-ready-to-eat-dal-makhani",
    "name": "MTR Ready To Eat Dal Makhani 300g",
    "image_url": "https://cdn1.woolworths.media/content/wowproductimages/large/356673.jpg",
    "source_id": "Woolworths - 356673",
    "barcode": "8901042957517",
    "category_id": "1_39FD49C",
    "shop": "Woolworths",
    "weight": "100G",
    "prices": [
      {
        "state": "NSW",
        "price": "117",
        "price_per_unit": "350",
        "price_unit": "G"
      },
      {
        "state": "VIC",
        "price": "117",
        "price_per_unit": "350",
        "price_unit": "G"
      },
      {
        "state": "QLD",
        "price": "117",
        "price_per_unit": "350",
        "price_unit": "G"
      },
      {
        "state": "WA",
        "price": "117",
        "price_per_unit": "350",
        "price_unit": "G"
      },
      {
        "state": "ACT",
        "price": "117",
        "price_per_unit": "350",
        "price_unit": "G"
      },
      {
        "state": "NT",
        "price": "117",
        "price_per_unit": "350",
        "price_unit": "G"
      }
    ]
  },
  {
    "source_url": "https://www.woolworths.com.au/shop/productdetails/720618/mtr-ready-to-eat-paneer-butter-masala",
    "name": "MTR Ready To Eat Paneer Butter Masala 300g",
    "image_url": "https://cdn1.woolworths.media/content/wowproductimages/large/720618.jpg",
    "source_id": "Woolworths - 720618",
    "barcode": "8901042957319",
    "category_id": "1_39FD49C",
    "shop": "Woolworths",
    "weight": "100G",
    "prices": [
      {
        "state": "NSW",
        "price": "117",
        "price_per_unit": "350",
        "price_unit": "G"
      }
    ]
  },
  {
    "source_url": "https://www.woolworths.com.au/shop/productdetails/802950/mtr-ready-to-eat-pav-bhaji",
    "name": "MTR Ready To Eat Pav Bhaji 300g",
    "image_url": "https://cdn1.woolworths.media/content/wowproductimages/large/802950.jpg",
    "source_id": "Woolworths - 802950",
    "barcode": "8901042957340",
    "category_id": "1_39FD49C",
    "shop": "Woolworths",
    "weight": "100G",
    "prices": [
      {
        "state": "NSW",
        "price": "117",
        "price_per_unit": "350",
        "price_unit": "G"
      },
      {
        "state": "VIC",
        "price": "117",
        "price_per_unit": "350",
        "price_unit": "G"
      },
      {
        "state": "QLD",
        "price": "117",
        "price_per_unit": "350",
        "price_unit": "G"
      },
      {
        "state": "WA",
        "price": "117",
        "price_per_unit": "350",
        "price_unit": "G"
      },
      {
        "state": "TAS",
        "price": "117",
        "price_per_unit": "350",
        "price_unit": "G"
      },
      {
        "state": "ACT",
        "price": "117",
        "price_per_unit": "350",
        "price_unit": "G"
      },
      {
        "state": "NT",
        "price": "117",
        "price_per_unit": "350",
        "price_unit": "G"
      }
    ]
  },
  {
    "source_url": "https://www.woolworths.com.au/shop/productdetails/240568/murray-river-salt-flakes",
    "name": "Murray River Salt Flakes 150g",
    "image_url": "https://cdn1.woolworths.media/content/wowproductimages/large/240568.jpg",
    "source_id": "Woolworths - 240568",
    "barcode": "9332191000127",
    "category_id": "1_39FD49C",
    "shop": "Woolworths",
    "weight": "10G",
    "prices": [
      {
        "state": "NSW",
        "price": "37",
        "price_per_unit": "560",
        "price_unit": "G"
      },
      {
        "state": "VIC",
        "price": "37",
        "price_per_unit": "560",
        "price_unit": "G"
      },
      {
        "state": "QLD",
        "price": "37",
        "price_per_unit": "560",
        "price_unit": "G"
      },
      {
        "state": "WA",
        "price": "37",
        "price_per_unit": "560",
        "price_unit": "G"
      },
      {
        "state": "SA",
        "price": "37",
        "price_per_unit": "560",
        "price_unit": "G"
      },
      {
        "state": "TAS",
        "price": "47",
        "price_per_unit": "700",
        "price_unit": "G"
      },
      {
        "state": "NT",
        "price": "47",
        "price_per_unit": "700",
        "price_unit": "G"
      }
    ]
  },
  {
    "source_url": "https://www.woolworths.com.au/shop/productdetails/187585/olsson-s-sea-salt-flakes",
    "name": "Olsson's Sea Salt Flakes 250g",
    "image_url": "https://cdn1.woolworths.media/content/wowproductimages/large/187585.jpg",
    "source_id": "Woolworths - 187585",
    "barcode": "9310342005658",
    "category_id": "1_39FD49C",
    "shop": "Woolworths",
    "weight": "10G",
    "prices": [
      {
        "state": "NSW",
        "price": "84",
        "price_per_unit": "2100",
        "price_unit": "G"
      },
      {
        "state": "SA",
        "price": "84",
        "price_per_unit": "2100",
        "price_unit": "G"
      },
      {
        "state": "ACT",
        "price": "84",
        "price_per_unit": "2100",
        "price_unit": "G"
      }
    ]
  },
  {
    "source_url": "https://www.woolworths.com.au/shop/productdetails/188246/olsson-s-smoked-salt-stoneware-jar",
    "name": "Olsson's Smoked Salt Stoneware Jar Each",
    "image_url": "https://cdn1.woolworths.media/content/wowproductimages/large/188246.jpg",
    "source_id": "Woolworths - 188246",
    "barcode": "9310342005641",
    "category_id": "1_39FD49C",
    "shop": "Woolworths",
    "weight": "10G",
    "prices": [
      {
        "state": "NSW",
        "price": "211",
        "price_per_unit": "1900",
        "price_unit": "G"
      },
      {
        "state": "SA",
        "price": "211",
        "price_per_unit": "1900",
        "price_unit": "G"
      },
      {
        "state": "ACT",
        "price": "211",
        "price_per_unit": "1900",
        "price_unit": "G"
      }
    ]
  },
  {
    "source_url": "https://www.woolworths.com.au/shop/productdetails/61047/parle-g-biscuit",
    "name": "Parle G Biscuit 799G",
    "image_url": "https://cdn1.woolworths.media/content/wowproductimages/large/061047.jpg",
    "source_id": "Woolworths - 61047",
    "barcode": "8901719101090",
    "category_id": "1_39FD49C",
    "shop": "Woolworths",
    "weight": "100G",
    "prices": [
      {
        "state": "NT",
        "price": "66",
        "price_per_unit": "500",
        "price_unit": "G"
      }
    ]
  },
  {
    "source_url": "https://www.woolworths.com.au/shop/productdetails/754976/parle-glucose-biscuits-snack",
    "name": "Parle Glucose Biscuits Snack 376g",
    "image_url": "https://cdn1.woolworths.media/content/wowproductimages/large/754976.jpg",
    "source_id": "Woolworths - 754976",
    "barcode": "8901719101083",
    "category_id": "1_39FD49C",
    "shop": "Woolworths",
    "weight": "100G",
    "prices": [
      {
        "state": "NSW",
        "price": "53",
        "price_per_unit": "200",
        "price_unit": "G"
      },
      {
        "state": "VIC",
        "price": "53",
        "price_per_unit": "200",
        "price_unit": "G"
      },
      {
        "state": "QLD",
        "price": "53",
        "price_per_unit": "200",
        "price_unit": "G"
      },
      {
        "state": "WA",
        "price": "53",
        "price_per_unit": "200",
        "price_unit": "G"
      },
      {
        "state": "TAS",
        "price": "53",
        "price_per_unit": "200",
        "price_unit": "G"
      },
      {
        "state": "ACT",
        "price": "53",
        "price_per_unit": "200",
        "price_unit": "G"
      },
      {
        "state": "NT",
        "price": "56",
        "price_per_unit": "210",
        "price_unit": "G"
      }
    ]
  },
  {
    "source_url": "https://www.woolworths.com.au/shop/productdetails/967400/parle-premium-rusks",
    "name": "Parle Premium Rusks 600g",
    "image_url": "https://cdn1.woolworths.media/content/wowproductimages/large/967400.jpg",
    "source_id": "Woolworths - 967400",
    "barcode": "8901719901881",
    "category_id": "1_39FD49C",
    "shop": "Woolworths",
    "weight": "100G",
    "prices": [
      {
        "state": "NSW",
        "price": "88",
        "price_per_unit": "480",
        "price_unit": "G"
      },
      {
        "state": "VIC",
        "price": "88",
        "price_per_unit": "480",
        "price_unit": "G"
      },
      {
        "state": "QLD",
        "price": "88",
        "price_per_unit": "480",
        "price_unit": "G"
      },
      {
        "state": "WA",
        "price": "88",
        "price_per_unit": "480",
        "price_unit": "G"
      },
      {
        "state": "TAS",
        "price": "88",
        "price_per_unit": "480",
        "price_unit": "G"
      },
      {
        "state": "ACT",
        "price": "88",
        "price_per_unit": "480",
        "price_unit": "G"
      },
      {
        "state": "NT",
        "price": "88",
        "price_per_unit": "480",
        "price_unit": "G"
      }
    ]
  },
  {
    "source_url": "https://www.woolworths.com.au/shop/productdetails/186114/passage-to-india-simmer-sauce-butter-chicken",
    "name": "Passage To India Simmer Sauce Butter Chicken 375G",
    "image_url": "https://cdn1.woolworths.media/content/wowproductimages/large/186114.jpg",
    "source_id": "Woolworths - 186114",
    "barcode": "9325763000038",
    "category_id": "1_39FD49C",
    "shop": "Woolworths",
    "weight": "100G",
    "prices": [
      {
        "state": "NSW",
        "price": "168",
        "price_per_unit": "630",
        "price_unit": "G"
      },
      {
        "state": "VIC",
        "price": "168",
        "price_per_unit": "630",
        "price_unit": "G"
      },
      {
        "state": "QLD",
        "price": "168",
        "price_per_unit": "630",
        "price_unit": "G"
      },
      {
        "state": "WA",
        "price": "168",
        "price_per_unit": "630",
        "price_unit": "G"
      },
      {
        "state": "SA",
        "price": "168",
        "price_per_unit": "630",
        "price_unit": "G"
      },
      {
        "state": "TAS",
        "price": "168",
        "price_per_unit": "630",
        "price_unit": "G"
      },
      {
        "state": "ACT",
        "price": "132",
        "price_per_unit": "495",
        "price_unit": "G"
      },
      {
        "state": "NT",
        "price": "132",
        "price_per_unit": "495",
        "price_unit": "G"
      }
    ]
  },
  {
    "source_url": "https://www.woolworths.com.au/shop/productdetails/186115/passage-to-india-simmer-sauce-curry-korma",
    "name": "Passage To India Simmer Sauce Curry Korma 375G",
    "image_url": "https://cdn1.woolworths.media/content/wowproductimages/large/186115.jpg",
    "source_id": "Woolworths - 186115",
    "barcode": "9325763000052",
    "category_id": "1_39FD49C",
    "shop": "Woolworths",
    "weight": "100G",
    "prices": [
      {
        "state": "NSW",
        "price": "168",
        "price_per_unit": "630",
        "price_unit": "G"
      },
      {
        "state": "VIC",
        "price": "168",
        "price_per_unit": "630",
        "price_unit": "G"
      },
      {
        "state": "QLD",
        "price": "168",
        "price_per_unit": "630",
        "price_unit": "G"
      },
      {
        "state": "WA",
        "price": "168",
        "price_per_unit": "630",
        "price_unit": "G"
      },
      {
        "state": "SA",
        "price": "168",
        "price_per_unit": "630",
        "price_unit": "G"
      },
      {
        "state": "TAS",
        "price": "168",
        "price_per_unit": "630",
        "price_unit": "G"
      },
      {
        "state": "ACT",
        "price": "132",
        "price_per_unit": "495",
        "price_unit": "G"
      },
      {
        "state": "NT",
        "price": "132",
        "price_per_unit": "495",
        "price_unit": "G"
      }
    ]
  },
  {
    "source_url": "https://www.woolworths.com.au/shop/productdetails/826262/passage-to-india-simmer-sauce-extra-mild-butter-chicken",
    "name": "Passage To India Simmer Sauce Extra Mild Butter Chicken 375G",
    "image_url": "https://cdn1.woolworths.media/content/wowproductimages/large/826262.jpg",
    "source_id": "Woolworths - 826262",
    "barcode": "9334279003860",
    "category_id": "1_39FD49C",
    "shop": "Woolworths",
    "weight": "100G",
    "prices": [
      {
        "state": "NSW",
        "price": "168",
        "price_per_unit": "630",
        "price_unit": "G"
      },
      {
        "state": "VIC",
        "price": "168",
        "price_per_unit": "630",
        "price_unit": "G"
      },
      {
        "state": "QLD",
        "price": "168",
        "price_per_unit": "630",
        "price_unit": "G"
      },
      {
        "state": "WA",
        "price": "168",
        "price_per_unit": "630",
        "price_unit": "G"
      },
      {
        "state": "SA",
        "price": "168",
        "price_per_unit": "630",
        "price_unit": "G"
      },
      {
        "state": "TAS",
        "price": "132",
        "price_per_unit": "495",
        "price_unit": "G"
      },
      {
        "state": "ACT",
        "price": "132",
        "price_per_unit": "495",
        "price_unit": "G"
      },
      {
        "state": "NT",
        "price": "132",
        "price_per_unit": "495",
        "price_unit": "G"
      }
    ]
  },
  {
    "source_url": "https://www.woolworths.com.au/shop/productdetails/186117/passage-to-india-simmer-sauce-rogan-josh",
    "name": "Passage To India Simmer Sauce Rogan Josh 375G",
    "image_url": "https://cdn1.woolworths.media/content/wowproductimages/large/186117.jpg",
    "source_id": "Woolworths - 186117",
    "barcode": "9325763000090",
    "category_id": "1_39FD49C",
    "shop": "Woolworths",
    "weight": "100G",
    "prices": [
      {
        "state": "NSW",
        "price": "168",
        "price_per_unit": "630",
        "price_unit": "G"
      },
      {
        "state": "VIC",
        "price": "168",
        "price_per_unit": "630",
        "price_unit": "G"
      },
      {
        "state": "QLD",
        "price": "168",
        "price_per_unit": "630",
        "price_unit": "G"
      },
      {
        "state": "WA",
        "price": "168",
        "price_per_unit": "630",
        "price_unit": "G"
      },
      {
        "state": "SA",
        "price": "168",
        "price_per_unit": "630",
        "price_unit": "G"
      },
      {
        "state": "TAS",
        "price": "168",
        "price_per_unit": "630",
        "price_unit": "G"
      },
      {
        "state": "ACT",
        "price": "132",
        "price_per_unit": "495",
        "price_unit": "G"
      },
      {
        "state": "NT",
        "price": "132",
        "price_per_unit": "495",
        "price_unit": "G"
      }
    ]
  },
  {
    "source_url": "https://www.woolworths.com.au/shop/productdetails/186116/passage-to-india-simmer-sauce-tikka-masala",
    "name": "Passage To India Simmer Sauce Tikka Masala 375G",
    "image_url": "https://cdn1.woolworths.media/content/wowproductimages/large/186116.jpg",
    "source_id": "Woolworths - 186116",
    "barcode": "9325763000083",
    "category_id": "1_39FD49C",
    "shop": "Woolworths",
    "weight": "100G",
    "prices": [
      {
        "state": "NSW",
        "price": "168",
        "price_per_unit": "630",
        "price_unit": "G"
      },
      {
        "state": "VIC",
        "price": "168",
        "price_per_unit": "630",
        "price_unit": "G"
      },
      {
        "state": "QLD",
        "price": "168",
        "price_per_unit": "630",
        "price_unit": "G"
      },
      {
        "state": "WA",
        "price": "168",
        "price_per_unit": "630",
        "price_unit": "G"
      },
      {
        "state": "SA",
        "price": "168",
        "price_per_unit": "630",
        "price_unit": "G"
      },
      {
        "state": "TAS",
        "price": "168",
        "price_per_unit": "630",
        "price_unit": "G"
      },
      {
        "state": "ACT",
        "price": "132",
        "price_per_unit": "495",
        "price_unit": "G"
      },
      {
        "state": "NT",
        "price": "132",
        "price_per_unit": "495",
        "price_unit": "G"
      }
    ]
  },
  {
    "source_url": "https://www.woolworths.com.au/shop/productdetails/186118/passage-to-india-simmer-sauce-vindaloo-hot",
    "name": "Passage To India Simmer Sauce Vindaloo Hot 375G",
    "image_url": "https://cdn1.woolworths.media/content/wowproductimages/large/186118.jpg",
    "source_id": "Woolworths - 186118",
    "barcode": "9325763000076",
    "category_id": "1_39FD49C",
    "shop": "Woolworths",
    "weight": "100G",
    "prices": [
      {
        "state": "NSW",
        "price": "168",
        "price_per_unit": "630",
        "price_unit": "G"
      },
      {
        "state": "SA",
        "price": "168",
        "price_per_unit": "630",
        "price_unit": "G"
      },
      {
        "state": "ACT",
        "price": "132",
        "price_per_unit": "495",
        "price_unit": "G"
      },
      {
        "state": "NT",
        "price": "132",
        "price_per_unit": "495",
        "price_unit": "G"
      }
    ]
  },
  {
    "source_url": "https://www.woolworths.com.au/shop/productdetails/159185/passage-to-india-slow-cook-butter-chicken",
    "name": "Passage To India Slow Cook Butter Chicken 500g",
    "image_url": "https://cdn1.woolworths.media/content/wowproductimages/large/159185.jpg",
    "source_id": "Woolworths - 159185",
    "barcode": "9334279007295",
    "category_id": "1_39FD49C",
    "shop": "Woolworths",
    "weight": "100G",
    "prices": [
      {
        "state": "NSW",
        "price": "130",
        "price_per_unit": "650",
        "price_unit": "G"
      },
      {
        "state": "SA",
        "price": "130",
        "price_per_unit": "650",
        "price_unit": "G"
      },
      {
        "state": "ACT",
        "price": "130",
        "price_per_unit": "650",
        "price_unit": "G"
      },
      {
        "state": "NT",
        "price": "130",
        "price_per_unit": "650",
        "price_unit": "G"
      }
    ]
  },
  {
    "source_url": "https://www.woolworths.com.au/shop/productdetails/174742/patak-s-butter-chicken-curry-paste-paste",
    "name": "Patak's Butter Chicken Curry Paste 312g",
    "image_url": "https://cdn1.woolworths.media/content/wowproductimages/large/174742.jpg",
    "source_id": "Woolworths - 174742",
    "barcode": "5011308012065",
    "category_id": "1_39FD49C",
    "shop": "Woolworths",
    "weight": "100G",
    "prices": [
      {
        "state": "NSW",
        "price": "240",
        "price_per_unit": "750",
        "price_unit": "G"
      },
      {
        "state": "VIC",
        "price": "240",
        "price_per_unit": "750",
        "price_unit": "G"
      },
      {
        "state": "QLD",
        "price": "240",
        "price_per_unit": "750",
        "price_unit": "G"
      },
      {
        "state": "WA",
        "price": "240",
        "price_per_unit": "750",
        "price_unit": "G"
      },
      {
        "state": "SA",
        "price": "240",
        "price_per_unit": "750",
        "price_unit": "G"
      },
      {
        "state": "TAS",
        "price": "240",
        "price_per_unit": "750",
        "price_unit": "G"
      },
      {
        "state": "ACT",
        "price": "240",
        "price_per_unit": "750",
        "price_unit": "G"
      },
      {
        "state": "NT",
        "price": "240",
        "price_per_unit": "750",
        "price_unit": "G"
      }
    ]
  },
  {
    "source_url": "https://www.woolworths.com.au/shop/productdetails/909273/patak-s-butter-chicken-simmer-sauce-medium",
    "name": "Patak's Butter Chicken Simmer Sauce Medium 450g",
    "image_url": "https://cdn1.woolworths.media/content/wowproductimages/large/909273.jpg",
    "source_id": "Woolworths - 909273",
    "barcode": "5011308901482",
    "category_id": "1_39FD49C",
    "shop": "Woolworths",
    "weight": "100G",
    "prices": [
      {
        "state": "NSW",
        "price": "100",
        "price_per_unit": "450",
        "price_unit": "G"
      },
      {
        "state": "SA",
        "price": "100",
        "price_per_unit": "450",
        "price_unit": "G"
      },
      {
        "state": "ACT",
        "price": "122",
        "price_per_unit": "550",
        "price_unit": "G"
      },
      {
        "state": "NT",
        "price": "122",
        "price_per_unit": "550",
        "price_unit": "G"
      }
    ]
  },
  {
    "source_url": "https://www.woolworths.com.au/shop/productdetails/256933/patak-s-eggplant-pickle",
    "name": "Patak's Eggplant Pickle 312g",
    "image_url": "https://cdn1.woolworths.media/content/wowproductimages/large/256933.jpg",
    "source_id": "Woolworths - 256933",
    "barcode": "5011308012072",
    "category_id": "1_39FD49C",
    "shop": "Woolworths",
    "weight": "100G",
    "prices": [
      {
        "state": "NSW",
        "price": "240",
        "price_per_unit": "750",
        "price_unit": "G"
      },
      {
        "state": "SA",
        "price": "240",
        "price_per_unit": "750",
        "price_unit": "G"
      },
      {
        "state": "ACT",
        "price": "240",
        "price_per_unit": "750",
        "price_unit": "G"
      },
      {
        "state": "NT",
        "price": "240",
        "price_per_unit": "750",
        "price_unit": "G"
      }
    ]
  },
  {
    "source_url": "https://www.woolworths.com.au/shop/productdetails/79822/patak-s-korma-curry-paste",
    "name": "Patak's Korma Curry Paste 283g",
    "image_url": "https://cdn1.woolworths.media/content/wowproductimages/large/079822.jpg",
    "source_id": "Woolworths - 79822",
    "barcode": "5011308000314",
    "category_id": "1_39FD49C",
    "shop": "Woolworths",
    "weight": "100G",
    "prices": [
      {
        "state": "NSW",
        "price": "259",
        "price_per_unit": "750",
        "price_unit": "G"
      },
      {
        "state": "VIC",
        "price": "259",
        "price_per_unit": "750",
        "price_unit": "G"
      },
      {
        "state": "QLD",
        "price": "259",
        "price_per_unit": "750",
        "price_unit": "G"
      },
      {
        "state": "WA",
        "price": "259",
        "price_per_unit": "750",
        "price_unit": "G"
      },
      {
        "state": "SA",
        "price": "259",
        "price_per_unit": "750",
        "price_unit": "G"
      },
      {
        "state": "TAS",
        "price": "259",
        "price_per_unit": "750",
        "price_unit": "G"
      },
      {
        "state": "ACT",
        "price": "259",
        "price_per_unit": "750",
        "price_unit": "G"
      },
      {
        "state": "NT",
        "price": "259",
        "price_per_unit": "750",
        "price_unit": "G"
      }
    ]
  },
  {
    "source_url": "https://www.woolworths.com.au/shop/productdetails/580625/patak-s-korma-curry-simmer-sauce-sauce",
    "name": "Patak's Korma Curry Simmer Sauce Sauce 450g",
    "image_url": "https://cdn1.woolworths.media/content/wowproductimages/large/580625.jpg",
    "source_id": "Woolworths - 580625",
    "barcode": "5011308901505",
    "category_id": "1_39FD49C",
    "shop": "Woolworths",
    "weight": "100G",
    "prices": [
      {
        "state": "NSW",
        "price": "100",
        "price_per_unit": "450",
        "price_unit": "G"
      },
      {
        "state": "VIC",
        "price": "100",
        "price_per_unit": "450",
        "price_unit": "G"
      },
      {
        "state": "QLD",
        "price": "100",
        "price_per_unit": "450",
        "price_unit": "G"
      },
      {
        "state": "WA",
        "price": "100",
        "price_per_unit": "450",
        "price_unit": "G"
      },
      {
        "state": "SA",
        "price": "100",
        "price_per_unit": "450",
        "price_unit": "G"
      },
      {
        "state": "TAS",
        "price": "122",
        "price_per_unit": "550",
        "price_unit": "G"
      },
      {
        "state": "ACT",
        "price": "122",
        "price_per_unit": "550",
        "price_unit": "G"
      },
      {
        "state": "NT",
        "price": "122",
        "price_per_unit": "550",
        "price_unit": "G"
      }
    ]
  },
  {
    "source_url": "https://www.woolworths.com.au/shop/productdetails/580636/patak-s-mango-chicken-curry-simmer-sauce",
    "name": "Patak's Mango Chicken Curry Simmer Sauce 450g",
    "image_url": "https://cdn1.woolworths.media/content/wowproductimages/large/580636.jpg",
    "source_id": "Woolworths - 580636",
    "barcode": "5011308901567",
    "category_id": "1_39FD49C",
    "shop": "Woolworths",
    "weight": "100G",
    "prices": [
      {
        "state": "NSW",
        "price": "100",
        "price_per_unit": "450",
        "price_unit": "G"
      },
      {
        "state": "VIC",
        "price": "100",
        "price_per_unit": "450",
        "price_unit": "G"
      },
      {
        "state": "QLD",
        "price": "100",
        "price_per_unit": "450",
        "price_unit": "G"
      },
      {
        "state": "WA",
        "price": "100",
        "price_per_unit": "450",
        "price_unit": "G"
      },
      {
        "state": "SA",
        "price": "100",
        "price_per_unit": "450",
        "price_unit": "G"
      },
      {
        "state": "TAS",
        "price": "122",
        "price_per_unit": "550",
        "price_unit": "G"
      },
      {
        "state": "ACT",
        "price": "122",
        "price_per_unit": "550",
        "price_unit": "G"
      },
      {
        "state": "NT",
        "price": "122",
        "price_per_unit": "550",
        "price_unit": "G"
      }
    ]
  },
  {
    "source_url": "https://www.woolworths.com.au/shop/productdetails/580621/patak-s-mild-butter-chicken-simmer-sauce",
    "name": "Patak's Mild Butter Chicken Simmer Sauce 450g",
    "image_url": "https://cdn1.woolworths.media/content/wowproductimages/large/580621.jpg",
    "source_id": "Woolworths - 580621",
    "barcode": "5011308901536",
    "category_id": "1_39FD49C",
    "shop": "Woolworths",
    "weight": "100G",
    "prices": [
      {
        "state": "NSW",
        "price": "100",
        "price_per_unit": "450",
        "price_unit": "G"
      },
      {
        "state": "VIC",
        "price": "100",
        "price_per_unit": "450",
        "price_unit": "G"
      },
      {
        "state": "QLD",
        "price": "100",
        "price_per_unit": "450",
        "price_unit": "G"
      },
      {
        "state": "WA",
        "price": "100",
        "price_per_unit": "450",
        "price_unit": "G"
      },
      {
        "state": "SA",
        "price": "100",
        "price_per_unit": "450",
        "price_unit": "G"
      },
      {
        "state": "TAS",
        "price": "122",
        "price_per_unit": "550",
        "price_unit": "G"
      },
      {
        "state": "ACT",
        "price": "122",
        "price_per_unit": "550",
        "price_unit": "G"
      },
      {
        "state": "NT",
        "price": "122",
        "price_per_unit": "550",
        "price_unit": "G"
      }
    ]
  },
  {
    "source_url": "https://www.woolworths.com.au/shop/productdetails/256680/patak-s-mild-tandoori-indian-paste-marinade",
    "name": "Patak's Mild Tandoori Indian Paste Marinade 295g",
    "image_url": "https://cdn1.woolworths.media/content/wowproductimages/large/256680.jpg",
    "source_id": "Woolworths - 256680",
    "barcode": "5011308002219",
    "category_id": "1_39FD49C",
    "shop": "Woolworths",
    "weight": "100G",
    "prices": [
      {
        "state": "NSW",
        "price": "254",
        "price_per_unit": "750",
        "price_unit": "G"
      },
      {
        "state": "VIC",
        "price": "254",
        "price_per_unit": "750",
        "price_unit": "G"
      },
      {
        "state": "QLD",
        "price": "254",
        "price_per_unit": "750",
        "price_unit": "G"
      },
      {
        "state": "WA",
        "price": "254",
        "price_per_unit": "750",
        "price_unit": "G"
      },
      {
        "state": "SA",
        "price": "254",
        "price_per_unit": "750",
        "price_unit": "G"
      },
      {
        "state": "TAS",
        "price": "254",
        "price_per_unit": "750",
        "price_unit": "G"
      },
      {
        "state": "ACT",
        "price": "254",
        "price_per_unit": "750",
        "price_unit": "G"
      },
      {
        "state": "NT",
        "price": "254",
        "price_per_unit": "750",
        "price_unit": "G"
      }
    ]
  },
  {
    "source_url": "https://www.woolworths.com.au/shop/productdetails/210164/patak-s-ready-to-eat-pappadums-mini-plain-original",
    "name": "Patak's Ready To Eat Pappadums Mini Plain Original 75g",
    "image_url": "https://cdn1.woolworths.media/content/wowproductimages/large/210164.jpg",
    "source_id": "Woolworths - 210164",
    "barcode": "5011308199162",
    "category_id": "1_39FD49C",
    "shop": "Woolworths",
    "weight": "100G",
    "prices": [
      {
        "state": "NSW",
        "price": "640",
        "price_per_unit": "480",
        "price_unit": "G"
      },
      {
        "state": "VIC",
        "price": "640",
        "price_per_unit": "480",
        "price_unit": "G"
      },
      {
        "state": "QLD",
        "price": "640",
        "price_per_unit": "480",
        "price_unit": "G"
      },
      {
        "state": "WA",
        "price": "640",
        "price_per_unit": "480",
        "price_unit": "G"
      },
      {
        "state": "SA",
        "price": "640",
        "price_per_unit": "480",
        "price_unit": "G"
      },
      {
        "state": "TAS",
        "price": "640",
        "price_per_unit": "480",
        "price_unit": "G"
      },
      {
        "state": "ACT",
        "price": "640",
        "price_per_unit": "480",
        "price_unit": "G"
      },
      {
        "state": "NT",
        "price": "640",
        "price_per_unit": "480",
        "price_unit": "G"
      }
    ]
  },
  {
    "source_url": "https://www.woolworths.com.au/shop/productdetails/59025/patak-s-rogan-josh-curry-paste-paste",
    "name": "Patak's Rogan Josh Curry Paste 283g",
    "image_url": "https://cdn1.woolworths.media/content/wowproductimages/large/059025.jpg",
    "source_id": "Woolworths - 59025",
    "barcode": "5011308001922",
    "category_id": "1_39FD49C",
    "shop": "Woolworths",
    "weight": "100G",
    "prices": [
      {
        "state": "NSW",
        "price": "265",
        "price_per_unit": "750",
        "price_unit": "G"
      },
      {
        "state": "VIC",
        "price": "265",
        "price_per_unit": "750",
        "price_unit": "G"
      },
      {
        "state": "QLD",
        "price": "265",
        "price_per_unit": "750",
        "price_unit": "G"
      },
      {
        "state": "WA",
        "price": "265",
        "price_per_unit": "750",
        "price_unit": "G"
      },
      {
        "state": "SA",
        "price": "265",
        "price_per_unit": "750",
        "price_unit": "G"
      },
      {
        "state": "TAS",
        "price": "265",
        "price_per_unit": "750",
        "price_unit": "G"
      },
      {
        "state": "ACT",
        "price": "265",
        "price_per_unit": "750",
        "price_unit": "G"
      },
      {
        "state": "NT",
        "price": "265",
        "price_per_unit": "750",
        "price_unit": "G"
      }
    ]
  },
  {
    "source_url": "https://www.woolworths.com.au/shop/productdetails/580634/patak-s-spicy-butter-chicken-simmer-sauce",
    "name": "Patak's Spicy Butter Chicken Simmer Sauce 450g",
    "image_url": "https://cdn1.woolworths.media/content/wowproductimages/large/580634.jpg",
    "source_id": "Woolworths - 580634",
    "barcode": "5011308901581",
    "category_id": "1_39FD49C",
    "shop": "Woolworths",
    "weight": "100G",
    "prices": [
      {
        "state": "NSW",
        "price": "100",
        "price_per_unit": "450",
        "price_unit": "G"
      },
      {
        "state": "SA",
        "price": "100",
        "price_per_unit": "450",
        "price_unit": "G"
      },
      {
        "state": "ACT",
        "price": "122",
        "price_per_unit": "550",
        "price_unit": "G"
      },
      {
        "state": "NT",
        "price": "122",
        "price_per_unit": "550",
        "price_unit": "G"
      }
    ]
  },
  {
    "source_url": "https://www.woolworths.com.au/shop/productdetails/24275/patak-s-tikka-masala-curry-paste-paste",
    "name": "Patak's Tikka Masala Curry Paste 283g",
    "image_url": "https://cdn1.woolworths.media/content/wowproductimages/large/024275.jpg",
    "source_id": "Woolworths - 24275",
    "barcode": "5011308000994",
    "category_id": "1_39FD49C",
    "shop": "Woolworths",
    "weight": "100G",
    "prices": [
      {
        "state": "NSW",
        "price": "265",
        "price_per_unit": "750",
        "price_unit": "G"
      },
      {
        "state": "VIC",
        "price": "265",
        "price_per_unit": "750",
        "price_unit": "G"
      },
      {
        "state": "QLD",
        "price": "265",
        "price_per_unit": "750",
        "price_unit": "G"
      },
      {
        "state": "WA",
        "price": "265",
        "price_per_unit": "750",
        "price_unit": "G"
      },
      {
        "state": "SA",
        "price": "265",
        "price_per_unit": "750",
        "price_unit": "G"
      },
      {
        "state": "TAS",
        "price": "265",
        "price_per_unit": "750",
        "price_unit": "G"
      },
      {
        "state": "ACT",
        "price": "265",
        "price_per_unit": "750",
        "price_unit": "G"
      },
      {
        "state": "NT",
        "price": "265",
        "price_per_unit": "750",
        "price_unit": "G"
      }
    ]
  },
  {
    "source_url": "https://www.woolworths.com.au/shop/productdetails/754150/pillsbury-wheat-flour",
    "name": "Pillsbury Wheat Flour 5Kg",
    "image_url": "https://cdn1.woolworths.media/content/wowproductimages/large/754150.jpg",
    "source_id": "Woolworths - 754150",
    "barcode": "8906000210048",
    "category_id": "1_39FD49C",
    "shop": "Woolworths",
    "weight": "100G",
    "prices": [
      {
        "state": "NSW",
        "price": "30",
        "price_per_unit": "1500",
        "price_unit": "G"
      },
      {
        "state": "VIC",
        "price": "30",
        "price_per_unit": "1500",
        "price_unit": "G"
      },
      {
        "state": "QLD",
        "price": "30",
        "price_per_unit": "1500",
        "price_unit": "G"
      },
      {
        "state": "WA",
        "price": "30",
        "price_per_unit": "1500",
        "price_unit": "G"
      },
      {
        "state": "TAS",
        "price": "30",
        "price_per_unit": "1500",
        "price_unit": "G"
      },
      {
        "state": "ACT",
        "price": "30",
        "price_per_unit": "1500",
        "price_unit": "G"
      },
      {
        "state": "NT",
        "price": "30",
        "price_per_unit": "1500",
        "price_unit": "G"
      }
    ]
  },
  {
    "source_url": "https://www.woolworths.com.au/shop/productdetails/674494/sharwood-s-creamy-butter-chicken",
    "name": "Sharwood's Creamy Butter Chicken 420g",
    "image_url": "https://cdn1.woolworths.media/content/wowproductimages/large/674494.jpg",
    "source_id": "Woolworths - 674494",
    "barcode": "5000354908408",
    "category_id": "1_39FD49C",
    "shop": "Woolworths",
    "weight": "100G",
    "prices": [
      {
        "state": "NSW",
        "price": "119",
        "price_per_unit": "500",
        "price_unit": "G"
      },
      {
        "state": "VIC",
        "price": "119",
        "price_per_unit": "500",
        "price_unit": "G"
      },
      {
        "state": "QLD",
        "price": "119",
        "price_per_unit": "500",
        "price_unit": "G"
      },
      {
        "state": "WA",
        "price": "119",
        "price_per_unit": "500",
        "price_unit": "G"
      },
      {
        "state": "SA",
        "price": "119",
        "price_per_unit": "500",
        "price_unit": "G"
      },
      {
        "state": "TAS",
        "price": "119",
        "price_per_unit": "500",
        "price_unit": "G"
      },
      {
        "state": "NT",
        "price": "119",
        "price_per_unit": "500",
        "price_unit": "G"
      }
    ]
  },
  {
    "source_url": "https://www.woolworths.com.au/shop/productdetails/41968/sharwood-s-ingredients-chutney-mango",
    "name": "Sharwood's Ingredients Chutney Mango 354g",
    "image_url": "https://cdn1.woolworths.media/content/wowproductimages/large/041968.jpg",
    "source_id": "Woolworths - 41968",
    "barcode": "5000197520973",
    "category_id": "1_39FD49C",
    "shop": "Woolworths",
    "weight": "100G",
    "prices": [
      {
        "state": "NSW",
        "price": "181",
        "price_per_unit": "640",
        "price_unit": "G"
      },
      {
        "state": "VIC",
        "price": "181",
        "price_per_unit": "640",
        "price_unit": "G"
      },
      {
        "state": "QLD",
        "price": "181",
        "price_per_unit": "640",
        "price_unit": "G"
      },
      {
        "state": "WA",
        "price": "181",
        "price_per_unit": "640",
        "price_unit": "G"
      },
      {
        "state": "SA",
        "price": "181",
        "price_per_unit": "640",
        "price_unit": "G"
      },
      {
        "state": "TAS",
        "price": "226",
        "price_per_unit": "800",
        "price_unit": "G"
      },
      {
        "state": "ACT",
        "price": "226",
        "price_per_unit": "800",
        "price_unit": "G"
      },
      {
        "state": "NT",
        "price": "226",
        "price_per_unit": "800",
        "price_unit": "G"
      }
    ]
  },
  {
    "source_url": "https://www.woolworths.com.au/shop/productdetails/70768/sharwood-s-paste-tandoori-medium",
    "name": "Sharwood's Paste Tandoori Medium 290g",
    "image_url": "https://cdn1.woolworths.media/content/wowproductimages/large/070768.jpg",
    "source_id": "Woolworths - 70768",
    "barcode": "5019989709717",
    "category_id": "1_39FD49C",
    "shop": "Woolworths",
    "weight": "100G",
    "prices": [
      {
        "state": "NSW",
        "price": "224",
        "price_per_unit": "650",
        "price_unit": "G"
      },
      {
        "state": "SA",
        "price": "224",
        "price_per_unit": "650",
        "price_unit": "G"
      },
      {
        "state": "ACT",
        "price": "224",
        "price_per_unit": "650",
        "price_unit": "G"
      },
      {
        "state": "NT",
        "price": "224",
        "price_per_unit": "650",
        "price_unit": "G"
      }
    ]
  },
  {
    "source_url": "https://www.woolworths.com.au/shop/productdetails/222325/sharwood-s-simmer-sauce-butter-chicken",
    "name": "Sharwood's Simmer Sauce Butter Chicken 420g",
    "image_url": "https://cdn1.woolworths.media/content/wowproductimages/large/222325.jpg",
    "source_id": "Woolworths - 222325",
    "barcode": "5000197152655",
    "category_id": "1_39FD49C",
    "shop": "Woolworths",
    "weight": "100G",
    "prices": [
      {
        "state": "NSW",
        "price": "119",
        "price_per_unit": "500",
        "price_unit": "G"
      },
      {
        "state": "VIC",
        "price": "119",
        "price_per_unit": "500",
        "price_unit": "G"
      },
      {
        "state": "QLD",
        "price": "119",
        "price_per_unit": "500",
        "price_unit": "G"
      },
      {
        "state": "WA",
        "price": "119",
        "price_per_unit": "500",
        "price_unit": "G"
      },
      {
        "state": "SA",
        "price": "119",
        "price_per_unit": "500",
        "price_unit": "G"
      },
      {
        "state": "TAS",
        "price": "119",
        "price_per_unit": "500",
        "price_unit": "G"
      },
      {
        "state": "ACT",
        "price": "119",
        "price_per_unit": "500",
        "price_unit": "G"
      },
      {
        "state": "NT",
        "price": "119",
        "price_per_unit": "500",
        "price_unit": "G"
      }
    ]
  },
  {
    "source_url": "https://www.woolworths.com.au/shop/productdetails/222307/sharwood-s-simmer-sauce-korma",
    "name": "Sharwood's Simmer Sauce Korma 420g",
    "image_url": "https://cdn1.woolworths.media/content/wowproductimages/large/222307.jpg",
    "source_id": "Woolworths - 222307",
    "barcode": "5000197152662",
    "category_id": "1_39FD49C",
    "shop": "Woolworths",
    "weight": "100G",
    "prices": [
      {
        "state": "NSW",
        "price": "119",
        "price_per_unit": "500",
        "price_unit": "G"
      },
      {
        "state": "SA",
        "price": "119",
        "price_per_unit": "500",
        "price_unit": "G"
      },
      {
        "state": "ACT",
        "price": "119",
        "price_per_unit": "500",
        "price_unit": "G"
      },
      {
        "state": "NT",
        "price": "119",
        "price_per_unit": "500",
        "price_unit": "G"
      }
    ]
  },
  {
    "source_url": "https://www.woolworths.com.au/shop/productdetails/222301/sharwood-s-simmer-sauce-tikka-masala",
    "name": "Sharwood's Simmer Sauce Tikka Masala 420g",
    "image_url": "https://cdn1.woolworths.media/content/wowproductimages/large/222301.jpg",
    "source_id": "Woolworths - 222301",
    "barcode": "5000197152709",
    "category_id": "1_39FD49C",
    "shop": "Woolworths",
    "weight": "100G",
    "prices": [
      {
        "state": "NSW",
        "price": "119",
        "price_per_unit": "500",
        "price_unit": "G"
      },
      {
        "state": "VIC",
        "price": "119",
        "price_per_unit": "500",
        "price_unit": "G"
      },
      {
        "state": "QLD",
        "price": "119",
        "price_per_unit": "500",
        "price_unit": "G"
      },
      {
        "state": "WA",
        "price": "119",
        "price_per_unit": "500",
        "price_unit": "G"
      },
      {
        "state": "SA",
        "price": "119",
        "price_per_unit": "500",
        "price_unit": "G"
      },
      {
        "state": "TAS",
        "price": "119",
        "price_per_unit": "500",
        "price_unit": "G"
      },
      {
        "state": "ACT",
        "price": "119",
        "price_per_unit": "500",
        "price_unit": "G"
      },
      {
        "state": "NT",
        "price": "119",
        "price_per_unit": "500",
        "price_unit": "G"
      }
    ]
  },
  {
    "source_url": "https://www.woolworths.com.au/shop/productdetails/157595/simson-s-pantry-authentic-roti-garlic",
    "name": "Simson's Pantry Authentic Roti Garlic 6 Pack",
    "image_url": "https://cdn1.woolworths.media/content/wowproductimages/large/157595.jpg",
    "source_id": "Woolworths - 157595",
    "barcode": "9334169000603",
    "category_id": "1_39FD49C",
    "shop": "Woolworths",
    "weight": "100G",
    "prices": [
      {
        "state": "NSW",
        "price": "148",
        "price_per_unit": "400",
        "price_unit": "G"
      },
      {
        "state": "VIC",
        "price": "148",
        "price_per_unit": "400",
        "price_unit": "G"
      },
      {
        "state": "QLD",
        "price": "148",
        "price_per_unit": "400",
        "price_unit": "G"
      },
      {
        "state": "WA",
        "price": "148",
        "price_per_unit": "400",
        "price_unit": "G"
      },
      {
        "state": "SA",
        "price": "148",
        "price_per_unit": "400",
        "price_unit": "G"
      },
      {
        "state": "TAS",
        "price": "148",
        "price_per_unit": "400",
        "price_unit": "G"
      },
      {
        "state": "ACT",
        "price": "148",
        "price_per_unit": "400",
        "price_unit": "G"
      },
      {
        "state": "NT",
        "price": "148",
        "price_per_unit": "400",
        "price_unit": "G"
      }
    ]
  },
  {
    "source_url": "https://www.woolworths.com.au/shop/productdetails/253142/simson-s-pantry-mini-naans-garlic-herb",
    "name": "Simson's Pantry Mini Naans Garlic & Herb 225g",
    "image_url": "https://cdn1.woolworths.media/content/wowproductimages/large/253142.jpg",
    "source_id": "Woolworths - 253142",
    "barcode": "9334169001037",
    "category_id": "1_39FD49C",
    "shop": "Woolworths",
    "weight": "100G",
    "prices": [
      {
        "state": "NSW",
        "price": "156",
        "price_per_unit": "350",
        "price_unit": "G"
      },
      {
        "state": "VIC",
        "price": "156",
        "price_per_unit": "350",
        "price_unit": "G"
      },
      {
        "state": "QLD",
        "price": "156",
        "price_per_unit": "350",
        "price_unit": "G"
      },
      {
        "state": "WA",
        "price": "156",
        "price_per_unit": "350",
        "price_unit": "G"
      },
      {
        "state": "SA",
        "price": "156",
        "price_per_unit": "350",
        "price_unit": "G"
      },
      {
        "state": "TAS",
        "price": "178",
        "price_per_unit": "400",
        "price_unit": "G"
      },
      {
        "state": "ACT",
        "price": "178",
        "price_per_unit": "400",
        "price_unit": "G"
      },
      {
        "state": "NT",
        "price": "178",
        "price_per_unit": "400",
        "price_unit": "G"
      }
    ]
  },
  {
    "source_url": "https://www.woolworths.com.au/shop/productdetails/253502/simson-s-pantry-mini-naans-plain",
    "name": "Simson's Pantry Mini Naans Plain 5 Pack",
    "image_url": "https://cdn1.woolworths.media/content/wowproductimages/large/253502.jpg",
    "source_id": "Woolworths - 253502",
    "barcode": "9334169001044",
    "category_id": "1_39FD49C",
    "shop": "Woolworths",
    "weight": "100G",
    "prices": [
      {
        "state": "NSW",
        "price": "156",
        "price_per_unit": "350",
        "price_unit": "G"
      },
      {
        "state": "VIC",
        "price": "156",
        "price_per_unit": "350",
        "price_unit": "G"
      },
      {
        "state": "QLD",
        "price": "156",
        "price_per_unit": "350",
        "price_unit": "G"
      },
      {
        "state": "WA",
        "price": "156",
        "price_per_unit": "350",
        "price_unit": "G"
      },
      {
        "state": "SA",
        "price": "156",
        "price_per_unit": "350",
        "price_unit": "G"
      },
      {
        "state": "TAS",
        "price": "178",
        "price_per_unit": "400",
        "price_unit": "G"
      },
      {
        "state": "ACT",
        "price": "178",
        "price_per_unit": "400",
        "price_unit": "G"
      },
      {
        "state": "NT",
        "price": "178",
        "price_per_unit": "400",
        "price_unit": "G"
      }
    ]
  },
  {
    "source_url": "https://www.woolworths.com.au/shop/productdetails/715963/simson-s-pantry-naan-garlic-naan-garlic",
    "name": "Simson's Pantry Naan Garlic 2 Pack",
    "image_url": "https://cdn1.woolworths.media/content/wowproductimages/large/715963.jpg",
    "source_id": "Woolworths - 715963",
    "barcode": "9334169005103",
    "category_id": "1_39FD49C",
    "shop": "Woolworths",
    "weight": "100G",
    "prices": [
      {
        "state": "NSW",
        "price": "160",
        "price_per_unit": "400",
        "price_unit": "G"
      },
      {
        "state": "VIC",
        "price": "160",
        "price_per_unit": "400",
        "price_unit": "G"
      },
      {
        "state": "QLD",
        "price": "160",
        "price_per_unit": "400",
        "price_unit": "G"
      },
      {
        "state": "WA",
        "price": "160",
        "price_per_unit": "400",
        "price_unit": "G"
      },
      {
        "state": "SA",
        "price": "160",
        "price_per_unit": "400",
        "price_unit": "G"
      },
      {
        "state": "TAS",
        "price": "160",
        "price_per_unit": "400",
        "price_unit": "G"
      },
      {
        "state": "ACT",
        "price": "160",
        "price_per_unit": "400",
        "price_unit": "G"
      },
      {
        "state": "NT",
        "price": "160",
        "price_per_unit": "400",
        "price_unit": "G"
      }
    ]
  },
  {
    "source_url": "https://www.woolworths.com.au/shop/productdetails/715897/simson-s-pantry-naan-traditional-naan-traditional",
    "name": "Simson's Pantry Naan Traditional 2 Pack",
    "image_url": "https://cdn1.woolworths.media/content/wowproductimages/large/715897.jpg",
    "source_id": "Woolworths - 715897",
    "barcode": "9334169005004",
    "category_id": "1_39FD49C",
    "shop": "Woolworths",
    "weight": "100G",
    "prices": [
      {
        "state": "NSW",
        "price": "160",
        "price_per_unit": "400",
        "price_unit": "G"
      },
      {
        "state": "VIC",
        "price": "160",
        "price_per_unit": "400",
        "price_unit": "G"
      },
      {
        "state": "QLD",
        "price": "160",
        "price_per_unit": "400",
        "price_unit": "G"
      },
      {
        "state": "WA",
        "price": "160",
        "price_per_unit": "400",
        "price_unit": "G"
      },
      {
        "state": "SA",
        "price": "160",
        "price_per_unit": "400",
        "price_unit": "G"
      },
      {
        "state": "TAS",
        "price": "160",
        "price_per_unit": "400",
        "price_unit": "G"
      },
      {
        "state": "ACT",
        "price": "160",
        "price_per_unit": "400",
        "price_unit": "G"
      },
      {
        "state": "NT",
        "price": "160",
        "price_per_unit": "400",
        "price_unit": "G"
      }
    ]
  },
  {
    "source_url": "https://www.woolworths.com.au/shop/productdetails/1075347267/sol-organics-grass-fed-ghee-275g",
    "name": "Sol Organics Grass Fed Ghee 275g",
    "image_url": "https://cdn1.woolworths.media/content/wowproductimages/large/1075347267.jpg",
    "source_id": "Woolworths - 1075347267",
    "barcode": null,
    "category_id": "1_39FD49C",
    "shop": "Woolworths",
    "weight": "100G",
    "prices": [
      {
        "state": "NSW",
        "price": "689",
        "price_per_unit": "1895",
        "price_unit": "G"
      },
      {
        "state": "VIC",
        "price": "689",
        "price_per_unit": "1895",
        "price_unit": "G"
      },
      {
        "state": "QLD",
        "price": "689",
        "price_per_unit": "1895",
        "price_unit": "G"
      },
      {
        "state": "WA",
        "price": "689",
        "price_per_unit": "1895",
        "price_unit": "G"
      },
      {
        "state": "SA",
        "price": "689",
        "price_per_unit": "1895",
        "price_unit": "G"
      },
      {
        "state": "TAS",
        "price": "689",
        "price_per_unit": "1895",
        "price_unit": "G"
      },
      {
        "state": "ACT",
        "price": "689",
        "price_per_unit": "1895",
        "price_unit": "G"
      },
      {
        "state": "NT",
        "price": "689",
        "price_per_unit": "1895",
        "price_unit": "G"
      }
    ]
  },
  {
    "source_url": "https://www.woolworths.com.au/shop/productdetails/1075479191/sol-organics-grass-fed-ghee-450g",
    "name": "Sol Organics Grass Fed Ghee 450g",
    "image_url": "https://cdn1.woolworths.media/content/wowproductimages/large/1075479191.jpg",
    "source_id": "Woolworths - 1075479191",
    "barcode": null,
    "category_id": "1_39FD49C",
    "shop": "Woolworths",
    "weight": "100G",
    "prices": [
      {
        "state": "NSW",
        "price": "643",
        "price_per_unit": "2895",
        "price_unit": "G"
      },
      {
        "state": "VIC",
        "price": "643",
        "price_per_unit": "2895",
        "price_unit": "G"
      },
      {
        "state": "QLD",
        "price": "643",
        "price_per_unit": "2895",
        "price_unit": "G"
      },
      {
        "state": "WA",
        "price": "643",
        "price_per_unit": "2895",
        "price_unit": "G"
      },
      {
        "state": "SA",
        "price": "643",
        "price_per_unit": "2895",
        "price_unit": "G"
      },
      {
        "state": "TAS",
        "price": "643",
        "price_per_unit": "2895",
        "price_unit": "G"
      },
      {
        "state": "ACT",
        "price": "643",
        "price_per_unit": "2895",
        "price_unit": "G"
      },
      {
        "state": "NT",
        "price": "643",
        "price_per_unit": "2895",
        "price_unit": "G"
      }
    ]
  },
  {
    "source_url": "https://www.woolworths.com.au/shop/productdetails/1075481436/sol-organics-organic-ghee-275g",
    "name": "Sol Organics Organic Ghee 275g",
    "image_url": "https://cdn1.woolworths.media/content/wowproductimages/large/1075481436.jpg",
    "source_id": "Woolworths - 1075481436",
    "barcode": null,
    "category_id": "1_39FD49C",
    "shop": "Woolworths",
    "weight": "100G",
    "prices": [
      {
        "state": "NSW",
        "price": "762",
        "price_per_unit": "2095",
        "price_unit": "G"
      },
      {
        "state": "VIC",
        "price": "762",
        "price_per_unit": "2095",
        "price_unit": "G"
      },
      {
        "state": "QLD",
        "price": "762",
        "price_per_unit": "2095",
        "price_unit": "G"
      },
      {
        "state": "WA",
        "price": "762",
        "price_per_unit": "2095",
        "price_unit": "G"
      },
      {
        "state": "SA",
        "price": "762",
        "price_per_unit": "2095",
        "price_unit": "G"
      },
      {
        "state": "TAS",
        "price": "762",
        "price_per_unit": "2095",
        "price_unit": "G"
      },
      {
        "state": "ACT",
        "price": "762",
        "price_per_unit": "2095",
        "price_unit": "G"
      },
      {
        "state": "NT",
        "price": "762",
        "price_per_unit": "2095",
        "price_unit": "G"
      }
    ]
  },
  {
    "source_url": "https://www.woolworths.com.au/shop/productdetails/452266/the-spice-tailor-classic-butter-chicken",
    "name": "The Spice Tailor Classic Butter Chicken 300g",
    "image_url": "https://cdn1.woolworths.media/content/wowproductimages/large/452266.jpg",
    "source_id": "Woolworths - 452266",
    "barcode": "5052675000224",
    "category_id": "1_39FD49C",
    "shop": "Woolworths",
    "weight": "100G",
    "prices": [
      {
        "state": "NSW",
        "price": "165",
        "price_per_unit": "495",
        "price_unit": "G"
      },
      {
        "state": "VIC",
        "price": "165",
        "price_per_unit": "495",
        "price_unit": "G"
      },
      {
        "state": "QLD",
        "price": "165",
        "price_per_unit": "495",
        "price_unit": "G"
      },
      {
        "state": "WA",
        "price": "165",
        "price_per_unit": "495",
        "price_unit": "G"
      },
      {
        "state": "SA",
        "price": "165",
        "price_per_unit": "495",
        "price_unit": "G"
      },
      {
        "state": "TAS",
        "price": "207",
        "price_per_unit": "620",
        "price_unit": "G"
      },
      {
        "state": "NT",
        "price": "207",
        "price_per_unit": "620",
        "price_unit": "G"
      }
    ]
  },
  {
    "source_url": "https://www.woolworths.com.au/shop/productdetails/578151/the-spice-tailor-classic-tarka-daal",
    "name": "The Spice Tailor Classic Tarka Daal 500g",
    "image_url": "https://cdn1.woolworths.media/content/wowproductimages/large/578151.jpg",
    "source_id": "Woolworths - 578151",
    "barcode": "5052675001139",
    "category_id": "1_39FD49C",
    "shop": "Woolworths",
    "weight": "100G",
    "prices": [
      {
        "state": "NSW",
        "price": "124",
        "price_per_unit": "620",
        "price_unit": "G"
      },
      {
        "state": "SA",
        "price": "124",
        "price_per_unit": "620",
        "price_unit": "G"
      },
      {
        "state": "NT",
        "price": "124",
        "price_per_unit": "620",
        "price_unit": "G"
      }
    ]
  },
  {
    "source_url": "https://www.woolworths.com.au/shop/productdetails/846448/the-spice-tailor-delhi-biryani",
    "name": "The Spice Tailor Delhi Biryani 360g",
    "image_url": "https://cdn1.woolworths.media/content/wowproductimages/large/846448.jpg",
    "source_id": "Woolworths - 846448",
    "barcode": "5052675001009",
    "category_id": "1_39FD49C",
    "shop": "Woolworths",
    "weight": "100G",
    "prices": [
      {
        "state": "NSW",
        "price": "172",
        "price_per_unit": "620",
        "price_unit": "G"
      },
      {
        "state": "SA",
        "price": "172",
        "price_per_unit": "620",
        "price_unit": "G"
      },
      {
        "state": "NT",
        "price": "172",
        "price_per_unit": "620",
        "price_unit": "G"
      }
    ]
  },
  {
    "source_url": "https://www.woolworths.com.au/shop/productdetails/452500/the-spice-tailor-delicate-korma-curry",
    "name": "The Spice Tailor Delicate Korma Curry 300g",
    "image_url": "https://cdn1.woolworths.media/content/wowproductimages/large/452500.jpg",
    "source_id": "Woolworths - 452500",
    "barcode": "5052675000200",
    "category_id": "1_39FD49C",
    "shop": "Woolworths",
    "weight": "100G",
    "prices": [
      {
        "state": "NSW",
        "price": "165",
        "price_per_unit": "495",
        "price_unit": "G"
      },
      {
        "state": "VIC",
        "price": "165",
        "price_per_unit": "495",
        "price_unit": "G"
      },
      {
        "state": "QLD",
        "price": "165",
        "price_per_unit": "495",
        "price_unit": "G"
      },
      {
        "state": "WA",
        "price": "165",
        "price_per_unit": "495",
        "price_unit": "G"
      },
      {
        "state": "SA",
        "price": "165",
        "price_per_unit": "495",
        "price_unit": "G"
      },
      {
        "state": "NT",
        "price": "207",
        "price_per_unit": "620",
        "price_unit": "G"
      }
    ]
  },
  {
    "source_url": "https://www.woolworths.com.au/shop/productdetails/580245/the-spice-tailor-fiery-goan-curry",
    "name": "The Spice Tailor Fiery Goan Curry 300g",
    "image_url": "https://cdn1.woolworths.media/content/wowproductimages/large/580245.jpg",
    "source_id": "Woolworths - 580245",
    "barcode": "5052675000248",
    "category_id": "1_39FD49C",
    "shop": "Woolworths",
    "weight": "100G",
    "prices": [
      {
        "state": "NSW",
        "price": "165",
        "price_per_unit": "495",
        "price_unit": "G"
      },
      {
        "state": "VIC",
        "price": "165",
        "price_per_unit": "495",
        "price_unit": "G"
      },
      {
        "state": "QLD",
        "price": "165",
        "price_per_unit": "495",
        "price_unit": "G"
      },
      {
        "state": "WA",
        "price": "165",
        "price_per_unit": "495",
        "price_unit": "G"
      },
      {
        "state": "SA",
        "price": "165",
        "price_per_unit": "495",
        "price_unit": "G"
      },
      {
        "state": "TAS",
        "price": "207",
        "price_per_unit": "620",
        "price_unit": "G"
      },
      {
        "state": "NT",
        "price": "207",
        "price_per_unit": "620",
        "price_unit": "G"
      }
    ]
  },
  {
    "source_url": "https://www.woolworths.com.au/shop/productdetails/452268/the-spice-tailor-keralan-coconut-curry",
    "name": "The Spice Tailor Keralan Coconut Curry 225g",
    "image_url": "https://cdn1.woolworths.media/content/wowproductimages/large/452268.jpg",
    "source_id": "Woolworths - 452268",
    "barcode": "5052675030009",
    "category_id": "1_39FD49C",
    "shop": "Woolworths",
    "weight": "100G",
    "prices": [
      {
        "state": "NSW",
        "price": "220",
        "price_per_unit": "495",
        "price_unit": "G"
      },
      {
        "state": "VIC",
        "price": "220",
        "price_per_unit": "495",
        "price_unit": "G"
      },
      {
        "state": "QLD",
        "price": "220",
        "price_per_unit": "495",
        "price_unit": "G"
      },
      {
        "state": "WA",
        "price": "220",
        "price_per_unit": "495",
        "price_unit": "G"
      },
      {
        "state": "SA",
        "price": "220",
        "price_per_unit": "495",
        "price_unit": "G"
      },
      {
        "state": "NT",
        "price": "276",
        "price_per_unit": "620",
        "price_unit": "G"
      }
    ]
  },
  {
    "source_url": "https://www.woolworths.com.au/shop/productdetails/452267/the-spice-tailor-original-tikka-masala",
    "name": "The Spice Tailor Original Tikka Masala 300g",
    "image_url": "https://cdn1.woolworths.media/content/wowproductimages/large/452267.jpg",
    "source_id": "Woolworths - 452267",
    "barcode": "5052675040206",
    "category_id": "1_39FD49C",
    "shop": "Woolworths",
    "weight": "100G",
    "prices": [
      {
        "state": "NSW",
        "price": "165",
        "price_per_unit": "495",
        "price_unit": "G"
      },
      {
        "state": "VIC",
        "price": "165",
        "price_per_unit": "495",
        "price_unit": "G"
      },
      {
        "state": "QLD",
        "price": "165",
        "price_per_unit": "495",
        "price_unit": "G"
      },
      {
        "state": "WA",
        "price": "165",
        "price_per_unit": "495",
        "price_unit": "G"
      },
      {
        "state": "SA",
        "price": "165",
        "price_per_unit": "495",
        "price_unit": "G"
      },
      {
        "state": "TAS",
        "price": "207",
        "price_per_unit": "620",
        "price_unit": "G"
      },
      {
        "state": "NT",
        "price": "207",
        "price_per_unit": "620",
        "price_unit": "G"
      }
    ]
  },
  {
    "source_url": "https://www.woolworths.com.au/shop/productdetails/452464/the-spice-tailor-rustic-rogan-josh",
    "name": "The Spice Tailor Rustic Rogan Josh 300g",
    "image_url": "https://cdn1.woolworths.media/content/wowproductimages/large/452464.jpg",
    "source_id": "Woolworths - 452464",
    "barcode": "5052675060204",
    "category_id": "1_39FD49C",
    "shop": "Woolworths",
    "weight": "100G",
    "prices": [
      {
        "state": "NSW",
        "price": "165",
        "price_per_unit": "495",
        "price_unit": "G"
      },
      {
        "state": "VIC",
        "price": "165",
        "price_per_unit": "495",
        "price_unit": "G"
      },
      {
        "state": "QLD",
        "price": "165",
        "price_per_unit": "495",
        "price_unit": "G"
      },
      {
        "state": "WA",
        "price": "165",
        "price_per_unit": "495",
        "price_unit": "G"
      },
      {
        "state": "SA",
        "price": "165",
        "price_per_unit": "495",
        "price_unit": "G"
      },
      {
        "state": "TAS",
        "price": "207",
        "price_per_unit": "620",
        "price_unit": "G"
      },
      {
        "state": "ACT",
        "price": "207",
        "price_per_unit": "620",
        "price_unit": "G"
      },
      {
        "state": "NT",
        "price": "207",
        "price_per_unit": "620",
        "price_unit": "G"
      }
    ]
  },
  {
    "source_url": "https://www.woolworths.com.au/shop/productdetails/250819/the-spice-tailor-southern-chettinad-curry",
    "name": "The Spice Tailor Southern Chettinad Curry 300g",
    "image_url": "https://cdn1.woolworths.media/content/wowproductimages/large/250819.jpg",
    "source_id": "Woolworths - 250819",
    "barcode": "5052675001573",
    "category_id": "1_39FD49C",
    "shop": "Woolworths",
    "weight": "100G",
    "prices": [
      {
        "state": "NSW",
        "price": "165",
        "price_per_unit": "495",
        "price_unit": "G"
      },
      {
        "state": "SA",
        "price": "165",
        "price_per_unit": "495",
        "price_unit": "G"
      },
      {
        "state": "NT",
        "price": "207",
        "price_per_unit": "620",
        "price_unit": "G"
      }
    ]
  },
  {
    "source_url": "https://www.woolworths.com.au/shop/productdetails/770161/thumbsup-drink-can",
    "name": "ThumbsUp Drink Can 300mL",
    "image_url": "https://cdn1.woolworths.media/content/wowproductimages/large/770161.jpg",
    "source_id": "Woolworths - 770161",
    "barcode": "8901764041105",
    "category_id": "1_39FD49C",
    "shop": "Woolworths",
    "weight": "1L",
    "prices": [
      {
        "state": "NSW",
        "price": "833",
        "price_per_unit": "250",
        "price_unit": "L"
      },
      {
        "state": "NT",
        "price": "833",
        "price_per_unit": "250",
        "price_unit": "L"
      }
    ]
  },
  {
    "source_url": "https://www.woolworths.com.au/shop/productdetails/21938/united-king-pheni-fried-vermicelli",
    "name": "United King Pheni Fried Vermicelli 200g",
    "image_url": "https://cdn1.woolworths.media/content/wowproductimages/large/021938.jpg",
    "source_id": "Woolworths - 21938",
    "barcode": "8964000825068",
    "category_id": "1_39FD49C",
    "shop": "Woolworths",
    "weight": "100G",
    "prices": [
      {
        "state": "NSW",
        "price": "150",
        "price_per_unit": "300",
        "price_unit": "G"
      },
      {
        "state": "VIC",
        "price": "150",
        "price_per_unit": "300",
        "price_unit": "G"
      },
      {
        "state": "QLD",
        "price": "150",
        "price_per_unit": "300",
        "price_unit": "G"
      },
      {
        "state": "WA",
        "price": "150",
        "price_per_unit": "300",
        "price_unit": "G"
      },
      {
        "state": "ACT",
        "price": "150",
        "price_per_unit": "300",
        "price_unit": "G"
      },
      {
        "state": "NT",
        "price": "150",
        "price_per_unit": "300",
        "price_unit": "G"
      }
    ]
  },
  {
    "source_url": "https://www.woolworths.com.au/shop/productdetails/157531/woolworths-butter-chicken-simmer-sauce",
    "name": "Woolworths Butter Chicken Simmer Sauce 500g",
    "image_url": "https://cdn1.woolworths.media/content/wowproductimages/large/157531.jpg",
    "source_id": "Woolworths - 157531",
    "barcode": "9339687256709",
    "category_id": "1_39FD49C",
    "shop": "Woolworths",
    "weight": "100G",
    "prices": [
      {
        "state": "NSW",
        "price": "58",
        "price_per_unit": "290",
        "price_unit": "G"
      },
      {
        "state": "NT",
        "price": "58",
        "price_per_unit": "290",
        "price_unit": "G"
      }
    ]
  },
  {
    "source_url": "https://www.woolworths.com.au/shop/productdetails/153237/aashirvaad-instant-khatta-meetha-poha",
    "name": "Aashirvaad Instant Khatta Meetha Poha 80g",
    "image_url": "https://cdn1.woolworths.media/content/wowproductimages/large/153237.jpg",
    "source_id": "Woolworths - 153237",
    "barcode": "8901725114008",
    "category_id": "1_39FD49C",
    "shop": "Woolworths",
    "weight": "100G",
    "prices": []
  },
  {
    "source_url": "https://www.woolworths.com.au/shop/productdetails/153625/aashirvaad-instant-veggie-umpa",
    "name": "Aashirvaad Instant Veggie Umpa 80g",
    "image_url": "https://cdn1.woolworths.media/content/wowproductimages/large/153625.jpg",
    "source_id": "Woolworths - 153625",
    "barcode": "8901725114022",
    "category_id": "1_39FD49C",
    "shop": "Woolworths",
    "weight": "100G",
    "prices": []
  },
  {
    "source_url": "https://www.woolworths.com.au/shop/productdetails/744778/girnar-cardamom-chai-instant-tea-premix",
    "name": "Girnar Cardamom Chai Instant Tea Premix 140g",
    "image_url": "https://cdn1.woolworths.media/content/wowproductimages/large/744778.jpg",
    "source_id": "Woolworths - 744778",
    "barcode": "8901037255024",
    "category_id": "1_39FD49C",
    "shop": "Woolworths",
    "weight": "100G",
    "prices": [
      {
        "state": "VIC",
        "price": "357",
        "price_per_unit": "500",
        "price_unit": "G"
      },
      {
        "state": "QLD",
        "price": "357",
        "price_per_unit": "500",
        "price_unit": "G"
      },
      {
        "state": "WA",
        "price": "357",
        "price_per_unit": "500",
        "price_unit": "G"
      },
      {
        "state": "ACT",
        "price": "357",
        "price_per_unit": "500",
        "price_unit": "G"
      },
      {
        "state": "NT",
        "price": "375",
        "price_per_unit": "525",
        "price_unit": "G"
      }
    ]
  },
  {
    "source_url": "https://www.woolworths.com.au/shop/productdetails/958988/haldiram-s-gulab-jamun",
    "name": "Haldiram's Gulab Jamun 1kg",
    "image_url": "https://cdn1.woolworths.media/content/wowproductimages/large/958988.jpg",
    "source_id": "Woolworths - 958988",
    "barcode": "8904063210012",
    "category_id": "1_39FD49C",
    "shop": "Woolworths",
    "weight": "100G",
    "prices": [
      {
        "state": "VIC",
        "price": "120",
        "price_per_unit": "1200",
        "price_unit": "G"
      },
      {
        "state": "QLD",
        "price": "120",
        "price_per_unit": "1200",
        "price_unit": "G"
      },
      {
        "state": "WA",
        "price": "120",
        "price_per_unit": "1200",
        "price_unit": "G"
      },
      {
        "state": "ACT",
        "price": "107",
        "price_per_unit": "1070",
        "price_unit": "G"
      },
      {
        "state": "NT",
        "price": "107",
        "price_per_unit": "1070",
        "price_unit": "G"
      }
    ]
  },
  {
    "source_url": "https://www.woolworths.com.au/shop/productdetails/155960/indya-basil-seeds-drink-lychee-flavour",
    "name": "Indya Basil Seeds Drink Lychee Flavour 290ml",
    "image_url": "https://cdn1.woolworths.media/content/wowproductimages/large/155960.jpg",
    "source_id": "Woolworths - 155960",
    "barcode": "9339209012059",
    "category_id": "1_39FD49C",
    "shop": "Woolworths",
    "weight": "100ML",
    "prices": [
      {
        "state": "VIC",
        "price": "79",
        "price_per_unit": "230",
        "price_unit": "ML"
      },
      {
        "state": "QLD",
        "price": "79",
        "price_per_unit": "230",
        "price_unit": "ML"
      },
      {
        "state": "WA",
        "price": "79",
        "price_per_unit": "230",
        "price_unit": "ML"
      },
      {
        "state": "ACT",
        "price": "79",
        "price_per_unit": "230",
        "price_unit": "ML"
      },
      {
        "state": "NT",
        "price": "79",
        "price_per_unit": "230",
        "price_unit": "ML"
      }
    ]
  },
  {
    "source_url": "https://www.woolworths.com.au/shop/productdetails/208404/indya-mustard-oil-mustard-oil",
    "name": "Indya Mustard Oil 1L",
    "image_url": "https://cdn1.woolworths.media/content/wowproductimages/large/208404.jpg",
    "source_id": "Woolworths - 208404",
    "barcode": "9339209000919",
    "category_id": "1_39FD49C",
    "shop": "Woolworths",
    "weight": "100ML",
    "prices": [
      {
        "state": "VIC",
        "price": "60",
        "price_per_unit": "600",
        "price_unit": "ML"
      },
      {
        "state": "QLD",
        "price": "60",
        "price_per_unit": "600",
        "price_unit": "ML"
      },
      {
        "state": "WA",
        "price": "60",
        "price_per_unit": "600",
        "price_unit": "ML"
      },
      {
        "state": "ACT",
        "price": "60",
        "price_per_unit": "600",
        "price_unit": "ML"
      },
      {
        "state": "NT",
        "price": "60",
        "price_per_unit": "600",
        "price_unit": "ML"
      }
    ]
  },
  {
    "source_url": "https://www.woolworths.com.au/shop/productdetails/57425/indya-soya-wadi",
    "name": "Indya Soya Wadi 400g",
    "image_url": "https://cdn1.woolworths.media/content/wowproductimages/large/057425.jpg",
    "source_id": "Woolworths - 57425",
    "barcode": "9339209003668",
    "category_id": "1_39FD49C",
    "shop": "Woolworths",
    "weight": "100G",
    "prices": [
      {
        "state": "VIC",
        "price": "63",
        "price_per_unit": "250",
        "price_unit": "G"
      },
      {
        "state": "QLD",
        "price": "63",
        "price_per_unit": "250",
        "price_unit": "G"
      },
      {
        "state": "WA",
        "price": "63",
        "price_per_unit": "250",
        "price_unit": "G"
      },
      {
        "state": "ACT",
        "price": "63",
        "price_per_unit": "250",
        "price_unit": "G"
      },
      {
        "state": "NT",
        "price": "63",
        "price_per_unit": "250",
        "price_unit": "G"
      }
    ]
  },
  {
    "source_url": "https://www.woolworths.com.au/shop/productdetails/221225/katoomba-roti-bread",
    "name": "Katoomba Roti Bread 6 Pack",
    "image_url": "https://cdn1.woolworths.media/content/wowproductimages/large/221225.jpg",
    "source_id": "Woolworths - 221225",
    "barcode": "9317471002381",
    "category_id": "1_39FD49C",
    "shop": "Woolworths",
    "weight": "100G",
    "prices": [
      {
        "state": "VIC",
        "price": "90",
        "price_per_unit": "350",
        "price_unit": "G"
      },
      {
        "state": "QLD",
        "price": "90",
        "price_per_unit": "350",
        "price_unit": "G"
      },
      {
        "state": "WA",
        "price": "90",
        "price_per_unit": "350",
        "price_unit": "G"
      },
      {
        "state": "SA",
        "price": "90",
        "price_per_unit": "350",
        "price_unit": "G"
      },
      {
        "state": "TAS",
        "price": "90",
        "price_per_unit": "350",
        "price_unit": "G"
      },
      {
        "state": "ACT",
        "price": "90",
        "price_per_unit": "350",
        "price_unit": "G"
      },
      {
        "state": "NT",
        "price": "90",
        "price_per_unit": "350",
        "price_unit": "G"
      }
    ]
  },
  {
    "source_url": "https://www.woolworths.com.au/shop/productdetails/433301/maharajah-s-choice-black-mustard-seed-spice",
    "name": "Maharajah's Choice Black Mustard Seed Spice 250g",
    "image_url": "https://cdn1.woolworths.media/content/wowproductimages/large/433301.jpg",
    "source_id": "Woolworths - 433301",
    "barcode": "9311503107501",
    "category_id": "1_39FD49C",
    "shop": "Woolworths",
    "weight": "10G",
    "prices": [
      {
        "state": "VIC",
        "price": "7",
        "price_per_unit": "170",
        "price_unit": "G"
      },
      {
        "state": "QLD",
        "price": "7",
        "price_per_unit": "170",
        "price_unit": "G"
      },
      {
        "state": "WA",
        "price": "7",
        "price_per_unit": "170",
        "price_unit": "G"
      },
      {
        "state": "ACT",
        "price": "7",
        "price_per_unit": "170",
        "price_unit": "G"
      },
      {
        "state": "NT",
        "price": "7",
        "price_per_unit": "170",
        "price_unit": "G"
      }
    ]
  },
  {
    "source_url": "https://www.woolworths.com.au/shop/productdetails/433266/maharajah-s-choice-chilli-powder-spice",
    "name": "Maharajah's Choice Chilli Powder Spice 250g",
    "image_url": "https://cdn1.woolworths.media/content/wowproductimages/large/433266.jpg",
    "source_id": "Woolworths - 433266",
    "barcode": "9311503107143",
    "category_id": "1_39FD49C",
    "shop": "Woolworths",
    "weight": "10G",
    "prices": [
      {
        "state": "VIC",
        "price": "10",
        "price_per_unit": "250",
        "price_unit": "G"
      },
      {
        "state": "QLD",
        "price": "10",
        "price_per_unit": "250",
        "price_unit": "G"
      },
      {
        "state": "WA",
        "price": "10",
        "price_per_unit": "250",
        "price_unit": "G"
      },
      {
        "state": "ACT",
        "price": "10",
        "price_per_unit": "250",
        "price_unit": "G"
      },
      {
        "state": "NT",
        "price": "10",
        "price_per_unit": "250",
        "price_unit": "G"
      }
    ]
  },
  {
    "source_url": "https://www.woolworths.com.au/shop/productdetails/798453/maharajah-s-choice-cinnamon-quills",
    "name": "Maharajah's Choice Cinnamon Quills 100g",
    "image_url": "https://cdn1.woolworths.media/content/wowproductimages/large/798453.jpg",
    "source_id": "Woolworths - 798453",
    "barcode": "9311503107914",
    "category_id": "1_39FD49C",
    "shop": "Woolworths",
    "weight": "100G",
    "prices": [
      {
        "state": "VIC",
        "price": "280",
        "price_per_unit": "280",
        "price_unit": "G"
      },
      {
        "state": "QLD",
        "price": "280",
        "price_per_unit": "280",
        "price_unit": "G"
      },
      {
        "state": "WA",
        "price": "280",
        "price_per_unit": "280",
        "price_unit": "G"
      },
      {
        "state": "ACT",
        "price": "280",
        "price_per_unit": "280",
        "price_unit": "G"
      },
      {
        "state": "NT",
        "price": "280",
        "price_per_unit": "280",
        "price_unit": "G"
      }
    ]
  },
  {
    "source_url": "https://www.woolworths.com.au/shop/productdetails/433281/maharajah-s-choice-fennel-seed-spice",
    "name": "Maharajah's Choice Fennel Seed Spice 250g",
    "image_url": "https://cdn1.woolworths.media/content/wowproductimages/large/433281.jpg",
    "source_id": "Woolworths - 433281",
    "barcode": "9311503107297",
    "category_id": "1_39FD49C",
    "shop": "Woolworths",
    "weight": "10G",
    "prices": [
      {
        "state": "VIC",
        "price": "10",
        "price_per_unit": "250",
        "price_unit": "G"
      },
      {
        "state": "QLD",
        "price": "10",
        "price_per_unit": "250",
        "price_unit": "G"
      },
      {
        "state": "WA",
        "price": "10",
        "price_per_unit": "250",
        "price_unit": "G"
      },
      {
        "state": "ACT",
        "price": "10",
        "price_per_unit": "250",
        "price_unit": "G"
      },
      {
        "state": "NT",
        "price": "10",
        "price_per_unit": "250",
        "price_unit": "G"
      }
    ]
  },
  {
    "source_url": "https://www.woolworths.com.au/shop/productdetails/433267/maharajah-s-choice-ground-coriander-spice",
    "name": "Maharajah's Choice Ground Coriander Spice 250g",
    "image_url": "https://cdn1.woolworths.media/content/wowproductimages/large/433267.jpg",
    "source_id": "Woolworths - 433267",
    "barcode": "9311503107235",
    "category_id": "1_39FD49C",
    "shop": "Woolworths",
    "weight": "10G",
    "prices": [
      {
        "state": "VIC",
        "price": "10",
        "price_per_unit": "250",
        "price_unit": "G"
      },
      {
        "state": "QLD",
        "price": "10",
        "price_per_unit": "250",
        "price_unit": "G"
      },
      {
        "state": "WA",
        "price": "10",
        "price_per_unit": "250",
        "price_unit": "G"
      },
      {
        "state": "ACT",
        "price": "10",
        "price_per_unit": "250",
        "price_unit": "G"
      },
      {
        "state": "NT",
        "price": "10",
        "price_per_unit": "250",
        "price_unit": "G"
      }
    ]
  },
  {
    "source_url": "https://www.woolworths.com.au/shop/productdetails/433259/maharajah-s-choice-ground-cumin-spice",
    "name": "Maharajah's Choice Ground Cumin Spice 250g",
    "image_url": "https://cdn1.woolworths.media/content/wowproductimages/large/433259.jpg",
    "source_id": "Woolworths - 433259",
    "barcode": "9311503107259",
    "category_id": "1_39FD49C",
    "shop": "Woolworths",
    "weight": "10G",
    "prices": [
      {
        "state": "VIC",
        "price": "12",
        "price_per_unit": "300",
        "price_unit": "G"
      },
      {
        "state": "QLD",
        "price": "12",
        "price_per_unit": "300",
        "price_unit": "G"
      },
      {
        "state": "WA",
        "price": "12",
        "price_per_unit": "300",
        "price_unit": "G"
      },
      {
        "state": "ACT",
        "price": "12",
        "price_per_unit": "300",
        "price_unit": "G"
      },
      {
        "state": "NT",
        "price": "12",
        "price_per_unit": "300",
        "price_unit": "G"
      }
    ]
  },
  {
    "source_url": "https://www.woolworths.com.au/shop/productdetails/430820/maharajah-s-choice-hing-powder",
    "name": "Maharajah's Choice Hing Powder 50g",
    "image_url": "https://cdn1.woolworths.media/content/wowproductimages/large/430820.jpg",
    "source_id": "Woolworths - 430820",
    "barcode": "9311503363105",
    "category_id": "1_39FD49C",
    "shop": "Woolworths",
    "weight": "100G",
    "prices": [
      {
        "state": "VIC",
        "price": "450",
        "price_per_unit": "225",
        "price_unit": "G"
      },
      {
        "state": "QLD",
        "price": "450",
        "price_per_unit": "225",
        "price_unit": "G"
      },
      {
        "state": "WA",
        "price": "450",
        "price_per_unit": "225",
        "price_unit": "G"
      },
      {
        "state": "ACT",
        "price": "450",
        "price_per_unit": "225",
        "price_unit": "G"
      },
      {
        "state": "NT",
        "price": "450",
        "price_per_unit": "225",
        "price_unit": "G"
      }
    ]
  },
  {
    "source_url": "https://www.woolworths.com.au/shop/productdetails/793551/maharajah-s-choice-pani-puris",
    "name": "Maharajah's Choice Pani Puris 10 Pack",
    "image_url": "https://cdn1.woolworths.media/content/wowproductimages/large/793551.jpg",
    "source_id": "Woolworths - 793551",
    "barcode": "9311503364409",
    "category_id": "1_39FD49C",
    "shop": "Woolworths",
    "weight": "100G",
    "prices": [
      {
        "state": "VIC",
        "price": "325",
        "price_per_unit": "780",
        "price_unit": "G"
      },
      {
        "state": "QLD",
        "price": "325",
        "price_per_unit": "780",
        "price_unit": "G"
      },
      {
        "state": "WA",
        "price": "325",
        "price_per_unit": "780",
        "price_unit": "G"
      },
      {
        "state": "ACT",
        "price": "325",
        "price_per_unit": "780",
        "price_unit": "G"
      },
      {
        "state": "NT",
        "price": "325",
        "price_per_unit": "780",
        "price_unit": "G"
      }
    ]
  },
  {
    "source_url": "https://www.woolworths.com.au/shop/productdetails/437280/maharajah-s-choice-rice-flour",
    "name": "Maharajah's Choice Rice Flour 1kg",
    "image_url": "https://cdn1.woolworths.media/content/wowproductimages/large/437280.jpg",
    "source_id": "Woolworths - 437280",
    "barcode": "9311503260787",
    "category_id": "1_39FD49C",
    "shop": "Woolworths",
    "weight": "1KG",
    "prices": [
      {
        "state": "VIC",
        "price": "370",
        "price_per_unit": "370",
        "price_unit": "KG"
      },
      {
        "state": "QLD",
        "price": "370",
        "price_per_unit": "370",
        "price_unit": "KG"
      },
      {
        "state": "WA",
        "price": "370",
        "price_per_unit": "370",
        "price_unit": "KG"
      },
      {
        "state": "ACT",
        "price": "370",
        "price_per_unit": "370",
        "price_unit": "KG"
      },
      {
        "state": "NT",
        "price": "370",
        "price_per_unit": "370",
        "price_unit": "KG"
      }
    ]
  },
  {
    "source_url": "https://www.woolworths.com.au/shop/productdetails/799817/maharajah-s-choice-rosewater",
    "name": "Maharajah's Choice Rosewater 250ml",
    "image_url": "https://cdn1.woolworths.media/content/wowproductimages/large/799817.jpg",
    "source_id": "Woolworths - 799817",
    "barcode": "9311503170444",
    "category_id": "1_39FD49C",
    "shop": "Woolworths",
    "weight": "100ML",
    "prices": [
      {
        "state": "VIC",
        "price": "160",
        "price_per_unit": "400",
        "price_unit": "ML"
      },
      {
        "state": "QLD",
        "price": "160",
        "price_per_unit": "400",
        "price_unit": "ML"
      },
      {
        "state": "WA",
        "price": "160",
        "price_per_unit": "400",
        "price_unit": "ML"
      },
      {
        "state": "ACT",
        "price": "160",
        "price_per_unit": "400",
        "price_unit": "ML"
      },
      {
        "state": "NT",
        "price": "160",
        "price_per_unit": "400",
        "price_unit": "ML"
      }
    ]
  },
  {
    "source_url": "https://www.woolworths.com.au/shop/productdetails/840221/mighty-spice-butter-chicken",
    "name": "Mighty Spice Butter Chicken 80g",
    "image_url": "https://cdn1.woolworths.media/content/wowproductimages/large/840221.jpg",
    "source_id": "Woolworths - 840221",
    "barcode": "5060579990008",
    "category_id": "1_39FD49C",
    "shop": "Woolworths",
    "weight": "100G",
    "prices": [
      {
        "state": "VIC",
        "price": "250",
        "price_per_unit": "200",
        "price_unit": "G"
      },
      {
        "state": "QLD",
        "price": "250",
        "price_per_unit": "200",
        "price_unit": "G"
      },
      {
        "state": "WA",
        "price": "250",
        "price_per_unit": "200",
        "price_unit": "G"
      },
      {
        "state": "SA",
        "price": "250",
        "price_per_unit": "200",
        "price_unit": "G"
      },
      {
        "state": "TAS",
        "price": "500",
        "price_per_unit": "400",
        "price_unit": "G"
      },
      {
        "state": "ACT",
        "price": "350",
        "price_per_unit": "280",
        "price_unit": "G"
      },
      {
        "state": "NT",
        "price": "500",
        "price_per_unit": "400",
        "price_unit": "G"
      }
    ]
  },
  {
    "source_url": "https://www.woolworths.com.au/shop/productdetails/258015/mighty-spice-tandoori-spice-mix-kit",
    "name": "Mighty Spice Tandoori Spice Mix Kit 80g",
    "image_url": "https://cdn1.woolworths.media/content/wowproductimages/large/258015.jpg",
    "source_id": "Woolworths - 258015",
    "barcode": "5060579990084",
    "category_id": "1_39FD49C",
    "shop": "Woolworths",
    "weight": "100G",
    "prices": [
      {
        "state": "VIC",
        "price": "250",
        "price_per_unit": "200",
        "price_unit": "G"
      },
      {
        "state": "QLD",
        "price": "250",
        "price_per_unit": "200",
        "price_unit": "G"
      },
      {
        "state": "WA",
        "price": "250",
        "price_per_unit": "200",
        "price_unit": "G"
      },
      {
        "state": "SA",
        "price": "250",
        "price_per_unit": "200",
        "price_unit": "G"
      },
      {
        "state": "TAS",
        "price": "500",
        "price_per_unit": "400",
        "price_unit": "G"
      },
      {
        "state": "ACT",
        "price": "350",
        "price_per_unit": "280",
        "price_unit": "G"
      },
      {
        "state": "NT",
        "price": "500",
        "price_per_unit": "400",
        "price_unit": "G"
      }
    ]
  },
  {
    "source_url": "https://www.woolworths.com.au/shop/productdetails/421191/mother-s-recipe-mango-pickle-mild",
    "name": "Mother's Recipe Mango Pickle Mild 500g",
    "image_url": "https://cdn1.woolworths.media/content/wowproductimages/large/421191.jpg",
    "source_id": "Woolworths - 421191",
    "barcode": "8906001055440",
    "category_id": "1_39FD49C",
    "shop": "Woolworths",
    "weight": "100G",
    "prices": [
      {
        "state": "VIC",
        "price": "96",
        "price_per_unit": "480",
        "price_unit": "G"
      },
      {
        "state": "QLD",
        "price": "96",
        "price_per_unit": "480",
        "price_unit": "G"
      },
      {
        "state": "WA",
        "price": "96",
        "price_per_unit": "480",
        "price_unit": "G"
      },
      {
        "state": "ACT",
        "price": "96",
        "price_per_unit": "480",
        "price_unit": "G"
      },
      {
        "state": "NT",
        "price": "96",
        "price_per_unit": "480",
        "price_unit": "G"
      }
    ]
  },
  {
    "source_url": "https://www.woolworths.com.au/shop/productdetails/421202/mother-s-recipe-mixed-pickle",
    "name": "Mother's Recipe Mixed Pickle 500g",
    "image_url": "https://cdn1.woolworths.media/content/wowproductimages/large/421202.jpg",
    "source_id": "Woolworths - 421202",
    "barcode": "8906001055464",
    "category_id": "1_39FD49C",
    "shop": "Woolworths",
    "weight": "100G",
    "prices": [
      {
        "state": "VIC",
        "price": "96",
        "price_per_unit": "480",
        "price_unit": "G"
      },
      {
        "state": "QLD",
        "price": "96",
        "price_per_unit": "480",
        "price_unit": "G"
      },
      {
        "state": "WA",
        "price": "96",
        "price_per_unit": "480",
        "price_unit": "G"
      },
      {
        "state": "ACT",
        "price": "96",
        "price_per_unit": "480",
        "price_unit": "G"
      },
      {
        "state": "NT",
        "price": "96",
        "price_per_unit": "480",
        "price_unit": "G"
      }
    ]
  },
  {
    "source_url": "https://www.woolworths.com.au/shop/productdetails/573132/mtr-poha-breakfast-in-a-cup",
    "name": "MTR Poha Breakfast In a Cup 80g",
    "image_url": "https://cdn1.woolworths.media/content/wowproductimages/large/573132.jpg",
    "source_id": "Woolworths - 573132",
    "barcode": "8901042968193",
    "category_id": "1_39FD49C",
    "shop": "Woolworths",
    "weight": "100G",
    "prices": [
      {
        "state": "VIC",
        "price": "375",
        "price_per_unit": "300",
        "price_unit": "G"
      },
      {
        "state": "QLD",
        "price": "375",
        "price_per_unit": "300",
        "price_unit": "G"
      },
      {
        "state": "WA",
        "price": "375",
        "price_per_unit": "300",
        "price_unit": "G"
      },
      {
        "state": "ACT",
        "price": "375",
        "price_per_unit": "300",
        "price_unit": "G"
      },
      {
        "state": "NT",
        "price": "375",
        "price_per_unit": "300",
        "price_unit": "G"
      }
    ]
  },
  {
    "source_url": "https://www.woolworths.com.au/shop/productdetails/753085/mtr-ready-to-eat-bhindhi-masala",
    "name": "MTR Ready To Eat Bhindhi Masala 300g",
    "image_url": "https://cdn1.woolworths.media/content/wowproductimages/large/753085.jpg",
    "source_id": "Woolworths - 753085",
    "barcode": "8901042957326",
    "category_id": "1_39FD49C",
    "shop": "Woolworths",
    "weight": "100G",
    "prices": [
      {
        "state": "VIC",
        "price": "117",
        "price_per_unit": "350",
        "price_unit": "G"
      },
      {
        "state": "QLD",
        "price": "117",
        "price_per_unit": "350",
        "price_unit": "G"
      },
      {
        "state": "WA",
        "price": "117",
        "price_per_unit": "350",
        "price_unit": "G"
      },
      {
        "state": "ACT",
        "price": "117",
        "price_per_unit": "350",
        "price_unit": "G"
      },
      {
        "state": "NT",
        "price": "117",
        "price_per_unit": "350",
        "price_unit": "G"
      }
    ]
  },
  {
    "source_url": "https://www.woolworths.com.au/shop/productdetails/752585/mtr-ready-to-eat-dal-fry",
    "name": "MTR Ready To Eat Dal Fry 300g",
    "image_url": "https://cdn1.woolworths.media/content/wowproductimages/large/752585.jpg",
    "source_id": "Woolworths - 752585",
    "barcode": "8901042955988",
    "category_id": "1_39FD49C",
    "shop": "Woolworths",
    "weight": "100G",
    "prices": [
      {
        "state": "VIC",
        "price": "117",
        "price_per_unit": "350",
        "price_unit": "G"
      },
      {
        "state": "QLD",
        "price": "117",
        "price_per_unit": "350",
        "price_unit": "G"
      },
      {
        "state": "WA",
        "price": "117",
        "price_per_unit": "350",
        "price_unit": "G"
      },
      {
        "state": "ACT",
        "price": "117",
        "price_per_unit": "350",
        "price_unit": "G"
      },
      {
        "state": "NT",
        "price": "117",
        "price_per_unit": "350",
        "price_unit": "G"
      }
    ]
  },
  {
    "source_url": "https://www.woolworths.com.au/shop/productdetails/356675/mtr-ready-to-eat-palak-paneer",
    "name": "MTR Ready To Eat Palak Paneer 300g",
    "image_url": "https://cdn1.woolworths.media/content/wowproductimages/large/356675.jpg",
    "source_id": "Woolworths - 356675",
    "barcode": "8901042955995",
    "category_id": "1_39FD49C",
    "shop": "Woolworths",
    "weight": "100G",
    "prices": [
      {
        "state": "VIC",
        "price": "117",
        "price_per_unit": "350",
        "price_unit": "G"
      },
      {
        "state": "QLD",
        "price": "117",
        "price_per_unit": "350",
        "price_unit": "G"
      },
      {
        "state": "WA",
        "price": "117",
        "price_per_unit": "350",
        "price_unit": "G"
      },
      {
        "state": "ACT",
        "price": "117",
        "price_per_unit": "350",
        "price_unit": "G"
      },
      {
        "state": "NT",
        "price": "117",
        "price_per_unit": "350",
        "price_unit": "G"
      }
    ]
  },
  {
    "source_url": "https://www.woolworths.com.au/shop/productdetails/577174/parle-krackjack",
    "name": "Parle Krackjack 5 Pack",
    "image_url": "https://cdn1.woolworths.media/content/wowproductimages/large/577174.jpg",
    "source_id": "Woolworths - 577174",
    "barcode": "8901719901393",
    "category_id": "1_39FD49C",
    "shop": "Woolworths",
    "weight": "100G",
    "prices": [
      {
        "state": "VIC",
        "price": "167",
        "price_per_unit": "500",
        "price_unit": "G"
      },
      {
        "state": "QLD",
        "price": "167",
        "price_per_unit": "500",
        "price_unit": "G"
      },
      {
        "state": "WA",
        "price": "167",
        "price_per_unit": "500",
        "price_unit": "G"
      },
      {
        "state": "TAS",
        "price": "167",
        "price_per_unit": "500",
        "price_unit": "G"
      },
      {
        "state": "ACT",
        "price": "167",
        "price_per_unit": "500",
        "price_unit": "G"
      }
    ]
  },
  {
    "source_url": "https://www.woolworths.com.au/shop/productdetails/159106/passage-to-india-butter-chicken-curry-paste",
    "name": "Passage To India Butter Chicken Curry Paste 150g",
    "image_url": "https://cdn1.woolworths.media/content/wowproductimages/large/159106.jpg",
    "source_id": "Woolworths - 159106",
    "barcode": "9334279006779",
    "category_id": "1_39FD49C",
    "shop": "Woolworths",
    "weight": "100G",
    "prices": [
      {
        "state": "VIC",
        "price": "247",
        "price_per_unit": "370",
        "price_unit": "G"
      },
      {
        "state": "QLD",
        "price": "247",
        "price_per_unit": "370",
        "price_unit": "G"
      },
      {
        "state": "WA",
        "price": "247",
        "price_per_unit": "370",
        "price_unit": "G"
      },
      {
        "state": "SA",
        "price": "247",
        "price_per_unit": "370",
        "price_unit": "G"
      },
      {
        "state": "TAS",
        "price": "247",
        "price_per_unit": "370",
        "price_unit": "G"
      },
      {
        "state": "ACT",
        "price": "247",
        "price_per_unit": "370",
        "price_unit": "G"
      },
      {
        "state": "NT",
        "price": "247",
        "price_per_unit": "370",
        "price_unit": "G"
      }
    ]
  },
  {
    "source_url": "https://www.woolworths.com.au/shop/productdetails/907059/passage-to-india-butter-chicken-curry-spice-mix",
    "name": "Passage To India Butter Chicken Curry Spice Mix 28g",
    "image_url": "https://cdn1.woolworths.media/content/wowproductimages/large/907059.jpg",
    "source_id": "Woolworths - 907059",
    "barcode": "9334279009183",
    "category_id": "1_39FD49C",
    "shop": "Woolworths",
    "weight": "100G",
    "prices": [
      {
        "state": "VIC",
        "price": "1071",
        "price_per_unit": "300",
        "price_unit": "G"
      },
      {
        "state": "QLD",
        "price": "1071",
        "price_per_unit": "300",
        "price_unit": "G"
      },
      {
        "state": "WA",
        "price": "1071",
        "price_per_unit": "300",
        "price_unit": "G"
      },
      {
        "state": "SA",
        "price": "1071",
        "price_per_unit": "300",
        "price_unit": "G"
      },
      {
        "state": "TAS",
        "price": "1071",
        "price_per_unit": "300",
        "price_unit": "G"
      },
      {
        "state": "ACT",
        "price": "1071",
        "price_per_unit": "300",
        "price_unit": "G"
      },
      {
        "state": "NT",
        "price": "1071",
        "price_per_unit": "300",
        "price_unit": "G"
      }
    ]
  },
  {
    "source_url": "https://www.woolworths.com.au/shop/productdetails/906436/passage-to-india-korma-curry-spice-mix",
    "name": "Passage To India Korma Curry Spice Mix 28g",
    "image_url": "https://cdn1.woolworths.media/content/wowproductimages/large/906436.jpg",
    "source_id": "Woolworths - 906436",
    "barcode": "9334279009213",
    "category_id": "1_39FD49C",
    "shop": "Woolworths",
    "weight": "100G",
    "prices": [
      {
        "state": "VIC",
        "price": "1071",
        "price_per_unit": "300",
        "price_unit": "G"
      },
      {
        "state": "QLD",
        "price": "1071",
        "price_per_unit": "300",
        "price_unit": "G"
      },
      {
        "state": "WA",
        "price": "1071",
        "price_per_unit": "300",
        "price_unit": "G"
      },
      {
        "state": "SA",
        "price": "1071",
        "price_per_unit": "300",
        "price_unit": "G"
      },
      {
        "state": "TAS",
        "price": "1071",
        "price_per_unit": "300",
        "price_unit": "G"
      },
      {
        "state": "ACT",
        "price": "1071",
        "price_per_unit": "300",
        "price_unit": "G"
      },
      {
        "state": "NT",
        "price": "1071",
        "price_per_unit": "300",
        "price_unit": "G"
      }
    ]
  },
  {
    "source_url": "https://www.woolworths.com.au/shop/productdetails/906767/passage-to-india-rogan-josh-curry-spice-mix",
    "name": "Passage To India Rogan Josh Curry Spice Mix 28g",
    "image_url": "https://cdn1.woolworths.media/content/wowproductimages/large/906767.jpg",
    "source_id": "Woolworths - 906767",
    "barcode": "9334279009206",
    "category_id": "1_39FD49C",
    "shop": "Woolworths",
    "weight": "100G",
    "prices": [
      {
        "state": "VIC",
        "price": "1071",
        "price_per_unit": "300",
        "price_unit": "G"
      },
      {
        "state": "QLD",
        "price": "1071",
        "price_per_unit": "300",
        "price_unit": "G"
      },
      {
        "state": "WA",
        "price": "1071",
        "price_per_unit": "300",
        "price_unit": "G"
      },
      {
        "state": "SA",
        "price": "1071",
        "price_per_unit": "300",
        "price_unit": "G"
      },
      {
        "state": "TAS",
        "price": "1071",
        "price_per_unit": "300",
        "price_unit": "G"
      },
      {
        "state": "ACT",
        "price": "1071",
        "price_per_unit": "300",
        "price_unit": "G"
      },
      {
        "state": "NT",
        "price": "1071",
        "price_per_unit": "300",
        "price_unit": "G"
      }
    ]
  },
  {
    "source_url": "https://www.woolworths.com.au/shop/productdetails/87353/patak-s-lime-pickle-medium-lime-medium-pickle",
    "name": "Patak's Lime Pickle Medium 283g",
    "image_url": "https://cdn1.woolworths.media/content/wowproductimages/large/087353.jpg",
    "source_id": "Woolworths - 87353",
    "barcode": "5011308000307",
    "category_id": "1_39FD49C",
    "shop": "Woolworths",
    "weight": "100G",
    "prices": [
      {
        "state": "VIC",
        "price": "265",
        "price_per_unit": "750",
        "price_unit": "G"
      },
      {
        "state": "QLD",
        "price": "265",
        "price_per_unit": "750",
        "price_unit": "G"
      },
      {
        "state": "WA",
        "price": "265",
        "price_per_unit": "750",
        "price_unit": "G"
      },
      {
        "state": "SA",
        "price": "265",
        "price_per_unit": "750",
        "price_unit": "G"
      },
      {
        "state": "TAS",
        "price": "265",
        "price_per_unit": "750",
        "price_unit": "G"
      },
      {
        "state": "ACT",
        "price": "265",
        "price_per_unit": "750",
        "price_unit": "G"
      },
      {
        "state": "NT",
        "price": "265",
        "price_per_unit": "750",
        "price_unit": "G"
      }
    ]
  },
  {
    "source_url": "https://www.woolworths.com.au/shop/productdetails/580638/patak-s-tikka-masala-simmer-sauce",
    "name": "Patak's Tikka Masala Simmer Sauce 450g",
    "image_url": "https://cdn1.woolworths.media/content/wowproductimages/large/580638.jpg",
    "source_id": "Woolworths - 580638",
    "barcode": "5011308901499",
    "category_id": "1_39FD49C",
    "shop": "Woolworths",
    "weight": "100G",
    "prices": [
      {
        "state": "VIC",
        "price": "100",
        "price_per_unit": "450",
        "price_unit": "G"
      },
      {
        "state": "QLD",
        "price": "100",
        "price_per_unit": "450",
        "price_unit": "G"
      },
      {
        "state": "WA",
        "price": "100",
        "price_per_unit": "450",
        "price_unit": "G"
      },
      {
        "state": "SA",
        "price": "100",
        "price_per_unit": "450",
        "price_unit": "G"
      },
      {
        "state": "TAS",
        "price": "122",
        "price_per_unit": "550",
        "price_unit": "G"
      },
      {
        "state": "ACT",
        "price": "122",
        "price_per_unit": "550",
        "price_unit": "G"
      },
      {
        "state": "NT",
        "price": "122",
        "price_per_unit": "550",
        "price_unit": "G"
      }
    ]
  },
  {
    "source_url": "https://www.woolworths.com.au/shop/productdetails/222306/sharwood-s-simmer-sauce-rogan-josh",
    "name": "Sharwood's Simmer Sauce Rogan Josh 420g",
    "image_url": "https://cdn1.woolworths.media/content/wowproductimages/large/222306.jpg",
    "source_id": "Woolworths - 222306",
    "barcode": "5000197152686",
    "category_id": "1_39FD49C",
    "shop": "Woolworths",
    "weight": "100G",
    "prices": [
      {
        "state": "VIC",
        "price": "119",
        "price_per_unit": "500",
        "price_unit": "G"
      },
      {
        "state": "QLD",
        "price": "119",
        "price_per_unit": "500",
        "price_unit": "G"
      },
      {
        "state": "WA",
        "price": "119",
        "price_per_unit": "500",
        "price_unit": "G"
      },
      {
        "state": "SA",
        "price": "119",
        "price_per_unit": "500",
        "price_unit": "G"
      },
      {
        "state": "TAS",
        "price": "119",
        "price_per_unit": "500",
        "price_unit": "G"
      },
      {
        "state": "ACT",
        "price": "119",
        "price_per_unit": "500",
        "price_unit": "G"
      },
      {
        "state": "NT",
        "price": "119",
        "price_per_unit": "500",
        "price_unit": "G"
      }
    ]
  },
  {
    "source_url": "https://www.woolworths.com.au/shop/productdetails/315493/spicecraft-gourmet-butter-chicken-cooking-kit",
    "name": "Spicecraft Gourmet Butter Chicken Cooking Kit 24g",
    "image_url": "https://cdn1.woolworths.media/content/wowproductimages/large/315493.jpg",
    "source_id": "Woolworths - 315493",
    "barcode": "9369999928506",
    "category_id": "1_39FD49C",
    "shop": "Woolworths",
    "weight": "100G",
    "prices": [
      {
        "state": "VIC",
        "price": "4167",
        "price_per_unit": "1000",
        "price_unit": "G"
      },
      {
        "state": "QLD",
        "price": "4167",
        "price_per_unit": "1000",
        "price_unit": "G"
      },
      {
        "state": "WA",
        "price": "4167",
        "price_per_unit": "1000",
        "price_unit": "G"
      },
      {
        "state": "SA",
        "price": "4167",
        "price_per_unit": "1000",
        "price_unit": "G"
      },
      {
        "state": "TAS",
        "price": "4167",
        "price_per_unit": "1000",
        "price_unit": "G"
      },
      {
        "state": "ACT",
        "price": "4167",
        "price_per_unit": "1000",
        "price_unit": "G"
      },
      {
        "state": "NT",
        "price": "4167",
        "price_per_unit": "1000",
        "price_unit": "G"
      }
    ]
  },
  {
    "source_url": "https://www.woolworths.com.au/shop/productdetails/315485/spicecraft-gourmet-hyderabadi-biryani-cooking-kit",
    "name": "Spicecraft Gourmet Hyderabadi Biryani Cooking Kit 61g",
    "image_url": "https://cdn1.woolworths.media/content/wowproductimages/large/315485.jpg",
    "source_id": "Woolworths - 315485",
    "barcode": "9369999827069",
    "category_id": "1_39FD49C",
    "shop": "Woolworths",
    "weight": "100G",
    "prices": [
      {
        "state": "VIC",
        "price": "1639",
        "price_per_unit": "1000",
        "price_unit": "G"
      },
      {
        "state": "QLD",
        "price": "1639",
        "price_per_unit": "1000",
        "price_unit": "G"
      },
      {
        "state": "WA",
        "price": "1639",
        "price_per_unit": "1000",
        "price_unit": "G"
      },
      {
        "state": "SA",
        "price": "1639",
        "price_per_unit": "1000",
        "price_unit": "G"
      },
      {
        "state": "TAS",
        "price": "1639",
        "price_per_unit": "1000",
        "price_unit": "G"
      },
      {
        "state": "ACT",
        "price": "1639",
        "price_per_unit": "1000",
        "price_unit": "G"
      },
      {
        "state": "NT",
        "price": "1639",
        "price_per_unit": "1000",
        "price_unit": "G"
      }
    ]
  },
  {
    "source_url": "https://www.woolworths.com.au/shop/productdetails/313564/spicecraft-gourmet-kashmiri-rogan-josh-cooking-kit",
    "name": "Spicecraft Gourmet Kashmiri Rogan Josh Cooking Kit 39g",
    "image_url": "https://cdn1.woolworths.media/content/wowproductimages/large/313564.jpg",
    "source_id": "Woolworths - 313564",
    "barcode": "9369999342784",
    "category_id": "1_39FD49C",
    "shop": "Woolworths",
    "weight": "100G",
    "prices": [
      {
        "state": "VIC",
        "price": "2564",
        "price_per_unit": "1000",
        "price_unit": "G"
      },
      {
        "state": "QLD",
        "price": "2564",
        "price_per_unit": "1000",
        "price_unit": "G"
      },
      {
        "state": "WA",
        "price": "2564",
        "price_per_unit": "1000",
        "price_unit": "G"
      },
      {
        "state": "SA",
        "price": "2564",
        "price_per_unit": "1000",
        "price_unit": "G"
      },
      {
        "state": "TAS",
        "price": "2564",
        "price_per_unit": "1000",
        "price_unit": "G"
      },
      {
        "state": "ACT",
        "price": "2564",
        "price_per_unit": "1000",
        "price_unit": "G"
      },
      {
        "state": "NT",
        "price": "2564",
        "price_per_unit": "1000",
        "price_unit": "G"
      }
    ]
  },
  {
    "source_url": "https://www.woolworths.com.au/shop/productdetails/909169/spicecraft-gourmet-lassi-drink-premix",
    "name": "Spicecraft Gourmet Lassi Drink Premix",
    "image_url": "https://cdn1.woolworths.media/content/wowproductimages/large/909169.jpg",
    "source_id": "Woolworths - 909169",
    "barcode": "9369998505289",
    "category_id": "1_39FD49C",
    "shop": "Woolworths",
    "weight": "100G",
    "prices": [
      {
        "state": "VIC",
        "price": "1100",
        "price_per_unit": "1100",
        "price_unit": "G"
      },
      {
        "state": "QLD",
        "price": "1100",
        "price_per_unit": "1100",
        "price_unit": "G"
      },
      {
        "state": "WA",
        "price": "1100",
        "price_per_unit": "1100",
        "price_unit": "G"
      },
      {
        "state": "SA",
        "price": "1100",
        "price_per_unit": "1100",
        "price_unit": "G"
      },
      {
        "state": "TAS",
        "price": "1100",
        "price_per_unit": "1100",
        "price_unit": "G"
      },
      {
        "state": "ACT",
        "price": "1100",
        "price_per_unit": "1100",
        "price_unit": "G"
      },
      {
        "state": "NT",
        "price": "1100",
        "price_per_unit": "1100",
        "price_unit": "G"
      }
    ]
  },
  {
    "source_url": "https://www.woolworths.com.au/shop/productdetails/316344/spicecraft-gourmet-naan-bread-mix",
    "name": "Spicecraft Gourmet Naan Bread Mix 365g",
    "image_url": "https://cdn1.woolworths.media/content/wowproductimages/large/316344.jpg",
    "source_id": "Woolworths - 316344",
    "barcode": "9369999106706",
    "category_id": "1_39FD49C",
    "shop": "Woolworths",
    "weight": "100G",
    "prices": [
      {
        "state": "VIC",
        "price": "274",
        "price_per_unit": "1000",
        "price_unit": "G"
      },
      {
        "state": "QLD",
        "price": "274",
        "price_per_unit": "1000",
        "price_unit": "G"
      },
      {
        "state": "WA",
        "price": "274",
        "price_per_unit": "1000",
        "price_unit": "G"
      },
      {
        "state": "SA",
        "price": "274",
        "price_per_unit": "1000",
        "price_unit": "G"
      },
      {
        "state": "TAS",
        "price": "274",
        "price_per_unit": "1000",
        "price_unit": "G"
      },
      {
        "state": "ACT",
        "price": "274",
        "price_per_unit": "1000",
        "price_unit": "G"
      },
      {
        "state": "NT",
        "price": "274",
        "price_per_unit": "1000",
        "price_unit": "G"
      }
    ]
  },
  {
    "source_url": "https://www.woolworths.com.au/shop/productdetails/908261/the-spice-tailor-coastal-mango-curry-mild",
    "name": "The Spice Tailor Coastal Mango Curry Mild 300g",
    "image_url": "https://cdn1.woolworths.media/content/wowproductimages/large/908261.jpg",
    "source_id": "Woolworths - 908261",
    "barcode": "5000354926419",
    "category_id": "1_39FD49C",
    "shop": "Woolworths",
    "weight": "100G",
    "prices": [
      {
        "state": "VIC",
        "price": "165",
        "price_per_unit": "495",
        "price_unit": "G"
      },
      {
        "state": "QLD",
        "price": "165",
        "price_per_unit": "495",
        "price_unit": "G"
      },
      {
        "state": "WA",
        "price": "165",
        "price_per_unit": "495",
        "price_unit": "G"
      },
      {
        "state": "SA",
        "price": "165",
        "price_per_unit": "495",
        "price_unit": "G"
      },
      {
        "state": "TAS",
        "price": "207",
        "price_per_unit": "620",
        "price_unit": "G"
      },
      {
        "state": "NT",
        "price": "207",
        "price_per_unit": "620",
        "price_unit": "G"
      }
    ]
  },
  {
    "source_url": "https://www.woolworths.com.au/shop/productdetails/203084/the-spice-tailor-mangalore-roasted-coconut-kit",
    "name": "The Spice Tailor Mangalore Roasted Coconut Kit 300g",
    "image_url": "https://cdn1.woolworths.media/content/wowproductimages/large/203084.jpg",
    "source_id": "Woolworths - 203084",
    "barcode": "5052675000804",
    "category_id": "1_39FD49C",
    "shop": "Woolworths",
    "weight": "100G",
    "prices": [
      {
        "state": "VIC",
        "price": "165",
        "price_per_unit": "495",
        "price_unit": "G"
      },
      {
        "state": "QLD",
        "price": "165",
        "price_per_unit": "495",
        "price_unit": "G"
      },
      {
        "state": "WA",
        "price": "165",
        "price_per_unit": "495",
        "price_unit": "G"
      },
      {
        "state": "SA",
        "price": "165",
        "price_per_unit": "495",
        "price_unit": "G"
      },
      {
        "state": "NT",
        "price": "207",
        "price_per_unit": "620",
        "price_unit": "G"
      }
    ]
  },
  {
    "source_url": "https://www.woolworths.com.au/shop/productdetails/909453/the-spice-tailor-spicy-butter-chicken-medium",
    "name": "The Spice Tailor Spicy Butter Chicken Medium 300g",
    "image_url": "https://cdn1.woolworths.media/content/wowproductimages/large/909453.jpg",
    "source_id": "Woolworths - 909453",
    "barcode": "5000354926402",
    "category_id": "1_39FD49C",
    "shop": "Woolworths",
    "weight": "100G",
    "prices": [
      {
        "state": "VIC",
        "price": "165",
        "price_per_unit": "495",
        "price_unit": "G"
      },
      {
        "state": "QLD",
        "price": "165",
        "price_per_unit": "495",
        "price_unit": "G"
      },
      {
        "state": "WA",
        "price": "165",
        "price_per_unit": "495",
        "price_unit": "G"
      },
      {
        "state": "SA",
        "price": "165",
        "price_per_unit": "495",
        "price_unit": "G"
      },
      {
        "state": "TAS",
        "price": "207",
        "price_per_unit": "620",
        "price_unit": "G"
      },
      {
        "state": "ACT",
        "price": "207",
        "price_per_unit": "620",
        "price_unit": "G"
      },
      {
        "state": "NT",
        "price": "207",
        "price_per_unit": "620",
        "price_unit": "G"
      }
    ]
  },
  {
    "source_url": "https://www.woolworths.com.au/shop/productdetails/252245/maharajah-s-choice-pappadam-plain-large",
    "name": "Maharajah's Choice Pappadam Plain Large 100g",
    "image_url": "https://cdn1.woolworths.media/content/wowproductimages/large/252245.jpg",
    "source_id": "Woolworths - 252245",
    "barcode": "9311503361187",
    "category_id": "1_39FD49C",
    "shop": "Woolworths",
    "weight": "100G",
    "prices": [
      {
        "state": "SA",
        "price": "300",
        "price_per_unit": "300",
        "price_unit": "G"
      },
      {
        "state": "ACT",
        "price": "300",
        "price_per_unit": "300",
        "price_unit": "G"
      }
    ]
  },
  {
    "source_url": "https://www.woolworths.com.au/shop/productdetails/840222/mighty-spice-chicken-curry",
    "name": "Mighty Spice Chicken Curry 80g",
    "image_url": "https://cdn1.woolworths.media/content/wowproductimages/large/840222.jpg",
    "source_id": "Woolworths - 840222",
    "barcode": "5060579990039",
    "category_id": "1_39FD49C",
    "shop": "Woolworths",
    "weight": "100G",
    "prices": [
      {
        "state": "SA",
        "price": "250",
        "price_per_unit": "200",
        "price_unit": "G"
      },
      {
        "state": "ACT",
        "price": "350",
        "price_per_unit": "280",
        "price_unit": "G"
      }
    ]
  },
  {
    "source_url": "https://www.woolworths.com.au/shop/productdetails/149530/passage-to-india-balinese-curry-simmer-sauce",
    "name": "Passage To India Balinese Curry Simmer Sauce 375g",
    "image_url": "https://cdn1.woolworths.media/content/wowproductimages/large/149530.jpg",
    "source_id": "Woolworths - 149530",
    "barcode": "9334279006762",
    "category_id": "1_39FD49C",
    "shop": "Woolworths",
    "weight": "100G",
    "prices": [
      {
        "state": "SA",
        "price": "168",
        "price_per_unit": "630",
        "price_unit": "G"
      },
      {
        "state": "ACT",
        "price": "168",
        "price_per_unit": "630",
        "price_unit": "G"
      },
      {
        "state": "NT",
        "price": "168",
        "price_per_unit": "630",
        "price_unit": "G"
      }
    ]
  },
  {
    "source_url": "https://www.woolworths.com.au/shop/productdetails/158950/passage-to-india-extra-spicy-butter-chicken-simmer-sauce",
    "name": "Passage To India Extra Spicy Butter Chicken Simmer Sauce 375g",
    "image_url": "https://cdn1.woolworths.media/content/wowproductimages/large/158950.jpg",
    "source_id": "Woolworths - 158950",
    "barcode": "9334279007301",
    "category_id": "1_39FD49C",
    "shop": "Woolworths",
    "weight": "100G",
    "prices": [
      {
        "state": "SA",
        "price": "168",
        "price_per_unit": "630",
        "price_unit": "G"
      },
      {
        "state": "ACT",
        "price": "132",
        "price_per_unit": "495",
        "price_unit": "G"
      },
      {
        "state": "NT",
        "price": "132",
        "price_per_unit": "495",
        "price_unit": "G"
      }
    ]
  },
  {
    "source_url": "https://www.woolworths.com.au/shop/productdetails/159139/passage-to-india-korma-curry-paste",
    "name": "Passage To India Korma Curry Paste 150g",
    "image_url": "https://cdn1.woolworths.media/content/wowproductimages/large/159139.jpg",
    "source_id": "Woolworths - 159139",
    "barcode": "9334279006854",
    "category_id": "1_39FD49C",
    "shop": "Woolworths",
    "weight": "100G",
    "prices": [
      {
        "state": "SA",
        "price": "247",
        "price_per_unit": "370",
        "price_unit": "G"
      },
      {
        "state": "ACT",
        "price": "247",
        "price_per_unit": "370",
        "price_unit": "G"
      },
      {
        "state": "NT",
        "price": "247",
        "price_per_unit": "370",
        "price_unit": "G"
      }
    ]
  },
  {
    "source_url": "https://www.woolworths.com.au/shop/productdetails/906368/passage-to-india-nepalese-chicken-curry-simmer-sauce",
    "name": "Passage To India Nepalese Chicken Curry Simmer Sauce 375g",
    "image_url": "https://cdn1.woolworths.media/content/wowproductimages/large/906368.jpg",
    "source_id": "Woolworths - 906368",
    "barcode": "9334279008056",
    "category_id": "1_39FD49C",
    "shop": "Woolworths",
    "weight": "100G",
    "prices": [
      {
        "state": "SA",
        "price": "168",
        "price_per_unit": "630",
        "price_unit": "G"
      },
      {
        "state": "ACT",
        "price": "168",
        "price_per_unit": "630",
        "price_unit": "G"
      },
      {
        "state": "NT",
        "price": "168",
        "price_per_unit": "630",
        "price_unit": "G"
      }
    ]
  },
  {
    "source_url": "https://www.woolworths.com.au/shop/productdetails/159226/passage-to-india-rogan-josh-curry-paste",
    "name": "Passage To India Rogan Josh Curry Paste 150g",
    "image_url": "https://cdn1.woolworths.media/content/wowproductimages/large/159226.jpg",
    "source_id": "Woolworths - 159226",
    "barcode": "9334279006793",
    "category_id": "1_39FD49C",
    "shop": "Woolworths",
    "weight": "100G",
    "prices": [
      {
        "state": "SA",
        "price": "247",
        "price_per_unit": "370",
        "price_unit": "G"
      },
      {
        "state": "ACT",
        "price": "247",
        "price_per_unit": "370",
        "price_unit": "G"
      },
      {
        "state": "NT",
        "price": "247",
        "price_per_unit": "370",
        "price_unit": "G"
      }
    ]
  },
  {
    "source_url": "https://www.woolworths.com.au/shop/productdetails/159284/passage-to-india-slow-cook-korma",
    "name": "Passage To India Slow Cook Korma 500g",
    "image_url": "https://cdn1.woolworths.media/content/wowproductimages/large/159284.jpg",
    "source_id": "Woolworths - 159284",
    "barcode": "9334279007288",
    "category_id": "1_39FD49C",
    "shop": "Woolworths",
    "weight": "100G",
    "prices": [
      {
        "state": "SA",
        "price": "130",
        "price_per_unit": "650",
        "price_unit": "G"
      },
      {
        "state": "ACT",
        "price": "130",
        "price_per_unit": "650",
        "price_unit": "G"
      },
      {
        "state": "NT",
        "price": "130",
        "price_per_unit": "650",
        "price_unit": "G"
      }
    ]
  },
  {
    "source_url": "https://www.woolworths.com.au/shop/productdetails/715602/passage-to-india-sri-lanka-simmer-sauce-chicken-curry",
    "name": "Passage To India Sri Lanka Simmer Sauce Chicken Curry 375g",
    "image_url": "https://cdn1.woolworths.media/content/wowproductimages/large/715602.jpg",
    "source_id": "Woolworths - 715602",
    "barcode": "9334279001910",
    "category_id": "1_39FD49C",
    "shop": "Woolworths",
    "weight": "100G",
    "prices": [
      {
        "state": "SA",
        "price": "168",
        "price_per_unit": "630",
        "price_unit": "G"
      },
      {
        "state": "ACT",
        "price": "168",
        "price_per_unit": "630",
        "price_unit": "G"
      },
      {
        "state": "NT",
        "price": "168",
        "price_per_unit": "630",
        "price_unit": "G"
      }
    ]
  },
  {
    "source_url": "https://www.woolworths.com.au/shop/productdetails/715568/passage-to-india-sri-lanka-simmer-sauce-coconut-cashew-chicken",
    "name": "Passage To India Sri Lanka Simmer Sauce Coconut & Cashew Chicken 375G",
    "image_url": "https://cdn1.woolworths.media/content/wowproductimages/large/715568.jpg",
    "source_id": "Woolworths - 715568",
    "barcode": "9334279001927",
    "category_id": "1_39FD49C",
    "shop": "Woolworths",
    "weight": "100G",
    "prices": [
      {
        "state": "SA",
        "price": "168",
        "price_per_unit": "630",
        "price_unit": "G"
      },
      {
        "state": "ACT",
        "price": "168",
        "price_per_unit": "630",
        "price_unit": "G"
      },
      {
        "state": "NT",
        "price": "168",
        "price_per_unit": "630",
        "price_unit": "G"
      }
    ]
  },
  {
    "source_url": "https://www.woolworths.com.au/shop/productdetails/803570/patak-s-butter-chicken-curry-kit",
    "name": "Patak's Butter Chicken Curry Kit 313g",
    "image_url": "https://cdn1.woolworths.media/content/wowproductimages/large/803570.jpg",
    "source_id": "Woolworths - 803570",
    "barcode": "5011308300988",
    "category_id": "1_39FD49C",
    "shop": "Woolworths",
    "weight": "100G",
    "prices": [
      {
        "state": "SA",
        "price": "208",
        "price_per_unit": "650",
        "price_unit": "G"
      },
      {
        "state": "ACT",
        "price": "208",
        "price_per_unit": "650",
        "price_unit": "G"
      },
      {
        "state": "NT",
        "price": "208",
        "price_per_unit": "650",
        "price_unit": "G"
      }
    ]
  },
  {
    "source_url": "https://www.woolworths.com.au/shop/productdetails/147567/patak-s-cook-to-eat-pappadums-plain-plain",
    "name": "Patak's Cook To Eat Pappadums Plain 100g",
    "image_url": "https://cdn1.woolworths.media/content/wowproductimages/large/147567.jpg",
    "source_id": "Woolworths - 147567",
    "barcode": "5011308953009",
    "category_id": "1_39FD49C",
    "shop": "Woolworths",
    "weight": "100G",
    "prices": [
      {
        "state": "SA",
        "price": "400",
        "price_per_unit": "400",
        "price_unit": "G"
      },
      {
        "state": "ACT",
        "price": "400",
        "price_per_unit": "400",
        "price_unit": "G"
      },
      {
        "state": "NT",
        "price": "400",
        "price_per_unit": "400",
        "price_unit": "G"
      }
    ]
  },
  {
    "source_url": "https://www.woolworths.com.au/shop/productdetails/76860/patak-s-mango-chutney",
    "name": "Patak's Mango Chutney 340g",
    "image_url": "https://cdn1.woolworths.media/content/wowproductimages/large/076860.jpg",
    "source_id": "Woolworths - 76860",
    "barcode": "5011308000703",
    "category_id": "1_39FD49C",
    "shop": "Woolworths",
    "weight": "100G",
    "prices": [
      {
        "state": "SA",
        "price": "191",
        "price_per_unit": "650",
        "price_unit": "G"
      },
      {
        "state": "ACT",
        "price": "191",
        "price_per_unit": "650",
        "price_unit": "G"
      },
      {
        "state": "NT",
        "price": "191",
        "price_per_unit": "650",
        "price_unit": "G"
      }
    ]
  },
  {
    "source_url": "https://www.woolworths.com.au/shop/productdetails/76940/patak-s-paste-curry-madras",
    "name": "Patak's Paste Curry Madras 283g",
    "image_url": "https://cdn1.woolworths.media/content/wowproductimages/large/076940.jpg",
    "source_id": "Woolworths - 76940",
    "barcode": "5011308002400",
    "category_id": "1_39FD49C",
    "shop": "Woolworths",
    "weight": "100G",
    "prices": [
      {
        "state": "SA",
        "price": "265",
        "price_per_unit": "750",
        "price_unit": "G"
      },
      {
        "state": "ACT",
        "price": "265",
        "price_per_unit": "750",
        "price_unit": "G"
      },
      {
        "state": "NT",
        "price": "265",
        "price_per_unit": "750",
        "price_unit": "G"
      }
    ]
  },
  {
    "source_url": "https://www.woolworths.com.au/shop/productdetails/76988/patak-s-paste-curry-vindaloo",
    "name": "Patak's Paste Curry Vindaloo 283g",
    "image_url": "https://cdn1.woolworths.media/content/wowproductimages/large/076988.jpg",
    "source_id": "Woolworths - 76988",
    "barcode": "5011308001700",
    "category_id": "1_39FD49C",
    "shop": "Woolworths",
    "weight": "100G",
    "prices": [
      {
        "state": "SA",
        "price": "265",
        "price_per_unit": "750",
        "price_unit": "G"
      },
      {
        "state": "ACT",
        "price": "265",
        "price_per_unit": "750",
        "price_unit": "G"
      },
      {
        "state": "NT",
        "price": "265",
        "price_per_unit": "750",
        "price_unit": "G"
      }
    ]
  },
  {
    "source_url": "https://www.woolworths.com.au/shop/productdetails/311849/patak-s-ready-to-eat-mini-pappadums-garlic-herb",
    "name": "Patak's Ready To Eat Mini Pappadums Garlic & Herb 75g",
    "image_url": "https://cdn1.woolworths.media/content/wowproductimages/large/311849.jpg",
    "source_id": "Woolworths - 311849",
    "barcode": "5011308501552",
    "category_id": "1_39FD49C",
    "shop": "Woolworths",
    "weight": "100G",
    "prices": [
      {
        "state": "SA",
        "price": "640",
        "price_per_unit": "480",
        "price_unit": "G"
      },
      {
        "state": "ACT",
        "price": "640",
        "price_per_unit": "480",
        "price_unit": "G"
      },
      {
        "state": "NT",
        "price": "640",
        "price_per_unit": "480",
        "price_unit": "G"
      }
    ]
  },
  {
    "source_url": "https://www.woolworths.com.au/shop/productdetails/580680/patak-s-rogan-josh-curry-simmer-sauce-simmer-sauce",
    "name": "Patak's Rogan Josh Curry Simmer Sauce 450g",
    "image_url": "https://cdn1.woolworths.media/content/wowproductimages/large/580680.jpg",
    "source_id": "Woolworths - 580680",
    "barcode": "5011308901512",
    "category_id": "1_39FD49C",
    "shop": "Woolworths",
    "weight": "100G",
    "prices": [
      {
        "state": "SA",
        "price": "100",
        "price_per_unit": "450",
        "price_unit": "G"
      },
      {
        "state": "ACT",
        "price": "122",
        "price_per_unit": "550",
        "price_unit": "G"
      },
      {
        "state": "NT",
        "price": "122",
        "price_per_unit": "550",
        "price_unit": "G"
      }
    ]
  },
  {
    "source_url": "https://www.woolworths.com.au/shop/productdetails/86207/patak-s-tandoori-curry-simmer-sauce-sauce",
    "name": "Patak's Tandoori Curry Simmer Sauce Sauce 450g",
    "image_url": "https://cdn1.woolworths.media/content/wowproductimages/large/086207.jpg",
    "source_id": "Woolworths - 86207",
    "barcode": "5011308501101",
    "category_id": "1_39FD49C",
    "shop": "Woolworths",
    "weight": "100G",
    "prices": [
      {
        "state": "SA",
        "price": "100",
        "price_per_unit": "450",
        "price_unit": "G"
      },
      {
        "state": "ACT",
        "price": "122",
        "price_per_unit": "550",
        "price_unit": "G"
      },
      {
        "state": "NT",
        "price": "122",
        "price_per_unit": "550",
        "price_unit": "G"
      }
    ]
  },
  {
    "source_url": "https://www.woolworths.com.au/shop/productdetails/803551/patak-s-tikka-masala-curry-kit",
    "name": "Patak's Tikka Masala Curry Kit 313g",
    "image_url": "https://cdn1.woolworths.media/content/wowproductimages/large/803551.jpg",
    "source_id": "Woolworths - 803551",
    "barcode": "5011308301008",
    "category_id": "1_39FD49C",
    "shop": "Woolworths",
    "weight": "100G",
    "prices": [
      {
        "state": "SA",
        "price": "208",
        "price_per_unit": "650",
        "price_unit": "G"
      },
      {
        "state": "ACT",
        "price": "208",
        "price_per_unit": "650",
        "price_unit": "G"
      },
      {
        "state": "NT",
        "price": "208",
        "price_per_unit": "650",
        "price_unit": "G"
      }
    ]
  },
  {
    "source_url": "https://www.woolworths.com.au/shop/productdetails/852165/sharwood-s-butter-chicken-simmer-sauce",
    "name": "Sharwood's Butter Chicken Simmer Sauce 720g",
    "image_url": "https://cdn1.woolworths.media/content/wowproductimages/large/852165.jpg",
    "source_id": "Woolworths - 852165",
    "barcode": "5000354925856",
    "category_id": "1_39FD49C",
    "shop": "Woolworths",
    "weight": "100G",
    "prices": [
      {
        "state": "SA",
        "price": "97",
        "price_per_unit": "700",
        "price_unit": "G"
      },
      {
        "state": "ACT",
        "price": "97",
        "price_per_unit": "700",
        "price_unit": "G"
      },
      {
        "state": "NT",
        "price": "97",
        "price_per_unit": "700",
        "price_unit": "G"
      }
    ]
  },
  {
    "source_url": "https://www.woolworths.com.au/shop/productdetails/852136/sharwood-s-korma-simmer-sauce-mild",
    "name": "Sharwood's Korma Simmer Sauce Mild 720g",
    "image_url": "https://cdn1.woolworths.media/content/wowproductimages/large/852136.jpg",
    "source_id": "Woolworths - 852136",
    "barcode": "5000354926303",
    "category_id": "1_39FD49C",
    "shop": "Woolworths",
    "weight": "100G",
    "prices": [
      {
        "state": "SA",
        "price": "97",
        "price_per_unit": "700",
        "price_unit": "G"
      },
      {
        "state": "ACT",
        "price": "97",
        "price_per_unit": "700",
        "price_unit": "G"
      },
      {
        "state": "NT",
        "price": "97",
        "price_per_unit": "700",
        "price_unit": "G"
      }
    ]
  },
  {
    "source_url": "https://www.woolworths.com.au/shop/productdetails/41836/sharwood-s-mango-ginger-chutney",
    "name": "Sharwood's Mango & Ginger Chutney 354g",
    "image_url": "https://cdn1.woolworths.media/content/wowproductimages/large/041836.jpg",
    "source_id": "Woolworths - 41836",
    "barcode": "5000197501675",
    "category_id": "1_39FD49C",
    "shop": "Woolworths",
    "weight": "100G",
    "prices": [
      {
        "state": "SA",
        "price": "181",
        "price_per_unit": "640",
        "price_unit": "G"
      },
      {
        "state": "ACT",
        "price": "226",
        "price_per_unit": "800",
        "price_unit": "G"
      },
      {
        "state": "NT",
        "price": "226",
        "price_per_unit": "800",
        "price_unit": "G"
      }
    ]
  },
  {
    "source_url": "https://www.woolworths.com.au/shop/productdetails/70732/sharwood-s-paste-korma-mild",
    "name": "Sharwood's Paste Korma Mild 280g",
    "image_url": "https://cdn1.woolworths.media/content/wowproductimages/large/070732.jpg",
    "source_id": "Woolworths - 70732",
    "barcode": "5019989709472",
    "category_id": "1_39FD49C",
    "shop": "Woolworths",
    "weight": "100G",
    "prices": [
      {
        "state": "SA",
        "price": "232",
        "price_per_unit": "650",
        "price_unit": "G"
      },
      {
        "state": "ACT",
        "price": "232",
        "price_per_unit": "650",
        "price_unit": "G"
      },
      {
        "state": "NT",
        "price": "232",
        "price_per_unit": "650",
        "price_unit": "G"
      }
    ]
  },
  {
    "source_url": "https://www.woolworths.com.au/shop/productdetails/578067/the-spice-tailor-bengali-coconut-daal",
    "name": "The Spice Tailor Bengali Coconut Daal 400g",
    "image_url": "https://cdn1.woolworths.media/content/wowproductimages/large/578067.jpg",
    "source_id": "Woolworths - 578067",
    "barcode": "5052675001122",
    "category_id": "1_39FD49C",
    "shop": "Woolworths",
    "weight": "100G",
    "prices": [
      {
        "state": "SA",
        "price": "155",
        "price_per_unit": "620",
        "price_unit": "G"
      },
      {
        "state": "NT",
        "price": "155",
        "price_per_unit": "620",
        "price_unit": "G"
      }
    ]
  },
  {
    "source_url": "https://www.woolworths.com.au/shop/productdetails/676613/the-spice-tailor-punjabi-channa-masala-daal",
    "name": "The Spice Tailor Punjabi Channa Masala Daal 500g",
    "image_url": "https://cdn1.woolworths.media/content/wowproductimages/large/676613.jpg",
    "source_id": "Woolworths - 676613",
    "barcode": "5052675001115",
    "category_id": "1_39FD49C",
    "shop": "Woolworths",
    "weight": "100G",
    "prices": [
      {
        "state": "SA",
        "price": "124",
        "price_per_unit": "620",
        "price_unit": "G"
      },
      {
        "state": "NT",
        "price": "124",
        "price_per_unit": "620",
        "price_unit": "G"
      }
    ]
  },
  {
    "source_url": "https://www.woolworths.com.au/shop/productdetails/174104/haldiram-s-cheese-naan",
    "name": "Haldiram's Cheese Naan 4 Pack",
    "image_url": "https://cdn1.woolworths.media/content/wowproductimages/large/174104.jpg",
    "source_id": "Woolworths - 174104",
    "barcode": "8904063214249",
    "category_id": "1_39FD49C",
    "shop": "Woolworths",
    "weight": "100G",
    "prices": [
      {
        "state": "ACT",
        "price": "203",
        "price_per_unit": "650",
        "price_unit": "G"
      },
      {
        "state": "NT",
        "price": "203",
        "price_per_unit": "650",
        "price_unit": "G"
      }
    ]
  },
  {
    "source_url": "https://www.woolworths.com.au/shop/productdetails/651190/haldiram-s-cocktail-samosa",
    "name": "Haldiram's Cocktail Samosa 20 Pack",
    "image_url": "https://cdn1.woolworths.media/content/wowproductimages/large/651190.jpg",
    "source_id": "Woolworths - 651190",
    "barcode": "8904063201942",
    "category_id": "1_39FD49C",
    "shop": "Woolworths",
    "weight": "100G",
    "prices": [
      {
        "state": "ACT",
        "price": "180",
        "price_per_unit": "900",
        "price_unit": "G"
      },
      {
        "state": "NT",
        "price": "180",
        "price_per_unit": "900",
        "price_unit": "G"
      }
    ]
  },
  {
    "source_url": "https://www.woolworths.com.au/shop/productdetails/241507/haldiram-s-hot-spicy-samosa",
    "name": "Haldiram's Hot & Spicy Samosa 650g",
    "image_url": "https://cdn1.woolworths.media/content/wowproductimages/large/241507.jpg",
    "source_id": "Woolworths - 241507",
    "barcode": "8904063211460",
    "category_id": "1_39FD49C",
    "shop": "Woolworths",
    "weight": "100G",
    "prices": [
      {
        "state": "ACT",
        "price": "154",
        "price_per_unit": "1000",
        "price_unit": "G"
      },
      {
        "state": "NT",
        "price": "154",
        "price_per_unit": "1000",
        "price_unit": "G"
      }
    ]
  },
  {
    "source_url": "https://www.woolworths.com.au/shop/productdetails/55282/haldiram-s-minute-khana-12-paneer-mint-fingers",
    "name": "Haldiram's Minute Khana 12 Paneer Mint Fingers 302g",
    "image_url": "https://cdn1.woolworths.media/content/wowproductimages/large/055282.jpg",
    "source_id": "Woolworths - 55282",
    "barcode": "8904063229946",
    "category_id": "1_39FD49C",
    "shop": "Woolworths",
    "weight": "100G",
    "prices": [
      {
        "state": "ACT",
        "price": "397",
        "price_per_unit": "1200",
        "price_unit": "G"
      }
    ]
  },
  {
    "source_url": "https://www.woolworths.com.au/shop/productdetails/52747/haldiram-s-minute-khana-8-cheese-balls",
    "name": "Haldiram's Minute Khana 8 Cheese Balls 300g",
    "image_url": "https://cdn1.woolworths.media/content/wowproductimages/large/052747.jpg",
    "source_id": "Woolworths - 52747",
    "barcode": "8904063229885",
    "category_id": "1_39FD49C",
    "shop": "Woolworths",
    "weight": "100G",
    "prices": [
      {
        "state": "ACT",
        "price": "400",
        "price_per_unit": "1200",
        "price_unit": "G"
      }
    ]
  },
  {
    "source_url": "https://www.woolworths.com.au/shop/productdetails/11793/haldiram-s-paneer-onion-paratha",
    "name": "Haldiram's Paneer Onion Paratha 400g",
    "image_url": "https://cdn1.woolworths.media/content/wowproductimages/large/011793.jpg",
    "source_id": "Woolworths - 11793",
    "barcode": "8904063257468",
    "category_id": "1_39FD49C",
    "shop": "Woolworths",
    "weight": "100G",
    "prices": [
      {
        "state": "ACT",
        "price": "150",
        "price_per_unit": "600",
        "price_unit": "G"
      },
      {
        "state": "NT",
        "price": "150",
        "price_per_unit": "600",
        "price_unit": "G"
      }
    ]
  },
  {
    "source_url": "https://www.woolworths.com.au/shop/productdetails/174472/haldiram-s-phulka-roti",
    "name": "Haldiram's Phulka Roti 30 Pack",
    "image_url": "https://cdn1.woolworths.media/content/wowproductimages/large/174472.jpg",
    "source_id": "Woolworths - 174472",
    "barcode": "8904063253682",
    "category_id": "1_39FD49C",
    "shop": "Woolworths",
    "weight": "100G",
    "prices": [
      {
        "state": "ACT",
        "price": "100",
        "price_per_unit": "900",
        "price_unit": "G"
      },
      {
        "state": "NT",
        "price": "100",
        "price_per_unit": "900",
        "price_unit": "G"
      }
    ]
  },
  {
    "source_url": "https://www.woolworths.com.au/shop/productdetails/11808/haldiram-s-punjabi-samosa",
    "name": "Haldiram's Punjabi Samosa 650g",
    "image_url": "https://cdn1.woolworths.media/content/wowproductimages/large/011808.jpg",
    "source_id": "Woolworths - 11808",
    "barcode": "8904063255006",
    "category_id": "1_39FD49C",
    "shop": "Woolworths",
    "weight": "100G",
    "prices": [
      {
        "state": "ACT",
        "price": "154",
        "price_per_unit": "1000",
        "price_unit": "G"
      },
      {
        "state": "NT",
        "price": "154",
        "price_per_unit": "1000",
        "price_unit": "G"
      }
    ]
  },
  {
    "source_url": "https://www.woolworths.com.au/shop/productdetails/240727/haldiram-s-spinach-pakora-12pk",
    "name": "Haldiram's Spinach Pakora 12pk 283g",
    "image_url": "https://cdn1.woolworths.media/content/wowproductimages/large/240727.jpg",
    "source_id": "Woolworths - 240727",
    "barcode": "8904063259226",
    "category_id": "1_39FD49C",
    "shop": "Woolworths",
    "weight": "100G",
    "prices": [
      {
        "state": "ACT",
        "price": "177",
        "price_per_unit": "500",
        "price_unit": "G"
      },
      {
        "state": "NT",
        "price": "177",
        "price_per_unit": "500",
        "price_unit": "G"
      }
    ]
  },
  {
    "source_url": "https://www.woolworths.com.au/shop/productdetails/174167/halidram-s-onion-bhaji",
    "name": "Halidram's Onion Bhaji 283g",
    "image_url": "https://cdn1.woolworths.media/content/wowproductimages/large/174167.jpg",
    "source_id": "Woolworths - 174167",
    "barcode": "8904063259394",
    "category_id": "1_39FD49C",
    "shop": "Woolworths",
    "weight": "100G",
    "prices": [
      {
        "state": "ACT",
        "price": "177",
        "price_per_unit": "500",
        "price_unit": "G"
      },
      {
        "state": "NT",
        "price": "177",
        "price_per_unit": "500",
        "price_unit": "G"
      }
    ]
  },
  {
    "source_url": "https://www.woolworths.com.au/shop/productdetails/282536/haldiram-s-aloo-paratha",
    "name": "Haldiram's Aloo Paratha 400g",
    "image_url": "https://cdn1.woolworths.media/content/wowproductimages/large/282536.jpg",
    "source_id": "Woolworths - 282536",
    "barcode": "8904063281135",
    "category_id": "1_39FD49C",
    "shop": "Woolworths",
    "weight": "100G",
    "prices": [
      {
        "state": "ACT",
        "price": "150",
        "price_per_unit": "600",
        "price_unit": "G"
      },
      {
        "state": "NT",
        "price": "150",
        "price_per_unit": "600",
        "price_unit": "G"
      }
    ]
  },
  {
    "source_url": "https://www.woolworths.com.au/shop/productdetails/55334/haldiram-s-minute-khana-4-tandoori-garlic-naan-bread",
    "name": "Haldiram's Minute Khana 4 Tandoori Garlic Naan Bread 320g",
    "image_url": "https://cdn1.woolworths.media/content/wowproductimages/large/055334.jpg",
    "source_id": "Woolworths - 55334",
    "barcode": "8904063258151",
    "category_id": "1_39FD49C",
    "shop": "Woolworths",
    "weight": "100G",
    "prices": [
      {
        "state": "ACT",
        "price": "133",
        "price_per_unit": "425",
        "price_unit": "G"
      }
    ]
  },
  {
    "source_url": "https://www.woolworths.com.au/shop/productdetails/282613/haldiram-s-minute-khana-homestyle-paratha-20-piece",
    "name": "Haldiram's Minute Khana Homestyle Paratha 20 Piece 1.2kg",
    "image_url": "https://cdn1.woolworths.media/content/wowproductimages/large/282613.jpg",
    "source_id": "Woolworths - 282613",
    "barcode": "8904063253675",
    "category_id": "1_39FD49C",
    "shop": "Woolworths",
    "weight": "100G",
    "prices": [
      {
        "state": "ACT",
        "price": "100",
        "price_per_unit": "1200",
        "price_unit": "G"
      }
    ]
  },
  {
    "source_url": "https://www.woolworths.com.au/shop/productdetails/241098/haldiram-s-tandoori-garlic-naan",
    "name": "Haldiram's Tandoori Garlic Naan 16 Pack",
    "image_url": "https://cdn1.woolworths.media/content/wowproductimages/large/241098.jpg",
    "source_id": "Woolworths - 241098",
    "barcode": "8904063209931",
    "category_id": "1_39FD49C",
    "shop": "Woolworths",
    "weight": "100G",
    "prices": [
      {
        "state": "ACT",
        "price": "94",
        "price_per_unit": "1200",
        "price_unit": "G"
      },
      {
        "state": "NT",
        "price": "94",
        "price_per_unit": "1200",
        "price_unit": "G"
      }
    ]
  },
  {
    "source_url": "https://www.woolworths.com.au/shop/productdetails/284979/haldiram-s-tandoori-plain-naan",
    "name": "Haldiram's Tandoori Plain Naan 16 Pack",
    "image_url": "https://cdn1.woolworths.media/content/wowproductimages/large/284979.jpg",
    "source_id": "Woolworths - 284979",
    "barcode": "8904063209924",
    "category_id": "1_39FD49C",
    "shop": "Woolworths",
    "weight": "100G",
    "prices": [
      {
        "state": "ACT",
        "price": "94",
        "price_per_unit": "1200",
        "price_unit": "G"
      },
      {
        "state": "NT",
        "price": "94",
        "price_per_unit": "1200",
        "price_unit": "G"
      }
    ]
  },
  {
    "source_url": "https://www.woolworths.com.au/shop/productdetails/92323/pillsbury-tawa-chapati",
    "name": "Pillsbury Tawa Chapati 900g",
    "image_url": "https://cdn1.woolworths.media/content/wowproductimages/large/092323.jpg",
    "source_id": "Woolworths - 92323",
    "barcode": "8904150501931",
    "category_id": "1_39FD49C",
    "shop": "Woolworths",
    "weight": "100G",
    "prices": [
      {
        "state": "ACT",
        "price": "56",
        "price_per_unit": "500",
        "price_unit": "G"
      }
    ]
  },
  {
    "source_url": "https://www.woolworths.com.au/shop/productdetails/768439/bambino-roasted-vermicelli",
    "name": "Bambino Roasted Vermicelli 800g",
    "image_url": "https://cdn1.woolworths.media/content/wowproductimages/large/768439.jpg",
    "source_id": "Woolworths - 768439",
    "barcode": "8901242107514",
    "category_id": "1_39FD49C",
    "shop": "Woolworths",
    "weight": "100G",
    "prices": [
      {
        "state": "NT",
        "price": "51",
        "price_per_unit": "405",
        "price_unit": "G"
      }
    ]
  },
  {
    "source_url": "https://www.woolworths.com.au/shop/productdetails/753064/britannia-cake-rusk",
    "name": "Britannia Cake Rusk 240g",
    "image_url": "https://cdn1.woolworths.media/content/wowproductimages/large/753064.jpg",
    "source_id": "Woolworths - 753064",
    "barcode": "6291007906998",
    "category_id": "1_39FD49C",
    "shop": "Woolworths",
    "weight": "100G",
    "prices": []
  },
  {
    "source_url": "https://www.woolworths.com.au/shop/productdetails/25024/britannia-good-day-butter",
    "name": "Britannia Good Day Butter 231g",
    "image_url": "https://cdn1.woolworths.media/content/wowproductimages/large/025024.jpg",
    "source_id": "Woolworths - 25024",
    "barcode": "8901063151369",
    "category_id": "1_39FD49C",
    "shop": "Woolworths",
    "weight": "100G",
    "prices": [
      {
        "state": "NT",
        "price": "162",
        "price_per_unit": "375",
        "price_unit": "G"
      }
    ]
  },
  {
    "source_url": "https://www.woolworths.com.au/shop/productdetails/25027/britannia-good-day-cashew",
    "name": "Britannia Good Day Cashew 231g",
    "image_url": "https://cdn1.woolworths.media/content/wowproductimages/large/025027.jpg",
    "source_id": "Woolworths - 25027",
    "barcode": "8901063151352",
    "category_id": "1_39FD49C",
    "shop": "Woolworths",
    "weight": "100G",
    "prices": [
      {
        "state": "NT",
        "price": "152",
        "price_per_unit": "350",
        "price_unit": "G"
      }
    ]
  },
  {
    "source_url": "https://www.woolworths.com.au/shop/productdetails/25026/britannia-good-day-pista-badam",
    "name": "Britannia Good Day Pista Badam 231g",
    "image_url": "https://cdn1.woolworths.media/content/wowproductimages/large/025026.jpg",
    "source_id": "Woolworths - 25026",
    "barcode": "8901063151376",
    "category_id": "1_39FD49C",
    "shop": "Woolworths",
    "weight": "100G",
    "prices": [
      {
        "state": "NT",
        "price": "162",
        "price_per_unit": "375",
        "price_unit": "G"
      }
    ]
  },
  {
    "source_url": "https://www.woolworths.com.au/shop/productdetails/767755/cycle-pure-agarbathies-incense",
    "name": "Cycle Pure Agarbathies Incense 100 Sticks",
    "image_url": "https://cdn1.woolworths.media/content/wowproductimages/large/767755.jpg",
    "source_id": "Woolworths - 767755",
    "barcode": "8901751358599",
    "category_id": "1_39FD49C",
    "shop": "Woolworths",
    "weight": "1EA",
    "prices": [
      {
        "state": "NT",
        "price": "3",
        "price_per_unit": "305",
        "price_unit": "EA"
      }
    ]
  },
  {
    "source_url": "https://www.woolworths.com.au/shop/productdetails/175023/dhara-peanut-oil",
    "name": "Dhara Peanut Oil 1l",
    "image_url": "https://cdn1.woolworths.media/content/wowproductimages/large/175023.jpg",
    "source_id": "Woolworths - 175023",
    "barcode": "9334625005081",
    "category_id": "1_39FD49C",
    "shop": "Woolworths",
    "weight": "100ML",
    "prices": []
  },
  {
    "source_url": "https://www.woolworths.com.au/shop/productdetails/53444/frooti-mango-drink",
    "name": "Frooti Mango Drink 220ml x6 Pack",
    "image_url": "https://cdn1.woolworths.media/content/wowproductimages/large/053444.jpg",
    "source_id": "Woolworths - 53444",
    "barcode": "8902579100087",
    "category_id": "1_39FD49C",
    "shop": "Woolworths",
    "weight": "100ML",
    "prices": [
      {
        "state": "NT",
        "price": "45",
        "price_per_unit": "535",
        "price_unit": "ML"
      }
    ]
  },
  {
    "source_url": "https://www.woolworths.com.au/shop/productdetails/744777/girnar-masala-chai-instant-tea-premix",
    "name": "Girnar Masala Chai Instant Tea Premix 140g",
    "image_url": "https://cdn1.woolworths.media/content/wowproductimages/large/744777.jpg",
    "source_id": "Woolworths - 744777",
    "barcode": "8901037255086",
    "category_id": "1_39FD49C",
    "shop": "Woolworths",
    "weight": "100G",
    "prices": [
      {
        "state": "NT",
        "price": "375",
        "price_per_unit": "525",
        "price_unit": "G"
      }
    ]
  },
  {
    "source_url": "https://www.woolworths.com.au/shop/productdetails/280410/haldiram-s-all-in-one",
    "name": "Haldiram's All In One 200g",
    "image_url": "https://cdn1.woolworths.media/content/wowproductimages/large/280410.jpg",
    "source_id": "Woolworths - 280410",
    "barcode": "8904063200020",
    "category_id": "1_39FD49C",
    "shop": "Woolworths",
    "weight": "100G",
    "prices": [
      {
        "state": "NT",
        "price": "140",
        "price_per_unit": "280",
        "price_unit": "G"
      }
    ]
  },
  {
    "source_url": "https://www.woolworths.com.au/shop/productdetails/297036/haldiram-s-aloo-bhujia",
    "name": "Haldiram's Aloo Bhujia 200g",
    "image_url": "https://cdn1.woolworths.media/content/wowproductimages/large/297036.jpg",
    "source_id": "Woolworths - 297036",
    "barcode": "8904063200013",
    "category_id": "1_39FD49C",
    "shop": "Woolworths",
    "weight": "100G",
    "prices": [
      {
        "state": "NT",
        "price": "140",
        "price_per_unit": "280",
        "price_unit": "G"
      }
    ]
  },
  {
    "source_url": "https://www.woolworths.com.au/shop/productdetails/280286/haldiram-s-navrattan",
    "name": "Haldiram's Navrattan 200g",
    "image_url": "https://cdn1.woolworths.media/content/wowproductimages/large/280286.jpg",
    "source_id": "Woolworths - 280286",
    "barcode": "8904063200204",
    "category_id": "1_39FD49C",
    "shop": "Woolworths",
    "weight": "100G",
    "prices": [
      {
        "state": "NT",
        "price": "140",
        "price_per_unit": "280",
        "price_unit": "G"
      }
    ]
  },
  {
    "source_url": "https://www.woolworths.com.au/shop/productdetails/280457/haldiram-s-nut-cracker",
    "name": "Haldiram's Nut Cracker 200g",
    "image_url": "https://cdn1.woolworths.media/content/wowproductimages/large/280457.jpg",
    "source_id": "Woolworths - 280457",
    "barcode": "8904063200198",
    "category_id": "1_39FD49C",
    "shop": "Woolworths",
    "weight": "100G",
    "prices": []
  },
  {
    "source_url": "https://www.woolworths.com.au/shop/productdetails/958197/haldiram-s-soan-papdi",
    "name": "Haldiram's Soan Papdi 250g",
    "image_url": "https://cdn1.woolworths.media/content/wowproductimages/large/958197.jpg",
    "source_id": "Woolworths - 958197",
    "barcode": "8904063251077",
    "category_id": "1_39FD49C",
    "shop": "Woolworths",
    "weight": "100G",
    "prices": [
      {
        "state": "NT",
        "price": "176",
        "price_per_unit": "440",
        "price_unit": "G"
      }
    ]
  },
  {
    "source_url": "https://www.woolworths.com.au/shop/productdetails/56853/hawkins-pressure-cooker-classic-3l",
    "name": "Hawkins Pressure Cooker Classic 3l Each",
    "image_url": "https://cdn1.woolworths.media/content/wowproductimages/large/056853.jpg",
    "source_id": "Woolworths - 56853",
    "barcode": "8901165092843",
    "category_id": "1_39FD49C",
    "shop": "Woolworths",
    "weight": "1EA",
    "prices": []
  },
  {
    "source_url": "https://www.woolworths.com.au/shop/productdetails/155034/safola-classic-masala-oats",
    "name": "Safola Classic Masala Oats 482G",
    "image_url": "https://cdn1.woolworths.media/content/wowproductimages/large/155034.jpg",
    "source_id": "Woolworths - 155034",
    "barcode": "8901088129824",
    "category_id": "1_39FD49C",
    "shop": "Woolworths",
    "weight": "100G",
    "prices": [
      {
        "state": "NT",
        "price": "124",
        "price_per_unit": "600",
        "price_unit": "G"
      }
    ]
  },
  {
    "source_url": "https://www.woolworths.com.au/shop/productdetails/235580/shudh-ajwain-cookies",
    "name": "Shudh Ajwain Cookies 300g",
    "image_url": "https://cdn1.woolworths.media/content/wowproductimages/large/235580.jpg",
    "source_id": "Woolworths - 235580",
    "barcode": "9355726002045",
    "category_id": "1_39FD49C",
    "shop": "Woolworths",
    "weight": "100G",
    "prices": [
      {
        "state": "NT",
        "price": "150",
        "price_per_unit": "450",
        "price_unit": "G"
      }
    ]
  },
  {
    "source_url": "https://www.woolworths.com.au/shop/productdetails/236824/shudh-kaju-pista-cookies",
    "name": "Shudh Kaju Pista Cookies 300g",
    "image_url": "https://cdn1.woolworths.media/content/wowproductimages/large/236824.jpg",
    "source_id": "Woolworths - 236824",
    "barcode": "9355726002007",
    "category_id": "1_39FD49C",
    "shop": "Woolworths",
    "weight": "100G",
    "prices": [
      {
        "state": "NT",
        "price": "150",
        "price_per_unit": "450",
        "price_unit": "G"
      }
    ]
  },
  {
    "source_url": "https://www.woolworths.com.au/shop/productdetails/154022/tamicon-tamarind-concentrate",
    "name": "Tamicon Tamarind Concentrate 454G",
    "image_url": "https://cdn1.woolworths.media/content/wowproductimages/large/154022.jpg",
    "source_id": "Woolworths - 154022",
    "barcode": "812664009455",
    "category_id": "1_39FD49C",
    "shop": "Woolworths",
    "weight": "100G",
    "prices": [
      {
        "state": "NT",
        "price": "110",
        "price_per_unit": "500",
        "price_unit": "G"
      }
    ]
  }
]