[
  {
    "source_url": "https://www.woolworths.com.au/shop/productdetails/23782/grand-italian-fresh-potato-gnocchi",
    "name": "Grand Italian Fresh Potato Gnocchi 500g",
    "image_url": "https://cdn1.woolworths.media/content/wowproductimages/large/023782.jpg",
    "source_id": "Woolworths - 23782",
    "barcode": "9336088006438",
    "shop": "Woolworths",
    "weight": "100G",
    "prices": [
      {
        "state": "NSW",
        "price": "500",
        "price_per_unit": "100",
        "price_unit": "G"
      },
      {
        "state": "VIC",
        "price": "500",
        "price_per_unit": "100",
        "price_unit": "G"
      },
      {
        "state": "QLD",
        "price": "500",
        "price_per_unit": "100",
        "price_unit": "G"
      },
      {
        "state": "WA",
        "price": "500",
        "price_per_unit": "100",
        "price_unit": "G"
      },
      {
        "state": "SA",
        "price": "500",
        "price_per_unit": "100",
        "price_unit": "G"
      },
      {
        "state": "TAS",
        "price": "500",
        "price_per_unit": "100",
        "price_unit": "G"
      },
      {
        "state": "ACT",
        "price": "600",
        "price_per_unit": "120",
        "price_unit": "G"
      },
      {
        "state": "NT",
        "price": "600",
        "price_per_unit": "120",
        "price_unit": "G"
      }
    ]
  },
  {
    "source_url": "https://www.woolworths.com.au/shop/productdetails/211889/grand-italian-gnocchi-pesto-parmesan-premium",
    "name": "Grand Italian Gnocchi Pesto & Parmesan Premium 400g",
    "image_url": "https://cdn1.woolworths.media/content/wowproductimages/large/211889.jpg",
    "source_id": "Woolworths - 211889",
    "barcode": "9336088006803",
    "shop": "Woolworths",
    "weight": "100G",
    "prices": [
      {
        "state": "NSW",
        "price": "700",
        "price_per_unit": "175",
        "price_unit": "G"
      },
      {
        "state": "VIC",
        "price": "700",
        "price_per_unit": "175",
        "price_unit": "G"
      },
      {
        "state": "QLD",
        "price": "700",
        "price_per_unit": "175",
        "price_unit": "G"
      },
      {
        "state": "WA",
        "price": "700",
        "price_per_unit": "175",
        "price_unit": "G"
      },
      {
        "state": "SA",
        "price": "700",
        "price_per_unit": "175",
        "price_unit": "G"
      }
    ]
  },
  {
    "source_url": "https://www.woolworths.com.au/shop/productdetails/77075/guzzi-s-golden-pasta-gnocchi-potato",
    "name": "Guzzi's Golden Pasta Gnocchi Potato 500g",
    "image_url": "https://cdn1.woolworths.media/content/wowproductimages/large/077075.jpg",
    "source_id": "Woolworths - 77075",
    "barcode": "9311208003269",
    "shop": "Woolworths",
    "weight": "100G",
    "prices": [
      {
        "state": "NSW",
        "price": "600",
        "price_per_unit": "120",
        "price_unit": "G"
      },
      {
        "state": "VIC",
        "price": "600",
        "price_per_unit": "120",
        "price_unit": "G"
      },
      {
        "state": "QLD",
        "price": "600",
        "price_per_unit": "120",
        "price_unit": "G"
      },
      {
        "state": "WA",
        "price": "600",
        "price_per_unit": "120",
        "price_unit": "G"
      },
      {
        "state": "SA",
        "price": "600",
        "price_per_unit": "120",
        "price_unit": "G"
      },
      {
        "state": "TAS",
        "price": "600",
        "price_per_unit": "120",
        "price_unit": "G"
      },
      {
        "state": "ACT",
        "price": "600",
        "price_per_unit": "120",
        "price_unit": "G"
      },
      {
        "state": "NT",
        "price": "600",
        "price_per_unit": "120",
        "price_unit": "G"
      }
    ]
  },
  {
    "source_url": "https://www.woolworths.com.au/shop/productdetails/74801/la-molisana-pastificio-extra-di-lusso-egg-lasagne",
    "name": "La Molisana Pastificio Extra Di Lusso Egg Lasagne 250G",
    "image_url": "https://cdn1.woolworths.media/content/wowproductimages/large/074801.jpg",
    "source_id": "Woolworths - 74801",
    "barcode": "8004690442203",
    "shop": "Woolworths",
    "weight": "100G",
    "prices": [
      {
        "state": "NSW",
        "price": "350",
        "price_per_unit": "140",
        "price_unit": "G"
      },
      {
        "state": "VIC",
        "price": "350",
        "price_per_unit": "140",
        "price_unit": "G"
      },
      {
        "state": "QLD",
        "price": "350",
        "price_per_unit": "140",
        "price_unit": "G"
      },
      {
        "state": "WA",
        "price": "350",
        "price_per_unit": "140",
        "price_unit": "G"
      },
      {
        "state": "SA",
        "price": "350",
        "price_per_unit": "140",
        "price_unit": "G"
      },
      {
        "state": "TAS",
        "price": "350",
        "price_per_unit": "140",
        "price_unit": "G"
      },
      {
        "state": "ACT",
        "price": "350",
        "price_per_unit": "140",
        "price_unit": "G"
      },
      {
        "state": "ACT",
        "price": "350",
        "price_per_unit": "140",
        "price_unit": "G"
      },
      {
        "state": "NT",
        "price": "350",
        "price_per_unit": "140",
        "price_unit": "G"
      }
    ]
  },
  {
    "source_url": "https://www.woolworths.com.au/shop/productdetails/22081/latina-fresh-egg-fettuccine-pasta",
    "name": "Latina Fresh Egg Fettuccine Pasta 375g",
    "image_url": "https://cdn1.woolworths.media/content/wowproductimages/large/022081.jpg",
    "source_id": "Woolworths - 22081",
    "barcode": "93231213",
    "shop": "Woolworths",
    "weight": "100G",
    "prices": [
      {
        "state": "NSW",
        "price": "540",
        "price_per_unit": "144",
        "price_unit": "G"
      },
      {
        "state": "VIC",
        "price": "540",
        "price_per_unit": "144",
        "price_unit": "G"
      },
      {
        "state": "QLD",
        "price": "540",
        "price_per_unit": "144",
        "price_unit": "G"
      },
      {
        "state": "WA",
        "price": "540",
        "price_per_unit": "144",
        "price_unit": "G"
      },
      {
        "state": "SA",
        "price": "540",
        "price_per_unit": "144",
        "price_unit": "G"
      },
      {
        "state": "TAS",
        "price": "600",
        "price_per_unit": "160",
        "price_unit": "G"
      },
      {
        "state": "ACT",
        "price": "600",
        "price_per_unit": "160",
        "price_unit": "G"
      },
      {
        "state": "NT",
        "price": "600",
        "price_per_unit": "160",
        "price_unit": "G"
      }
    ]
  },
  {
    "source_url": "https://www.woolworths.com.au/shop/productdetails/83431/latina-fresh-gluten-free-lasagne-sheets",
    "name": "Latina Fresh Gluten Free Lasagne Sheets 280g",
    "image_url": "https://cdn1.woolworths.media/content/wowproductimages/large/083431.jpg",
    "source_id": "Woolworths - 83431",
    "barcode": "9312353007478",
    "shop": "Woolworths",
    "weight": "100G",
    "prices": [
      {
        "state": "NSW",
        "price": "875",
        "price_per_unit": "313",
        "price_unit": "G"
      },
      {
        "state": "VIC",
        "price": "875",
        "price_per_unit": "313",
        "price_unit": "G"
      },
      {
        "state": "QLD",
        "price": "875",
        "price_per_unit": "313",
        "price_unit": "G"
      },
      {
        "state": "WA",
        "price": "875",
        "price_per_unit": "313",
        "price_unit": "G"
      },
      {
        "state": "TAS",
        "price": "875",
        "price_per_unit": "313",
        "price_unit": "G"
      },
      {
        "state": "NT",
        "price": "875",
        "price_per_unit": "313",
        "price_unit": "G"
      }
    ]
  },
  {
    "source_url": "https://www.woolworths.com.au/shop/productdetails/214982/latina-fresh-gluten-free-tagliatelle-pasta",
    "name": "Latina Fresh Gluten Free Tagliatelle Pasta 280g",
    "image_url": "https://cdn1.woolworths.media/content/wowproductimages/large/214982.jpg",
    "source_id": "Woolworths - 214982",
    "barcode": "9312353007645",
    "shop": "Woolworths",
    "weight": "100G",
    "prices": [
      {
        "state": "NSW",
        "price": "875",
        "price_per_unit": "313",
        "price_unit": "G"
      },
      {
        "state": "SA",
        "price": "875",
        "price_per_unit": "313",
        "price_unit": "G"
      }
    ]
  },
  {
    "source_url": "https://www.woolworths.com.au/shop/productdetails/5033/latina-fresh-lasagne-sheets-sheets",
    "name": "Latina Fresh Lasagne Sheets Sheets 375g",
    "image_url": "https://cdn1.woolworths.media/content/wowproductimages/large/005033.jpg",
    "source_id": "Woolworths - 5033",
    "barcode": "9312353000035",
    "shop": "Woolworths",
    "weight": "100G",
    "prices": [
      {
        "state": "NSW",
        "price": "600",
        "price_per_unit": "160",
        "price_unit": "G"
      },
      {
        "state": "VIC",
        "price": "600",
        "price_per_unit": "160",
        "price_unit": "G"
      },
      {
        "state": "QLD",
        "price": "600",
        "price_per_unit": "160",
        "price_unit": "G"
      },
      {
        "state": "WA",
        "price": "600",
        "price_per_unit": "160",
        "price_unit": "G"
      },
      {
        "state": "SA",
        "price": "600",
        "price_per_unit": "160",
        "price_unit": "G"
      },
      {
        "state": "TAS",
        "price": "600",
        "price_per_unit": "160",
        "price_unit": "G"
      },
      {
        "state": "ACT",
        "price": "600",
        "price_per_unit": "160",
        "price_unit": "G"
      },
      {
        "state": "NT",
        "price": "600",
        "price_per_unit": "160",
        "price_unit": "G"
      }
    ]
  },
  {
    "source_url": "https://www.woolworths.com.au/shop/productdetails/28059/rana-egg-lasagne-pasta",
    "name": "Rana Egg Lasagne Pasta 250g",
    "image_url": "https://cdn1.woolworths.media/content/wowproductimages/large/028059.jpg",
    "source_id": "Woolworths - 28059",
    "barcode": "8001665706834",
    "shop": "Woolworths",
    "weight": "100G",
    "prices": [
      {
        "state": "NSW",
        "price": "550",
        "price_per_unit": "220",
        "price_unit": "G"
      },
      {
        "state": "VIC",
        "price": "550",
        "price_per_unit": "220",
        "price_unit": "G"
      },
      {
        "state": "QLD",
        "price": "550",
        "price_per_unit": "220",
        "price_unit": "G"
      },
      {
        "state": "WA",
        "price": "550",
        "price_per_unit": "220",
        "price_unit": "G"
      },
      {
        "state": "SA",
        "price": "550",
        "price_per_unit": "220",
        "price_unit": "G"
      },
      {
        "state": "TAS",
        "price": "550",
        "price_per_unit": "220",
        "price_unit": "G"
      },
      {
        "state": "ACT",
        "price": "550",
        "price_per_unit": "220",
        "price_unit": "G"
      },
      {
        "state": "NT",
        "price": "550",
        "price_per_unit": "220",
        "price_unit": "G"
      }
    ]
  },
  {
    "source_url": "https://www.woolworths.com.au/shop/productdetails/81571/rana-fettuccine-pasta",
    "name": "Rana Fettuccine Pasta 325g",
    "image_url": "https://cdn1.woolworths.media/content/wowproductimages/large/081571.jpg",
    "source_id": "Woolworths - 81571",
    "barcode": "8001665707367",
    "shop": "Woolworths",
    "weight": "100G",
    "prices": [
      {
        "state": "NSW",
        "price": "550",
        "price_per_unit": "169",
        "price_unit": "G"
      },
      {
        "state": "VIC",
        "price": "550",
        "price_per_unit": "169",
        "price_unit": "G"
      },
      {
        "state": "QLD",
        "price": "550",
        "price_per_unit": "169",
        "price_unit": "G"
      },
      {
        "state": "WA",
        "price": "550",
        "price_per_unit": "169",
        "price_unit": "G"
      },
      {
        "state": "SA",
        "price": "550",
        "price_per_unit": "169",
        "price_unit": "G"
      },
      {
        "state": "TAS",
        "price": "600",
        "price_per_unit": "185",
        "price_unit": "G"
      },
      {
        "state": "NT",
        "price": "600",
        "price_per_unit": "185",
        "price_unit": "G"
      }
    ]
  },
  {
    "source_url": "https://www.woolworths.com.au/shop/productdetails/195952/barilla-collezione-lasagne",
    "name": "Barilla Collezione Lasagne 250g",
    "image_url": "https://cdn1.woolworths.media/content/wowproductimages/large/195952.jpg",
    "source_id": "Woolworths - 195952",
    "barcode": "8076809542517",
    "shop": "Woolworths",
    "weight": "100G",
    "prices": [
      {
        "state": "VIC",
        "price": "360",
        "price_per_unit": "144",
        "price_unit": "G"
      },
      {
        "state": "QLD",
        "price": "360",
        "price_per_unit": "144",
        "price_unit": "G"
      },
      {
        "state": "WA",
        "price": "360",
        "price_per_unit": "144",
        "price_unit": "G"
      },
      {
        "state": "SA",
        "price": "360",
        "price_per_unit": "144",
        "price_unit": "G"
      },
      {
        "state": "TAS",
        "price": "360",
        "price_per_unit": "144",
        "price_unit": "G"
      },
      {
        "state": "ACT",
        "price": "360",
        "price_per_unit": "144",
        "price_unit": "G"
      },
      {
        "state": "NT",
        "price": "360",
        "price_per_unit": "144",
        "price_unit": "G"
      }
    ]
  },
  {
    "source_url": "https://www.woolworths.com.au/shop/productdetails/212040/grand-italian-pan-fry-gnocchi-three-cheese",
    "name": "Grand Italian Pan Fry Gnocchi Three Cheese 400g",
    "image_url": "https://cdn1.woolworths.media/content/wowproductimages/large/212040.jpg",
    "source_id": "Woolworths - 212040",
    "barcode": "9336088006797",
    "shop": "Woolworths",
    "weight": "100G",
    "prices": [
      {
        "state": "VIC",
        "price": "700",
        "price_per_unit": "175",
        "price_unit": "G"
      },
      {
        "state": "QLD",
        "price": "700",
        "price_per_unit": "175",
        "price_unit": "G"
      },
      {
        "state": "WA",
        "price": "700",
        "price_per_unit": "175",
        "price_unit": "G"
      },
      {
        "state": "SA",
        "price": "700",
        "price_per_unit": "175",
        "price_unit": "G"
      }
    ]
  },
  {
    "source_url": "https://www.woolworths.com.au/shop/productdetails/153019/i-pastai-fresh-pasta-linguine-pasta",
    "name": "I Pastai Fresh Pasta Linguine Pasta 350g",
    "image_url": "https://cdn1.woolworths.media/content/wowproductimages/large/153019.jpg",
    "source_id": "Woolworths - 153019",
    "barcode": "9349801000927",
    "shop": "Woolworths",
    "weight": "100G",
    "prices": [
      {
        "state": "VIC",
        "price": "500",
        "price_per_unit": "143",
        "price_unit": "G"
      },
      {
        "state": "QLD",
        "price": "500",
        "price_per_unit": "143",
        "price_unit": "G"
      },
      {
        "state": "WA",
        "price": "500",
        "price_per_unit": "143",
        "price_unit": "G"
      },
      {
        "state": "SA",
        "price": "500",
        "price_per_unit": "143",
        "price_unit": "G"
      },
      {
        "state": "NT",
        "price": "600",
        "price_per_unit": "171",
        "price_unit": "G"
      }
    ]
  },
  {
    "source_url": "https://www.woolworths.com.au/shop/productdetails/181873/i-pastai-fresh-pasta-pappardelle",
    "name": "I Pastai Fresh Pasta Pappardelle 350g",
    "image_url": "https://cdn1.woolworths.media/content/wowproductimages/large/181873.jpg",
    "source_id": "Woolworths - 181873",
    "barcode": "9349801000934",
    "shop": "Woolworths",
    "weight": "100G",
    "prices": [
      {
        "state": "VIC",
        "price": "500",
        "price_per_unit": "143",
        "price_unit": "G"
      },
      {
        "state": "QLD",
        "price": "500",
        "price_per_unit": "143",
        "price_unit": "G"
      },
      {
        "state": "WA",
        "price": "500",
        "price_per_unit": "143",
        "price_unit": "G"
      },
      {
        "state": "SA",
        "price": "500",
        "price_per_unit": "143",
        "price_unit": "G"
      },
      {
        "state": "NT",
        "price": "600",
        "price_per_unit": "171",
        "price_unit": "G"
      }
    ]
  },
  {
    "source_url": "https://www.woolworths.com.au/shop/productdetails/629439/i-pastai-fresh-pasta-potato-gnocchi",
    "name": "I Pastai Fresh Pasta Potato Gnocchi 500g",
    "image_url": "https://cdn1.woolworths.media/content/wowproductimages/large/629439.jpg",
    "source_id": "Woolworths - 629439",
    "barcode": "9349801000255",
    "shop": "Woolworths",
    "weight": "100G",
    "prices": [
      {
        "state": "VIC",
        "price": "500",
        "price_per_unit": "100",
        "price_unit": "G"
      },
      {
        "state": "QLD",
        "price": "500",
        "price_per_unit": "100",
        "price_unit": "G"
      },
      {
        "state": "WA",
        "price": "500",
        "price_per_unit": "100",
        "price_unit": "G"
      },
      {
        "state": "SA",
        "price": "500",
        "price_per_unit": "100",
        "price_unit": "G"
      },
      {
        "state": "NT",
        "price": "600",
        "price_per_unit": "120",
        "price_unit": "G"
      }
    ]
  },
  {
    "source_url": "https://www.woolworths.com.au/shop/productdetails/214694/la-tosca-fresh-pasta-fettucine",
    "name": "La Tosca Fresh Pasta Fettucine 375g",
    "image_url": "https://cdn1.woolworths.media/content/wowproductimages/large/214694.jpg",
    "source_id": "Woolworths - 214694",
    "barcode": "9310644301243",
    "shop": "Woolworths",
    "weight": "100G",
    "prices": [
      {
        "state": "VIC",
        "price": "400",
        "price_per_unit": "107",
        "price_unit": "G"
      },
      {
        "state": "QLD",
        "price": "400",
        "price_per_unit": "107",
        "price_unit": "G"
      },
      {
        "state": "WA",
        "price": "400",
        "price_per_unit": "107",
        "price_unit": "G"
      },
      {
        "state": "ACT",
        "price": "400",
        "price_per_unit": "107",
        "price_unit": "G"
      },
      {
        "state": "NT",
        "price": "400",
        "price_per_unit": "107",
        "price_unit": "G"
      }
    ]
  },
  {
    "source_url": "https://www.woolworths.com.au/shop/productdetails/212737/la-tosca-fresh-pasta-lasagne-sheets",
    "name": "La Tosca Fresh Pasta Lasagne Sheets 375g",
    "image_url": "https://cdn1.woolworths.media/content/wowproductimages/large/212737.jpg",
    "source_id": "Woolworths - 212737",
    "barcode": "9310644301236",
    "shop": "Woolworths",
    "weight": "100G",
    "prices": [
      {
        "state": "VIC",
        "price": "400",
        "price_per_unit": "107",
        "price_unit": "G"
      },
      {
        "state": "QLD",
        "price": "400",
        "price_per_unit": "107",
        "price_unit": "G"
      },
      {
        "state": "WA",
        "price": "400",
        "price_per_unit": "107",
        "price_unit": "G"
      },
      {
        "state": "TAS",
        "price": "400",
        "price_per_unit": "107",
        "price_unit": "G"
      },
      {
        "state": "ACT",
        "price": "400",
        "price_per_unit": "107",
        "price_unit": "G"
      },
      {
        "state": "NT",
        "price": "400",
        "price_per_unit": "107",
        "price_unit": "G"
      }
    ]
  },
  {
    "source_url": "https://www.woolworths.com.au/shop/productdetails/22500/la-tosca-fresh-pasta-potato-gnocchi",
    "name": "La Tosca Fresh Pasta Potato Gnocchi 500g",
    "image_url": "https://cdn1.woolworths.media/content/wowproductimages/large/022500.jpg",
    "source_id": "Woolworths - 22500",
    "barcode": "9310644301564",
    "shop": "Woolworths",
    "weight": "100G",
    "prices": [
      {
        "state": "VIC",
        "price": "460",
        "price_per_unit": "92",
        "price_unit": "G"
      },
      {
        "state": "QLD",
        "price": "460",
        "price_per_unit": "92",
        "price_unit": "G"
      },
      {
        "state": "WA",
        "price": "460",
        "price_per_unit": "92",
        "price_unit": "G"
      },
      {
        "state": "NT",
        "price": "460",
        "price_per_unit": "92",
        "price_unit": "G"
      }
    ]
  },
  {
    "source_url": "https://www.woolworths.com.au/shop/productdetails/543758/san-remo-cannelloni",
    "name": "San Remo Cannelloni 250g",
    "image_url": "https://cdn1.woolworths.media/content/wowproductimages/large/543758.jpg",
    "source_id": "Woolworths - 543758",
    "barcode": "9310155008853",
    "shop": "Woolworths",
    "weight": "100G",
    "prices": [
      {
        "state": "VIC",
        "price": "300",
        "price_per_unit": "120",
        "price_unit": "G"
      },
      {
        "state": "QLD",
        "price": "300",
        "price_per_unit": "120",
        "price_unit": "G"
      },
      {
        "state": "WA",
        "price": "300",
        "price_per_unit": "120",
        "price_unit": "G"
      },
      {
        "state": "SA",
        "price": "300",
        "price_per_unit": "120",
        "price_unit": "G"
      },
      {
        "state": "TAS",
        "price": "300",
        "price_per_unit": "120",
        "price_unit": "G"
      },
      {
        "state": "ACT",
        "price": "300",
        "price_per_unit": "120",
        "price_unit": "G"
      },
      {
        "state": "NT",
        "price": "315",
        "price_per_unit": "126",
        "price_unit": "G"
      }
    ]
  },
  {
    "source_url": "https://www.woolworths.com.au/shop/productdetails/212064/san-remo-lasagne-pasta-instant-large-fam-pack",
    "name": "San Remo Lasagne Pasta Instant Large Fam Pack 375g",
    "image_url": "https://cdn1.woolworths.media/content/wowproductimages/large/212064.jpg",
    "source_id": "Woolworths - 212064",
    "barcode": "9310155011006",
    "shop": "Woolworths",
    "weight": "100G",
    "prices": [
      {
        "state": "VIC",
        "price": "390",
        "price_per_unit": "104",
        "price_unit": "G"
      },
      {
        "state": "QLD",
        "price": "390",
        "price_per_unit": "104",
        "price_unit": "G"
      },
      {
        "state": "WA",
        "price": "390",
        "price_per_unit": "104",
        "price_unit": "G"
      },
      {
        "state": "SA",
        "price": "390",
        "price_per_unit": "104",
        "price_unit": "G"
      },
      {
        "state": "TAS",
        "price": "390",
        "price_per_unit": "104",
        "price_unit": "G"
      },
      {
        "state": "ACT",
        "price": "390",
        "price_per_unit": "104",
        "price_unit": "G"
      },
      {
        "state": "NT",
        "price": "390",
        "price_per_unit": "104",
        "price_unit": "G"
      }
    ]
  },
  {
    "source_url": "https://www.woolworths.com.au/shop/productdetails/74076/san-remo-lasagne-pasta-large",
    "name": "San Remo Lasagne Pasta Large 250g",
    "image_url": "https://cdn1.woolworths.media/content/wowproductimages/large/074076.jpg",
    "source_id": "Woolworths - 74076",
    "barcode": "9310155415514",
    "shop": "Woolworths",
    "weight": "100G",
    "prices": [
      {
        "state": "VIC",
        "price": "250",
        "price_per_unit": "100",
        "price_unit": "G"
      },
      {
        "state": "QLD",
        "price": "250",
        "price_per_unit": "100",
        "price_unit": "G"
      },
      {
        "state": "WA",
        "price": "250",
        "price_per_unit": "100",
        "price_unit": "G"
      },
      {
        "state": "SA",
        "price": "250",
        "price_per_unit": "100",
        "price_unit": "G"
      },
      {
        "state": "TAS",
        "price": "300",
        "price_per_unit": "120",
        "price_unit": "G"
      },
      {
        "state": "ACT",
        "price": "300",
        "price_per_unit": "120",
        "price_unit": "G"
      },
      {
        "state": "NT",
        "price": "315",
        "price_per_unit": "126",
        "price_unit": "G"
      }
    ]
  },
  {
    "source_url": "https://www.woolworths.com.au/shop/productdetails/700276/woolworths-lasagne-sheets",
    "name": "Woolworths Lasagne Sheets 250g",
    "image_url": "https://cdn1.woolworths.media/content/wowproductimages/large/700276.jpg",
    "source_id": "Woolworths - 700276",
    "barcode": "9300633219413",
    "shop": "Woolworths",
    "weight": "100G",
    "prices": [
      {
        "state": "VIC",
        "price": "200",
        "price_per_unit": "80",
        "price_unit": "G"
      },
      {
        "state": "TAS",
        "price": "200",
        "price_per_unit": "80",
        "price_unit": "G"
      },
      {
        "state": "ACT",
        "price": "200",
        "price_per_unit": "80",
        "price_unit": "G"
      },
      {
        "state": "NT",
        "price": "200",
        "price_per_unit": "80",
        "price_unit": "G"
      }
    ]
  }
]