[
  {
    "source_url": "https://www.woolworths.com.au/shop/productdetails/285969/bippi-chilli-olive-tapenade",
    "name": "Bippi Chilli Olive Tapenade 250g",
    "image_url": "https://cdn1.woolworths.media/content/wowproductimages/large/285969.jpg",
    "source_id": "Woolworths - 285969",
    "barcode": "9369998207879",
    "shop": "Woolworths",
    "weight": "100G",
    "prices": [
      {
        "state": "NSW",
        "price": "1300",
        "price_per_unit": "520",
        "price_unit": "G"
      },
      {
        "state": "VIC",
        "price": "1300",
        "price_per_unit": "520",
        "price_unit": "G"
      },
      {
        "state": "QLD",
        "price": "1300",
        "price_per_unit": "520",
        "price_unit": "G"
      },
      {
        "state": "WA",
        "price": "1300",
        "price_per_unit": "520",
        "price_unit": "G"
      },
      {
        "state": "SA",
        "price": "1300",
        "price_per_unit": "520",
        "price_unit": "G"
      },
      {
        "state": "TAS",
        "price": "1000",
        "price_per_unit": "400",
        "price_unit": "G"
      },
      {
        "state": "ACT",
        "price": "1000",
        "price_per_unit": "400",
        "price_unit": "G"
      }
    ]
  },
  {
    "source_url": "https://www.woolworths.com.au/shop/productdetails/890498/milka-milk-chocolate-alpine",
    "name": "Milka Milk Chocolate Alpine 100g",
    "image_url": "https://cdn1.woolworths.media/content/wowproductimages/large/890498.jpg",
    "source_id": "Woolworths - 890498",
    "barcode": "3045140105502",
    "shop": "Woolworths",
    "weight": "100G",
    "prices": [
      {
        "state": "NSW",
        "price": "300",
        "price_per_unit": "300",
        "price_unit": "G"
      },
      {
        "state": "VIC",
        "price": "300",
        "price_per_unit": "300",
        "price_unit": "G"
      },
      {
        "state": "QLD",
        "price": "300",
        "price_per_unit": "300",
        "price_unit": "G"
      },
      {
        "state": "WA",
        "price": "300",
        "price_per_unit": "300",
        "price_unit": "G"
      },
      {
        "state": "SA",
        "price": "300",
        "price_per_unit": "300",
        "price_unit": "G"
      },
      {
        "state": "TAS",
        "price": "300",
        "price_per_unit": "300",
        "price_unit": "G"
      },
      {
        "state": "ACT",
        "price": "300",
        "price_per_unit": "300",
        "price_unit": "G"
      },
      {
        "state": "NT",
        "price": "300",
        "price_per_unit": "300",
        "price_unit": "G"
      }
    ]
  },
  {
    "source_url": "https://www.woolworths.com.au/shop/productdetails/175291/nestle-polo-mints",
    "name": "Nestle Polo Mints 34g",
    "image_url": "https://cdn1.woolworths.media/content/wowproductimages/large/175291.jpg",
    "source_id": "Woolworths - 175291",
    "barcode": "50189779",
    "shop": "Woolworths",
    "weight": "100G",
    "prices": [
      {
        "state": "NSW",
        "price": "225",
        "price_per_unit": "662",
        "price_unit": "G"
      },
      {
        "state": "VIC",
        "price": "225",
        "price_per_unit": "662",
        "price_unit": "G"
      },
      {
        "state": "QLD",
        "price": "225",
        "price_per_unit": "662",
        "price_unit": "G"
      },
      {
        "state": "WA",
        "price": "225",
        "price_per_unit": "662",
        "price_unit": "G"
      },
      {
        "state": "SA",
        "price": "225",
        "price_per_unit": "662",
        "price_unit": "G"
      },
      {
        "state": "TAS",
        "price": "225",
        "price_per_unit": "662",
        "price_unit": "G"
      },
      {
        "state": "ACT",
        "price": "225",
        "price_per_unit": "662",
        "price_unit": "G"
      },
      {
        "state": "NT",
        "price": "225",
        "price_per_unit": "662",
        "price_unit": "G"
      }
    ]
  },
  {
    "source_url": "https://www.woolworths.com.au/shop/productdetails/305008/ritter-sport-dark-whole-hazelnuts-whole-hazelnut",
    "name": "Ritter Sport Dark Whole Hazelnuts Whole Hazelnut 100g",
    "image_url": "https://cdn1.woolworths.media/content/wowproductimages/large/305008.jpg",
    "source_id": "Woolworths - 305008",
    "barcode": "4000417224002",
    "shop": "Woolworths",
    "weight": "100G",
    "prices": [
      {
        "state": "NSW",
        "price": "450",
        "price_per_unit": "450",
        "price_unit": "G"
      },
      {
        "state": "VIC",
        "price": "450",
        "price_per_unit": "450",
        "price_unit": "G"
      },
      {
        "state": "QLD",
        "price": "450",
        "price_per_unit": "450",
        "price_unit": "G"
      },
      {
        "state": "WA",
        "price": "450",
        "price_per_unit": "450",
        "price_unit": "G"
      },
      {
        "state": "SA",
        "price": "450",
        "price_per_unit": "450",
        "price_unit": "G"
      },
      {
        "state": "TAS",
        "price": "450",
        "price_per_unit": "450",
        "price_unit": "G"
      },
      {
        "state": "ACT",
        "price": "450",
        "price_per_unit": "450",
        "price_unit": "G"
      }
    ]
  },
  {
    "source_url": "https://www.woolworths.com.au/shop/productdetails/305007/ritter-sport-sport-chocolate-milk-whole-hazelnut",
    "name": "Ritter Sport Sport Chocolate Milk Whole Hazelnut 100G",
    "image_url": "https://cdn1.woolworths.media/content/wowproductimages/large/305007.jpg",
    "source_id": "Woolworths - 305007",
    "barcode": "4000417019004",
    "shop": "Woolworths",
    "weight": "100G",
    "prices": [
      {
        "state": "NSW",
        "price": "450",
        "price_per_unit": "450",
        "price_unit": "G"
      },
      {
        "state": "VIC",
        "price": "450",
        "price_per_unit": "450",
        "price_unit": "G"
      },
      {
        "state": "QLD",
        "price": "450",
        "price_per_unit": "450",
        "price_unit": "G"
      },
      {
        "state": "WA",
        "price": "450",
        "price_per_unit": "450",
        "price_unit": "G"
      },
      {
        "state": "SA",
        "price": "450",
        "price_per_unit": "450",
        "price_unit": "G"
      },
      {
        "state": "TAS",
        "price": "450",
        "price_per_unit": "450",
        "price_unit": "G"
      },
      {
        "state": "ACT",
        "price": "450",
        "price_per_unit": "450",
        "price_unit": "G"
      }
    ]
  },
  {
    "source_url": "https://www.woolworths.com.au/shop/productdetails/172449/rowntree-s-fruit-pastilles",
    "name": "Rowntree's Fruit Pastilles 143g",
    "image_url": "https://cdn1.woolworths.media/content/wowproductimages/large/172449.jpg",
    "source_id": "Woolworths - 172449",
    "barcode": "7613287228338",
    "shop": "Woolworths",
    "weight": "100G",
    "prices": [
      {
        "state": "NSW",
        "price": "550",
        "price_per_unit": "385",
        "price_unit": "G"
      },
      {
        "state": "VIC",
        "price": "550",
        "price_per_unit": "385",
        "price_unit": "G"
      },
      {
        "state": "QLD",
        "price": "550",
        "price_per_unit": "385",
        "price_unit": "G"
      },
      {
        "state": "WA",
        "price": "550",
        "price_per_unit": "385",
        "price_unit": "G"
      },
      {
        "state": "SA",
        "price": "550",
        "price_per_unit": "385",
        "price_unit": "G"
      },
      {
        "state": "TAS",
        "price": "550",
        "price_per_unit": "385",
        "price_unit": "G"
      },
      {
        "state": "ACT",
        "price": "550",
        "price_per_unit": "385",
        "price_unit": "G"
      },
      {
        "state": "NT",
        "price": "550",
        "price_per_unit": "385",
        "price_unit": "G"
      }
    ]
  },
  {
    "source_url": "https://www.woolworths.com.au/shop/productdetails/58511/storz-nougat-praline",
    "name": "Storz Nougat Praline 75g",
    "image_url": "https://cdn1.woolworths.media/content/wowproductimages/large/058511.jpg",
    "source_id": "Woolworths - 58511",
    "barcode": "4003006004849",
    "shop": "Woolworths",
    "weight": "100G",
    "prices": [
      {
        "state": "NSW",
        "price": "340",
        "price_per_unit": "453",
        "price_unit": "G"
      },
      {
        "state": "TAS",
        "price": "420",
        "price_per_unit": "560",
        "price_unit": "G"
      },
      {
        "state": "ACT",
        "price": "420",
        "price_per_unit": "560",
        "price_unit": "G"
      }
    ]
  },
  {
    "source_url": "https://www.woolworths.com.au/shop/productdetails/208720/the-dutch-company-confectionary-coin-licorice",
    "name": "The Dutch Company Confectionary Coin Licorice 100g",
    "image_url": "https://cdn1.woolworths.media/content/wowproductimages/large/208720.jpg",
    "source_id": "Woolworths - 208720",
    "barcode": "9311589000260",
    "shop": "Woolworths",
    "weight": "100G",
    "prices": [
      {
        "state": "NSW",
        "price": "410",
        "price_per_unit": "410",
        "price_unit": "G"
      },
      {
        "state": "VIC",
        "price": "410",
        "price_per_unit": "410",
        "price_unit": "G"
      },
      {
        "state": "QLD",
        "price": "410",
        "price_per_unit": "410",
        "price_unit": "G"
      },
      {
        "state": "WA",
        "price": "410",
        "price_per_unit": "410",
        "price_unit": "G"
      },
      {
        "state": "SA",
        "price": "410",
        "price_per_unit": "410",
        "price_unit": "G"
      },
      {
        "state": "TAS",
        "price": "410",
        "price_per_unit": "410",
        "price_unit": "G"
      }
    ]
  },
  {
    "source_url": "https://www.woolworths.com.au/shop/productdetails/174871/walkers-monster-munch-pickled-onion-27",
    "name": "Walkers Monster Munch Pickled Onion 40g",
    "image_url": "https://cdn1.woolworths.media/content/wowproductimages/large/174871.jpg",
    "source_id": "Woolworths - 174871",
    "barcode": "5000328531007",
    "shop": "Woolworths",
    "weight": "100G",
    "prices": [
      {
        "state": "VIC",
        "price": "265",
        "price_per_unit": "663",
        "price_unit": "G"
      },
      {
        "state": "QLD",
        "price": "265",
        "price_per_unit": "663",
        "price_unit": "G"
      },
      {
        "state": "WA",
        "price": "265",
        "price_per_unit": "663",
        "price_unit": "G"
      },
      {
        "state": "TAS",
        "price": "265",
        "price_per_unit": "663",
        "price_unit": "G"
      },
      {
        "state": "ACT",
        "price": "265",
        "price_per_unit": "663",
        "price_unit": "G"
      },
      {
        "state": "NT",
        "price": "280",
        "price_per_unit": "700",
        "price_unit": "G"
      }
    ]
  },
  {
    "source_url": "https://www.woolworths.com.au/shop/productdetails/552357/beaufor-dijon-mustard",
    "name": "Beaufor Dijon Mustard 200g",
    "image_url": "https://cdn1.woolworths.media/content/wowproductimages/large/552357.jpg",
    "source_id": "Woolworths - 552357",
    "barcode": "3077310532849",
    "shop": "Woolworths",
    "weight": "100G",
    "prices": [
      {
        "state": "VIC",
        "price": "500",
        "price_per_unit": "250",
        "price_unit": "G"
      },
      {
        "state": "QLD",
        "price": "500",
        "price_per_unit": "250",
        "price_unit": "G"
      },
      {
        "state": "WA",
        "price": "500",
        "price_per_unit": "250",
        "price_unit": "G"
      },
      {
        "state": "SA",
        "price": "500",
        "price_per_unit": "250",
        "price_unit": "G"
      },
      {
        "state": "TAS",
        "price": "400",
        "price_per_unit": "200",
        "price_unit": "G"
      },
      {
        "state": "ACT",
        "price": "400",
        "price_per_unit": "200",
        "price_unit": "G"
      }
    ]
  },
  {
    "source_url": "https://www.woolworths.com.au/shop/productdetails/635575/bolletje-pretzel-sticks-salted",
    "name": "Bolletje Pretzel Sticks Salted 100g",
    "image_url": "https://cdn1.woolworths.media/content/wowproductimages/large/635575.jpg",
    "source_id": "Woolworths - 635575",
    "barcode": "8710482534505",
    "shop": "Woolworths",
    "weight": "100G",
    "prices": [
      {
        "state": "VIC",
        "price": "250",
        "price_per_unit": "192",
        "price_unit": "G"
      },
      {
        "state": "QLD",
        "price": "250",
        "price_per_unit": "192",
        "price_unit": "G"
      },
      {
        "state": "WA",
        "price": "250",
        "price_per_unit": "192",
        "price_unit": "G"
      },
      {
        "state": "SA",
        "price": "250",
        "price_per_unit": "192",
        "price_unit": "G"
      },
      {
        "state": "TAS",
        "price": "250",
        "price_per_unit": "192",
        "price_unit": "G"
      },
      {
        "state": "ACT",
        "price": "250",
        "price_per_unit": "192",
        "price_unit": "G"
      }
    ]
  },
  {
    "source_url": "https://www.woolworths.com.au/shop/productdetails/59018/drava-chicken-halal",
    "name": "Drava Chicken Halal 95g",
    "image_url": "https://cdn1.woolworths.media/content/wowproductimages/large/059018.jpg",
    "source_id": "Woolworths - 59018",
    "barcode": "9311187509714",
    "shop": "Woolworths",
    "weight": "100G",
    "prices": [
      {
        "state": "VIC",
        "price": "245",
        "price_per_unit": "258",
        "price_unit": "G"
      },
      {
        "state": "QLD",
        "price": "245",
        "price_per_unit": "258",
        "price_unit": "G"
      },
      {
        "state": "WA",
        "price": "245",
        "price_per_unit": "258",
        "price_unit": "G"
      },
      {
        "state": "SA",
        "price": "245",
        "price_per_unit": "258",
        "price_unit": "G"
      },
      {
        "state": "TAS",
        "price": "245",
        "price_per_unit": "258",
        "price_unit": "G"
      },
      {
        "state": "ACT",
        "price": "245",
        "price_per_unit": "258",
        "price_unit": "G"
      }
    ]
  },
  {
    "source_url": "https://www.woolworths.com.au/shop/productdetails/675945/drava-chicken-liver-pate-spread",
    "name": "Drava Chicken Liver Pate Spread 95g",
    "image_url": "https://cdn1.woolworths.media/content/wowproductimages/large/675945.jpg",
    "source_id": "Woolworths - 675945",
    "barcode": "9311187509721",
    "shop": "Woolworths",
    "weight": "100G",
    "prices": [
      {
        "state": "VIC",
        "price": "245",
        "price_per_unit": "258",
        "price_unit": "G"
      },
      {
        "state": "QLD",
        "price": "245",
        "price_per_unit": "258",
        "price_unit": "G"
      },
      {
        "state": "WA",
        "price": "245",
        "price_per_unit": "258",
        "price_unit": "G"
      },
      {
        "state": "SA",
        "price": "245",
        "price_per_unit": "258",
        "price_unit": "G"
      },
      {
        "state": "TAS",
        "price": "245",
        "price_per_unit": "258",
        "price_unit": "G"
      },
      {
        "state": "ACT",
        "price": "245",
        "price_per_unit": "258",
        "price_unit": "G"
      }
    ]
  },
  {
    "source_url": "https://www.woolworths.com.au/shop/productdetails/151972/falcone-cantucci-d-abruzzo-alla-mandorla-almond-cookies",
    "name": "Falcone Cantucci D'Abruzzo Alla Mandorla Almond Cookies 200G",
    "image_url": "https://cdn1.woolworths.media/content/wowproductimages/large/151972.jpg",
    "source_id": "Woolworths - 151972",
    "barcode": "8023696002174",
    "shop": "Woolworths",
    "weight": "100G",
    "prices": [
      {
        "state": "VIC",
        "price": "550",
        "price_per_unit": "275",
        "price_unit": "G"
      },
      {
        "state": "QLD",
        "price": "550",
        "price_per_unit": "275",
        "price_unit": "G"
      },
      {
        "state": "WA",
        "price": "550",
        "price_per_unit": "275",
        "price_unit": "G"
      },
      {
        "state": "SA",
        "price": "550",
        "price_per_unit": "275",
        "price_unit": "G"
      },
      {
        "state": "ACT",
        "price": "550",
        "price_per_unit": "275",
        "price_unit": "G"
      }
    ]
  },
  {
    "source_url": "https://www.woolworths.com.au/shop/productdetails/151096/falcone-italian-soft-amaretti",
    "name": "Falcone Italian Soft Amaretti 170G",
    "image_url": "https://cdn1.woolworths.media/content/wowproductimages/large/151096.jpg",
    "source_id": "Woolworths - 151096",
    "barcode": "8023696005762",
    "shop": "Woolworths",
    "weight": "100G",
    "prices": [
      {
        "state": "VIC",
        "price": "550",
        "price_per_unit": "324",
        "price_unit": "G"
      },
      {
        "state": "QLD",
        "price": "550",
        "price_per_unit": "324",
        "price_unit": "G"
      },
      {
        "state": "WA",
        "price": "550",
        "price_per_unit": "324",
        "price_unit": "G"
      },
      {
        "state": "SA",
        "price": "550",
        "price_per_unit": "324",
        "price_unit": "G"
      },
      {
        "state": "ACT",
        "price": "550",
        "price_per_unit": "324",
        "price_unit": "G"
      }
    ]
  },
  {
    "source_url": "https://www.woolworths.com.au/shop/productdetails/152952/flott-anchovies-in-sunflower-oil",
    "name": "Flott Anchovies In Sunflower Oil 235G",
    "image_url": "https://cdn1.woolworths.media/content/wowproductimages/large/152952.jpg",
    "source_id": "Woolworths - 152952",
    "barcode": "80315902",
    "shop": "Woolworths",
    "weight": "100G",
    "prices": [
      {
        "state": "VIC",
        "price": "1400",
        "price_per_unit": "596",
        "price_unit": "G"
      },
      {
        "state": "QLD",
        "price": "1400",
        "price_per_unit": "596",
        "price_unit": "G"
      },
      {
        "state": "WA",
        "price": "1400",
        "price_per_unit": "596",
        "price_unit": "G"
      },
      {
        "state": "SA",
        "price": "1400",
        "price_per_unit": "596",
        "price_unit": "G"
      },
      {
        "state": "ACT",
        "price": "1400",
        "price_per_unit": "596",
        "price_unit": "G"
      }
    ]
  },
  {
    "source_url": "https://www.woolworths.com.au/shop/productdetails/203083/bippi-italian-style-mild-chilli",
    "name": "Bippi Italian Style Mild Chilli 250g",
    "image_url": "https://cdn1.woolworths.media/content/wowproductimages/large/203083.jpg",
    "source_id": "Woolworths - 203083",
    "barcode": "9369998104123",
    "shop": "Woolworths",
    "weight": "100G",
    "prices": [
      {
        "state": "VIC",
        "price": "950",
        "price_per_unit": "380",
        "price_unit": "G"
      },
      {
        "state": "QLD",
        "price": "950",
        "price_per_unit": "380",
        "price_unit": "G"
      },
      {
        "state": "WA",
        "price": "950",
        "price_per_unit": "380",
        "price_unit": "G"
      },
      {
        "state": "SA",
        "price": "950",
        "price_per_unit": "380",
        "price_unit": "G"
      },
      {
        "state": "TAS",
        "price": "950",
        "price_per_unit": "380",
        "price_unit": "G"
      },
      {
        "state": "ACT",
        "price": "950",
        "price_per_unit": "380",
        "price_unit": "G"
      }
    ]
  },
  {
    "source_url": "https://www.woolworths.com.au/shop/productdetails/352037/krakus-european-foods-pickled-dill-cucumbers",
    "name": "Krakus European Foods Pickled Dill Cucumbers 850g",
    "image_url": "https://cdn1.woolworths.media/content/wowproductimages/large/352037.jpg",
    "source_id": "Woolworths - 352037",
    "barcode": "5900397734272",
    "shop": "Woolworths",
    "weight": "100G",
    "prices": [
      {
        "state": "VIC",
        "price": "695",
        "price_per_unit": "82",
        "price_unit": "G"
      },
      {
        "state": "QLD",
        "price": "695",
        "price_per_unit": "82",
        "price_unit": "G"
      },
      {
        "state": "WA",
        "price": "695",
        "price_per_unit": "82",
        "price_unit": "G"
      },
      {
        "state": "SA",
        "price": "695",
        "price_per_unit": "82",
        "price_unit": "G"
      },
      {
        "state": "TAS",
        "price": "695",
        "price_per_unit": "82",
        "price_unit": "G"
      },
      {
        "state": "ACT",
        "price": "695",
        "price_per_unit": "82",
        "price_unit": "G"
      },
      {
        "state": "ACT",
        "price": "695",
        "price_per_unit": "82",
        "price_unit": "G"
      },
      {
        "state": "NT",
        "price": "695",
        "price_per_unit": "82",
        "price_unit": "G"
      }
    ]
  },
  {
    "source_url": "https://www.woolworths.com.au/shop/productdetails/680854/kras-napolitanke-nougat-hazelnut-wafers",
    "name": "Kras Napolitanke Nougat Hazelnut Wafers 93g",
    "image_url": "https://cdn1.woolworths.media/content/wowproductimages/large/680854.jpg",
    "source_id": "Woolworths - 680854",
    "barcode": "3850102523399",
    "shop": "Woolworths",
    "weight": "100G",
    "prices": [
      {
        "state": "VIC",
        "price": "190",
        "price_per_unit": "204",
        "price_unit": "G"
      },
      {
        "state": "QLD",
        "price": "190",
        "price_per_unit": "204",
        "price_unit": "G"
      },
      {
        "state": "WA",
        "price": "190",
        "price_per_unit": "204",
        "price_unit": "G"
      },
      {
        "state": "SA",
        "price": "190",
        "price_per_unit": "204",
        "price_unit": "G"
      },
      {
        "state": "TAS",
        "price": "190",
        "price_per_unit": "204",
        "price_unit": "G"
      },
      {
        "state": "ACT",
        "price": "190",
        "price_per_unit": "204",
        "price_unit": "G"
      },
      {
        "state": "ACT",
        "price": "190",
        "price_per_unit": "204",
        "price_unit": "G"
      },
      {
        "state": "NT",
        "price": "190",
        "price_per_unit": "204",
        "price_unit": "G"
      }
    ]
  },
  {
    "source_url": "https://www.woolworths.com.au/shop/productdetails/338075/kuhne-german-barrel-sauerkraut",
    "name": "Kuhne German Barrel Sauerkraut 810G",
    "image_url": "https://cdn1.woolworths.media/content/wowproductimages/large/338075.jpg",
    "source_id": "Woolworths - 338075",
    "barcode": "39045050558",
    "shop": "Woolworths",
    "weight": "100G",
    "prices": [
      {
        "state": "VIC",
        "price": "620",
        "price_per_unit": "77",
        "price_unit": "G"
      },
      {
        "state": "QLD",
        "price": "620",
        "price_per_unit": "77",
        "price_unit": "G"
      },
      {
        "state": "WA",
        "price": "620",
        "price_per_unit": "77",
        "price_unit": "G"
      },
      {
        "state": "SA",
        "price": "620",
        "price_per_unit": "77",
        "price_unit": "G"
      },
      {
        "state": "TAS",
        "price": "620",
        "price_per_unit": "77",
        "price_unit": "G"
      },
      {
        "state": "ACT",
        "price": "620",
        "price_per_unit": "77",
        "price_unit": "G"
      },
      {
        "state": "ACT",
        "price": "620",
        "price_per_unit": "77",
        "price_unit": "G"
      },
      {
        "state": "NT",
        "price": "620",
        "price_per_unit": "77",
        "price_unit": "G"
      }
    ]
  },
  {
    "source_url": "https://www.woolworths.com.au/shop/productdetails/421762/mama-s-homestyle-ajvar-mild",
    "name": "Mama's Homestyle Ajvar Mild 290g",
    "image_url": "https://cdn1.woolworths.media/content/wowproductimages/large/421762.jpg",
    "source_id": "Woolworths - 421762",
    "barcode": "5310146002635",
    "shop": "Woolworths",
    "weight": "100G",
    "prices": [
      {
        "state": "VIC",
        "price": "850",
        "price_per_unit": "293",
        "price_unit": "G"
      },
      {
        "state": "QLD",
        "price": "850",
        "price_per_unit": "293",
        "price_unit": "G"
      },
      {
        "state": "WA",
        "price": "850",
        "price_per_unit": "293",
        "price_unit": "G"
      },
      {
        "state": "SA",
        "price": "850",
        "price_per_unit": "293",
        "price_unit": "G"
      },
      {
        "state": "TAS",
        "price": "850",
        "price_per_unit": "293",
        "price_unit": "G"
      },
      {
        "state": "ACT",
        "price": "850",
        "price_per_unit": "293",
        "price_unit": "G"
      },
      {
        "state": "NT",
        "price": "850",
        "price_per_unit": "293",
        "price_unit": "G"
      }
    ]
  },
  {
    "source_url": "https://www.woolworths.com.au/shop/productdetails/155243/marco-polo-european-foods-borlotti-beans",
    "name": "Marco Polo European Foods Borlotti Beans 375g",
    "image_url": "https://cdn1.woolworths.media/content/wowproductimages/large/155243.jpg",
    "source_id": "Woolworths - 155243",
    "barcode": "9315248110420",
    "shop": "Woolworths",
    "weight": "100G",
    "prices": [
      {
        "state": "VIC",
        "price": "295",
        "price_per_unit": "79",
        "price_unit": "G"
      },
      {
        "state": "QLD",
        "price": "295",
        "price_per_unit": "79",
        "price_unit": "G"
      },
      {
        "state": "WA",
        "price": "295",
        "price_per_unit": "79",
        "price_unit": "G"
      },
      {
        "state": "SA",
        "price": "295",
        "price_per_unit": "79",
        "price_unit": "G"
      },
      {
        "state": "TAS",
        "price": "295",
        "price_per_unit": "79",
        "price_unit": "G"
      },
      {
        "state": "ACT",
        "price": "295",
        "price_per_unit": "79",
        "price_unit": "G"
      },
      {
        "state": "NT",
        "price": "295",
        "price_per_unit": "79",
        "price_unit": "G"
      }
    ]
  },
  {
    "source_url": "https://www.woolworths.com.au/shop/productdetails/24883/marco-polo-european-foods-polenta",
    "name": "Marco Polo European Foods Polenta 750g",
    "image_url": "https://cdn1.woolworths.media/content/wowproductimages/large/024883.jpg",
    "source_id": "Woolworths - 24883",
    "barcode": "9315248199654",
    "shop": "Woolworths",
    "weight": "100G",
    "prices": [
      {
        "state": "VIC",
        "price": "325",
        "price_per_unit": "43",
        "price_unit": "G"
      },
      {
        "state": "QLD",
        "price": "325",
        "price_per_unit": "43",
        "price_unit": "G"
      },
      {
        "state": "WA",
        "price": "325",
        "price_per_unit": "43",
        "price_unit": "G"
      },
      {
        "state": "SA",
        "price": "325",
        "price_per_unit": "43",
        "price_unit": "G"
      },
      {
        "state": "TAS",
        "price": "325",
        "price_per_unit": "43",
        "price_unit": "G"
      },
      {
        "state": "ACT",
        "price": "325",
        "price_per_unit": "43",
        "price_unit": "G"
      },
      {
        "state": "NT",
        "price": "325",
        "price_per_unit": "43",
        "price_unit": "G"
      }
    ]
  },
  {
    "source_url": "https://www.woolworths.com.au/shop/productdetails/352574/marco-polo-european-foods-semolina",
    "name": "Marco Polo European Foods Semolina 750g",
    "image_url": "https://cdn1.woolworths.media/content/wowproductimages/large/352574.jpg",
    "source_id": "Woolworths - 352574",
    "barcode": "9315248113056",
    "shop": "Woolworths",
    "weight": "100G",
    "prices": [
      {
        "state": "VIC",
        "price": "345",
        "price_per_unit": "46",
        "price_unit": "G"
      },
      {
        "state": "QLD",
        "price": "345",
        "price_per_unit": "46",
        "price_unit": "G"
      },
      {
        "state": "WA",
        "price": "345",
        "price_per_unit": "46",
        "price_unit": "G"
      },
      {
        "state": "SA",
        "price": "345",
        "price_per_unit": "46",
        "price_unit": "G"
      },
      {
        "state": "TAS",
        "price": "345",
        "price_per_unit": "46",
        "price_unit": "G"
      },
      {
        "state": "ACT",
        "price": "345",
        "price_per_unit": "46",
        "price_unit": "G"
      },
      {
        "state": "NT",
        "price": "345",
        "price_per_unit": "46",
        "price_unit": "G"
      }
    ]
  },
  {
    "source_url": "https://www.woolworths.com.au/shop/productdetails/155245/marco-polo-european-foods-white-beans",
    "name": "Marco Polo European Foods White Beans 375g",
    "image_url": "https://cdn1.woolworths.media/content/wowproductimages/large/155245.jpg",
    "source_id": "Woolworths - 155245",
    "barcode": "9315248110413",
    "shop": "Woolworths",
    "weight": "100G",
    "prices": [
      {
        "state": "VIC",
        "price": "295",
        "price_per_unit": "79",
        "price_unit": "G"
      },
      {
        "state": "QLD",
        "price": "295",
        "price_per_unit": "79",
        "price_unit": "G"
      },
      {
        "state": "WA",
        "price": "295",
        "price_per_unit": "79",
        "price_unit": "G"
      },
      {
        "state": "SA",
        "price": "295",
        "price_per_unit": "79",
        "price_unit": "G"
      },
      {
        "state": "TAS",
        "price": "295",
        "price_per_unit": "79",
        "price_unit": "G"
      },
      {
        "state": "ACT",
        "price": "295",
        "price_per_unit": "79",
        "price_unit": "G"
      },
      {
        "state": "NT",
        "price": "295",
        "price_per_unit": "79",
        "price_unit": "G"
      }
    ]
  },
  {
    "source_url": "https://www.woolworths.com.au/shop/productdetails/680851/milka-choco-cow",
    "name": "Milka Choco Cow 120g",
    "image_url": "https://cdn1.woolworths.media/content/wowproductimages/large/680851.jpg",
    "source_id": "Woolworths - 680851",
    "barcode": "7622300864057",
    "shop": "Woolworths",
    "weight": "100G",
    "prices": [
      {
        "state": "VIC",
        "price": "500",
        "price_per_unit": "417",
        "price_unit": "G"
      },
      {
        "state": "QLD",
        "price": "500",
        "price_per_unit": "417",
        "price_unit": "G"
      },
      {
        "state": "WA",
        "price": "500",
        "price_per_unit": "417",
        "price_unit": "G"
      },
      {
        "state": "SA",
        "price": "500",
        "price_per_unit": "417",
        "price_unit": "G"
      },
      {
        "state": "TAS",
        "price": "500",
        "price_per_unit": "417",
        "price_unit": "G"
      },
      {
        "state": "ACT",
        "price": "500",
        "price_per_unit": "417",
        "price_unit": "G"
      },
      {
        "state": "NT",
        "price": "500",
        "price_per_unit": "417",
        "price_unit": "G"
      }
    ]
  },
  {
    "source_url": "https://www.woolworths.com.au/shop/productdetails/888053/milka-whole-hazelnut-milk-chocolate",
    "name": "Milka Whole Hazelnut Milk Chocolate 100g",
    "image_url": "https://cdn1.woolworths.media/content/wowproductimages/large/888053.jpg",
    "source_id": "Woolworths - 888053",
    "barcode": "4025700001023",
    "shop": "Woolworths",
    "weight": "100G",
    "prices": [
      {
        "state": "VIC",
        "price": "260",
        "price_per_unit": "260",
        "price_unit": "G"
      },
      {
        "state": "QLD",
        "price": "260",
        "price_per_unit": "260",
        "price_unit": "G"
      },
      {
        "state": "WA",
        "price": "260",
        "price_per_unit": "260",
        "price_unit": "G"
      },
      {
        "state": "SA",
        "price": "260",
        "price_per_unit": "260",
        "price_unit": "G"
      },
      {
        "state": "TAS",
        "price": "300",
        "price_per_unit": "300",
        "price_unit": "G"
      },
      {
        "state": "ACT",
        "price": "300",
        "price_per_unit": "300",
        "price_unit": "G"
      },
      {
        "state": "NT",
        "price": "300",
        "price_per_unit": "300",
        "price_unit": "G"
      }
    ]
  },
  {
    "source_url": "https://www.woolworths.com.au/shop/productdetails/152273/muraca-gli-antipasti-eggplant-strips",
    "name": "Muraca Gli Antipasti Eggplant Strips 280G",
    "image_url": "https://cdn1.woolworths.media/content/wowproductimages/large/152273.jpg",
    "source_id": "Woolworths - 152273",
    "barcode": "8004534147806",
    "shop": "Woolworths",
    "weight": "100G",
    "prices": [
      {
        "state": "VIC",
        "price": "820",
        "price_per_unit": "293",
        "price_unit": "G"
      },
      {
        "state": "QLD",
        "price": "820",
        "price_per_unit": "293",
        "price_unit": "G"
      },
      {
        "state": "WA",
        "price": "820",
        "price_per_unit": "293",
        "price_unit": "G"
      },
      {
        "state": "SA",
        "price": "820",
        "price_per_unit": "293",
        "price_unit": "G"
      },
      {
        "state": "TAS",
        "price": "820",
        "price_per_unit": "293",
        "price_unit": "G"
      },
      {
        "state": "ACT",
        "price": "820",
        "price_per_unit": "293",
        "price_unit": "G"
      },
      {
        "state": "NT",
        "price": "820",
        "price_per_unit": "293",
        "price_unit": "G"
      }
    ]
  },
  {
    "source_url": "https://www.woolworths.com.au/shop/productdetails/152095/muraca-le-specialita-spicy-hot-cream-peppers",
    "name": "Muraca Le Specialita Spicy Hot Cream Peppers 280G",
    "image_url": "https://cdn1.woolworths.media/content/wowproductimages/large/152095.jpg",
    "source_id": "Woolworths - 152095",
    "barcode": "8004534139009",
    "shop": "Woolworths",
    "weight": "100G",
    "prices": [
      {
        "state": "VIC",
        "price": "820",
        "price_per_unit": "293",
        "price_unit": "G"
      },
      {
        "state": "QLD",
        "price": "820",
        "price_per_unit": "293",
        "price_unit": "G"
      },
      {
        "state": "WA",
        "price": "820",
        "price_per_unit": "293",
        "price_unit": "G"
      },
      {
        "state": "SA",
        "price": "820",
        "price_per_unit": "293",
        "price_unit": "G"
      },
      {
        "state": "TAS",
        "price": "820",
        "price_per_unit": "293",
        "price_unit": "G"
      },
      {
        "state": "ACT",
        "price": "820",
        "price_per_unit": "293",
        "price_unit": "G"
      },
      {
        "state": "NT",
        "price": "820",
        "price_per_unit": "293",
        "price_unit": "G"
      }
    ]
  },
  {
    "source_url": "https://www.woolworths.com.au/shop/productdetails/151686/nonna-maria-s-authentic-passata",
    "name": "Nonna Maria's Authentic Passata 660G",
    "image_url": "https://cdn1.woolworths.media/content/wowproductimages/large/151686.jpg",
    "source_id": "Woolworths - 151686",
    "barcode": "8021314000083",
    "shop": "Woolworths",
    "weight": "100G",
    "prices": [
      {
        "state": "VIC",
        "price": "360",
        "price_per_unit": "55",
        "price_unit": "G"
      },
      {
        "state": "QLD",
        "price": "360",
        "price_per_unit": "55",
        "price_unit": "G"
      },
      {
        "state": "WA",
        "price": "360",
        "price_per_unit": "55",
        "price_unit": "G"
      },
      {
        "state": "SA",
        "price": "360",
        "price_per_unit": "55",
        "price_unit": "G"
      },
      {
        "state": "TAS",
        "price": "360",
        "price_per_unit": "55",
        "price_unit": "G"
      },
      {
        "state": "TAS",
        "price": "360",
        "price_per_unit": "55",
        "price_unit": "G"
      },
      {
        "state": "ACT",
        "price": "360",
        "price_per_unit": "55",
        "price_unit": "G"
      },
      {
        "state": "NT",
        "price": "360",
        "price_per_unit": "55",
        "price_unit": "G"
      }
    ]
  },
  {
    "source_url": "https://www.woolworths.com.au/shop/productdetails/754304/olympian-sesame-biscota",
    "name": "Olympian Sesame Biscota 250g",
    "image_url": "https://cdn1.woolworths.media/content/wowproductimages/large/754304.jpg",
    "source_id": "Woolworths - 754304",
    "barcode": "9327530001132",
    "shop": "Woolworths",
    "weight": "100G",
    "prices": [
      {
        "state": "VIC",
        "price": "440",
        "price_per_unit": "176",
        "price_unit": "G"
      },
      {
        "state": "QLD",
        "price": "440",
        "price_per_unit": "176",
        "price_unit": "G"
      },
      {
        "state": "WA",
        "price": "440",
        "price_per_unit": "176",
        "price_unit": "G"
      },
      {
        "state": "SA",
        "price": "440",
        "price_per_unit": "176",
        "price_unit": "G"
      },
      {
        "state": "TAS",
        "price": "440",
        "price_per_unit": "176",
        "price_unit": "G"
      },
      {
        "state": "ACT",
        "price": "440",
        "price_per_unit": "176",
        "price_unit": "G"
      }
    ]
  },
  {
    "source_url": "https://www.woolworths.com.au/shop/productdetails/151301/podravka-chicken-paste",
    "name": "Podravka Chicken Paste 135g",
    "image_url": "https://cdn1.woolworths.media/content/wowproductimages/large/151301.jpg",
    "source_id": "Woolworths - 151301",
    "barcode": "3850104020452",
    "shop": "Woolworths",
    "weight": "100G",
    "prices": [
      {
        "state": "VIC",
        "price": "345",
        "price_per_unit": "256",
        "price_unit": "G"
      },
      {
        "state": "QLD",
        "price": "345",
        "price_per_unit": "256",
        "price_unit": "G"
      },
      {
        "state": "WA",
        "price": "345",
        "price_per_unit": "256",
        "price_unit": "G"
      },
      {
        "state": "SA",
        "price": "345",
        "price_per_unit": "256",
        "price_unit": "G"
      },
      {
        "state": "TAS",
        "price": "345",
        "price_per_unit": "256",
        "price_unit": "G"
      },
      {
        "state": "ACT",
        "price": "345",
        "price_per_unit": "256",
        "price_unit": "G"
      }
    ]
  },
  {
    "source_url": "https://www.woolworths.com.au/shop/productdetails/92928/podravka-european-foods-chicken-noodle-soup",
    "name": "Podravka European Foods Chicken Noodle Soup 62g",
    "image_url": "https://cdn1.woolworths.media/content/wowproductimages/large/092928.jpg",
    "source_id": "Woolworths - 92928",
    "barcode": "3850104003189",
    "shop": "Woolworths",
    "weight": "100G",
    "prices": [
      {
        "state": "VIC",
        "price": "275",
        "price_per_unit": "444",
        "price_unit": "G"
      },
      {
        "state": "QLD",
        "price": "275",
        "price_per_unit": "444",
        "price_unit": "G"
      },
      {
        "state": "WA",
        "price": "275",
        "price_per_unit": "444",
        "price_unit": "G"
      },
      {
        "state": "SA",
        "price": "275",
        "price_per_unit": "444",
        "price_unit": "G"
      },
      {
        "state": "TAS",
        "price": "275",
        "price_per_unit": "444",
        "price_unit": "G"
      },
      {
        "state": "ACT",
        "price": "275",
        "price_per_unit": "444",
        "price_unit": "G"
      }
    ]
  },
  {
    "source_url": "https://www.woolworths.com.au/shop/productdetails/786373/podravka-ham-luncheon-meat",
    "name": "Podravka Ham Luncheon Meat 150g",
    "image_url": "https://cdn1.woolworths.media/content/wowproductimages/large/786373.jpg",
    "source_id": "Woolworths - 786373",
    "barcode": "3858886467731",
    "shop": "Woolworths",
    "weight": "100G",
    "prices": [
      {
        "state": "VIC",
        "price": "500",
        "price_per_unit": "333",
        "price_unit": "G"
      },
      {
        "state": "QLD",
        "price": "500",
        "price_per_unit": "333",
        "price_unit": "G"
      },
      {
        "state": "WA",
        "price": "500",
        "price_per_unit": "333",
        "price_unit": "G"
      },
      {
        "state": "SA",
        "price": "500",
        "price_per_unit": "333",
        "price_unit": "G"
      },
      {
        "state": "TAS",
        "price": "500",
        "price_per_unit": "333",
        "price_unit": "G"
      },
      {
        "state": "ACT",
        "price": "500",
        "price_per_unit": "333",
        "price_unit": "G"
      }
    ]
  },
  {
    "source_url": "https://www.woolworths.com.au/shop/productdetails/645586/podravka-liver-paste",
    "name": "Podravka Liver Paste 95g",
    "image_url": "https://cdn1.woolworths.media/content/wowproductimages/large/645586.jpg",
    "source_id": "Woolworths - 645586",
    "barcode": "3858886469230",
    "shop": "Woolworths",
    "weight": "100G",
    "prices": [
      {
        "state": "VIC",
        "price": "245",
        "price_per_unit": "258",
        "price_unit": "G"
      },
      {
        "state": "QLD",
        "price": "245",
        "price_per_unit": "258",
        "price_unit": "G"
      },
      {
        "state": "WA",
        "price": "245",
        "price_per_unit": "258",
        "price_unit": "G"
      },
      {
        "state": "SA",
        "price": "245",
        "price_per_unit": "258",
        "price_unit": "G"
      },
      {
        "state": "TAS",
        "price": "195",
        "price_per_unit": "205",
        "price_unit": "G"
      },
      {
        "state": "ACT",
        "price": "195",
        "price_per_unit": "205",
        "price_unit": "G"
      }
    ]
  },
  {
    "source_url": "https://www.woolworths.com.au/shop/productdetails/349985/richter-marzipan-loaves",
    "name": "Richter Marzipan Loaves 100g",
    "image_url": "https://cdn1.woolworths.media/content/wowproductimages/large/349985.jpg",
    "source_id": "Woolworths - 349985",
    "barcode": "9327407100012",
    "shop": "Woolworths",
    "weight": "100G",
    "prices": [
      {
        "state": "VIC",
        "price": "400",
        "price_per_unit": "400",
        "price_unit": "G"
      },
      {
        "state": "QLD",
        "price": "400",
        "price_per_unit": "400",
        "price_unit": "G"
      },
      {
        "state": "WA",
        "price": "400",
        "price_per_unit": "400",
        "price_unit": "G"
      },
      {
        "state": "SA",
        "price": "400",
        "price_per_unit": "400",
        "price_unit": "G"
      },
      {
        "state": "TAS",
        "price": "400",
        "price_per_unit": "400",
        "price_unit": "G"
      },
      {
        "state": "ACT",
        "price": "400",
        "price_per_unit": "400",
        "price_unit": "G"
      }
    ]
  },
  {
    "source_url": "https://www.woolworths.com.au/shop/productdetails/58587/the-dutch-company-almond-fingers",
    "name": "The Dutch Company Almond Fingers 5 Pack",
    "image_url": "https://cdn1.woolworths.media/content/wowproductimages/large/058587.jpg",
    "source_id": "Woolworths - 58587",
    "barcode": "9336548007432",
    "shop": "Woolworths",
    "weight": "100G",
    "prices": [
      {
        "state": "VIC",
        "price": "480",
        "price_per_unit": "209",
        "price_unit": "G"
      },
      {
        "state": "QLD",
        "price": "480",
        "price_per_unit": "209",
        "price_unit": "G"
      },
      {
        "state": "WA",
        "price": "480",
        "price_per_unit": "209",
        "price_unit": "G"
      },
      {
        "state": "SA",
        "price": "480",
        "price_per_unit": "209",
        "price_unit": "G"
      },
      {
        "state": "TAS",
        "price": "480",
        "price_per_unit": "209",
        "price_unit": "G"
      }
    ]
  },
  {
    "source_url": "https://www.woolworths.com.au/shop/productdetails/291451/the-dutch-company-confectionary-4-syrup-wafers",
    "name": "The Dutch Company Confectionary 4 Syrup Wafers 125g",
    "image_url": "https://cdn1.woolworths.media/content/wowproductimages/large/291451.jpg",
    "source_id": "Woolworths - 291451",
    "barcode": "9313897814294",
    "shop": "Woolworths",
    "weight": "100G",
    "prices": [
      {
        "state": "VIC",
        "price": "305",
        "price_per_unit": "244",
        "price_unit": "G"
      },
      {
        "state": "QLD",
        "price": "305",
        "price_per_unit": "244",
        "price_unit": "G"
      },
      {
        "state": "WA",
        "price": "305",
        "price_per_unit": "244",
        "price_unit": "G"
      },
      {
        "state": "SA",
        "price": "305",
        "price_per_unit": "244",
        "price_unit": "G"
      },
      {
        "state": "TAS",
        "price": "305",
        "price_per_unit": "244",
        "price_unit": "G"
      }
    ]
  },
  {
    "source_url": "https://www.woolworths.com.au/shop/productdetails/201875/the-dutch-company-double-salt-licorice",
    "name": "The Dutch Company Double Salt Licorice 100g",
    "image_url": "https://cdn1.woolworths.media/content/wowproductimages/large/201875.jpg",
    "source_id": "Woolworths - 201875",
    "barcode": "9313897070607",
    "shop": "Woolworths",
    "weight": "100G",
    "prices": [
      {
        "state": "VIC",
        "price": "410",
        "price_per_unit": "410",
        "price_unit": "G"
      },
      {
        "state": "QLD",
        "price": "410",
        "price_per_unit": "410",
        "price_unit": "G"
      },
      {
        "state": "WA",
        "price": "410",
        "price_per_unit": "410",
        "price_unit": "G"
      },
      {
        "state": "SA",
        "price": "410",
        "price_per_unit": "410",
        "price_unit": "G"
      },
      {
        "state": "TAS",
        "price": "410",
        "price_per_unit": "410",
        "price_unit": "G"
      }
    ]
  },
  {
    "source_url": "https://www.woolworths.com.au/shop/productdetails/201706/the-dutch-company-european-foods-apple-sauce",
    "name": "The Dutch Company European Foods Apple Sauce 720g",
    "image_url": "https://cdn1.woolworths.media/content/wowproductimages/large/201706.jpg",
    "source_id": "Woolworths - 201706",
    "barcode": "9336548006787",
    "shop": "Woolworths",
    "weight": "100G",
    "prices": [
      {
        "state": "VIC",
        "price": "350",
        "price_per_unit": "49",
        "price_unit": "G"
      },
      {
        "state": "QLD",
        "price": "350",
        "price_per_unit": "49",
        "price_unit": "G"
      },
      {
        "state": "WA",
        "price": "350",
        "price_per_unit": "49",
        "price_unit": "G"
      },
      {
        "state": "SA",
        "price": "350",
        "price_per_unit": "49",
        "price_unit": "G"
      },
      {
        "state": "TAS",
        "price": "350",
        "price_per_unit": "49",
        "price_unit": "G"
      }
    ]
  },
  {
    "source_url": "https://www.woolworths.com.au/shop/productdetails/204569/the-dutch-company-european-foods-rusks-toast",
    "name": "The Dutch Company European Foods Rusks Toast 100g",
    "image_url": "https://cdn1.woolworths.media/content/wowproductimages/large/204569.jpg",
    "source_id": "Woolworths - 204569",
    "barcode": "9313897813563",
    "shop": "Woolworths",
    "weight": "100G",
    "prices": [
      {
        "state": "VIC",
        "price": "390",
        "price_per_unit": "390",
        "price_unit": "G"
      },
      {
        "state": "QLD",
        "price": "390",
        "price_per_unit": "390",
        "price_unit": "G"
      },
      {
        "state": "WA",
        "price": "390",
        "price_per_unit": "390",
        "price_unit": "G"
      },
      {
        "state": "SA",
        "price": "390",
        "price_per_unit": "390",
        "price_unit": "G"
      },
      {
        "state": "TAS",
        "price": "390",
        "price_per_unit": "390",
        "price_unit": "G"
      }
    ]
  },
  {
    "source_url": "https://www.woolworths.com.au/shop/productdetails/151097/vicenzi-savoiardi-lady-fingers",
    "name": "Vicenzi Savoiardi Lady Fingers 400G",
    "image_url": "https://cdn1.woolworths.media/content/wowproductimages/large/151097.jpg",
    "source_id": "Woolworths - 151097",
    "barcode": "8000350000462",
    "shop": "Woolworths",
    "weight": "100G",
    "prices": [
      {
        "state": "VIC",
        "price": "940",
        "price_per_unit": "235",
        "price_unit": "G"
      },
      {
        "state": "QLD",
        "price": "940",
        "price_per_unit": "235",
        "price_unit": "G"
      },
      {
        "state": "WA",
        "price": "940",
        "price_per_unit": "235",
        "price_unit": "G"
      },
      {
        "state": "SA",
        "price": "940",
        "price_per_unit": "235",
        "price_unit": "G"
      },
      {
        "state": "TAS",
        "price": "940",
        "price_per_unit": "235",
        "price_unit": "G"
      },
      {
        "state": "ACT",
        "price": "940",
        "price_per_unit": "235",
        "price_unit": "G"
      }
    ]
  },
  {
    "source_url": "https://www.woolworths.com.au/shop/productdetails/937338/zanae-giant-beans-in-tomato-sauce",
    "name": "Zanae Giant Beans In Tomato Sauce 280G",
    "image_url": "https://cdn1.woolworths.media/content/wowproductimages/large/937338.jpg",
    "source_id": "Woolworths - 937338",
    "barcode": "5201051002219",
    "shop": "Woolworths",
    "weight": "1KG",
    "prices": [
      {
        "state": "VIC",
        "price": "460",
        "price_per_unit": "1643",
        "price_unit": "KG"
      }
    ]
  },
  {
    "source_url": "https://www.woolworths.com.au/shop/productdetails/507820/amatller-cacao-origen-ghana-chocolate-block",
    "name": "Amatller Cacao Origen Ghana Chocolate Block 70g",
    "image_url": "https://cdn1.woolworths.media/content/wowproductimages/large/507820.jpg",
    "source_id": "Woolworths - 507820",
    "barcode": "8413907982706",
    "shop": "Woolworths",
    "weight": "100G",
    "prices": [
      {
        "state": "QLD",
        "price": "650",
        "price_per_unit": "929",
        "price_unit": "G"
      },
      {
        "state": "WA",
        "price": "650",
        "price_per_unit": "929",
        "price_unit": "G"
      }
    ]
  },
  {
    "source_url": "https://www.woolworths.com.au/shop/productdetails/507794/amatller-chocolate-amattler-70-cacao-ecuador",
    "name": "Amatller Chocolate Amattler 70% Cacao Ecuador 70g",
    "image_url": "https://cdn1.woolworths.media/content/wowproductimages/large/507794.jpg",
    "source_id": "Woolworths - 507794",
    "barcode": "8413907982805",
    "shop": "Woolworths",
    "weight": "100G",
    "prices": [
      {
        "state": "QLD",
        "price": "650",
        "price_per_unit": "929",
        "price_unit": "G"
      },
      {
        "state": "WA",
        "price": "650",
        "price_per_unit": "929",
        "price_unit": "G"
      },
      {
        "state": "SA",
        "price": "650",
        "price_per_unit": "929",
        "price_unit": "G"
      }
    ]
  },
  {
    "source_url": "https://www.woolworths.com.au/shop/productdetails/290013/bechtle-traditional-german-egg-noddles-spaetzle-bavarian-style",
    "name": "Bechtle Traditional German Egg Noddles Spaetzle Bavarian Style 500g",
    "image_url": "https://cdn1.woolworths.media/content/wowproductimages/large/290013.jpg",
    "source_id": "Woolworths - 290013",
    "barcode": "658842652460",
    "shop": "Woolworths",
    "weight": "100G",
    "prices": [
      {
        "state": "TAS",
        "price": "500",
        "price_per_unit": "100",
        "price_unit": "G"
      },
      {
        "state": "ACT",
        "price": "500",
        "price_per_unit": "100",
        "price_unit": "G"
      }
    ]
  },
  {
    "source_url": "https://www.woolworths.com.au/shop/productdetails/131483/blooker-cocao-powder",
    "name": "Blooker Cocao Powder 250G",
    "image_url": "https://cdn1.woolworths.media/content/wowproductimages/large/131483.jpg",
    "source_id": "Woolworths - 131483",
    "barcode": "8727500033094",
    "shop": "Woolworths",
    "weight": "100G",
    "prices": [
      {
        "state": "ACT",
        "price": "795",
        "price_per_unit": "318",
        "price_unit": "G"
      }
    ]
  },
  {
    "source_url": "https://www.woolworths.com.au/shop/productdetails/175473/heidis-european-foods-pfeffernusse-gingerbread",
    "name": "Heidis European Foods Pfeffernusse Gingerbread 200g",
    "image_url": "https://cdn1.woolworths.media/content/wowproductimages/large/175473.jpg",
    "source_id": "Woolworths - 175473",
    "barcode": "9313897812603",
    "shop": "Woolworths",
    "weight": "100G",
    "prices": [
      {
        "state": "TAS",
        "price": "440",
        "price_per_unit": "220",
        "price_unit": "G"
      },
      null
    ]
  },
  {
    "source_url": "https://www.woolworths.com.au/shop/productdetails/683743/kras-napolitanke-chocolate-cream-wafers",
    "name": "Kras Napolitanke Chocolate Cream Wafers 93g",
    "image_url": "https://cdn1.woolworths.media/content/wowproductimages/large/683743.jpg",
    "source_id": "Woolworths - 683743",
    "barcode": "3850102523382",
    "shop": "Woolworths",
    "weight": "100G",
    "prices": [
      {
        "state": "TAS",
        "price": "190",
        "price_per_unit": "204",
        "price_unit": "G"
      },
      {
        "state": "ACT",
        "price": "190",
        "price_per_unit": "204",
        "price_unit": "G"
      }
    ]
  },
  {
    "source_url": "https://www.woolworths.com.au/shop/productdetails/152292/kuhne-rotkohl-red-cabbage",
    "name": "Kuhne Rotkohl Red Cabbage 650G",
    "image_url": "https://cdn1.woolworths.media/content/wowproductimages/large/152292.jpg",
    "source_id": "Woolworths - 152292",
    "barcode": "40804002",
    "shop": "Woolworths",
    "weight": "100G",
    "prices": [
      {
        "state": "TAS",
        "price": "620",
        "price_per_unit": "95",
        "price_unit": "G"
      },
      {
        "state": "ACT",
        "price": "620",
        "price_per_unit": "95",
        "price_unit": "G"
      }
    ]
  },
  {
    "source_url": "https://www.woolworths.com.au/shop/productdetails/195014/marco-polo-gherkins-cocktail",
    "name": "Marco Polo Gherkins Cocktail 670g",
    "image_url": "https://cdn1.woolworths.media/content/wowproductimages/large/195014.jpg",
    "source_id": "Woolworths - 195014",
    "barcode": "9315248111205",
    "shop": "Woolworths",
    "weight": "100G",
    "prices": [
      {
        "state": "TAS",
        "price": "460",
        "price_per_unit": "69",
        "price_unit": "G"
      },
      {
        "state": "ACT",
        "price": "460",
        "price_per_unit": "69",
        "price_unit": "G"
      }
    ]
  },
  {
    "source_url": "https://www.woolworths.com.au/shop/productdetails/646350/the-dutch-company-honey-cake",
    "name": "The Dutch Company Honey Cake 400g",
    "image_url": "https://cdn1.woolworths.media/content/wowproductimages/large/646350.jpg",
    "source_id": "Woolworths - 646350",
    "barcode": "9336548006879",
    "shop": "Woolworths",
    "weight": "100G",
    "prices": [
      {
        "state": "TAS",
        "price": "625",
        "price_per_unit": "156",
        "price_unit": "G"
      }
    ]
  },
  {
    "source_url": "https://www.woolworths.com.au/shop/productdetails/41139/thomy-mild-mustard",
    "name": "Thomy Mild Mustard 265g",
    "image_url": "https://cdn1.woolworths.media/content/wowproductimages/large/041139.jpg",
    "source_id": "Woolworths - 41139",
    "barcode": "7613035909748",
    "shop": "Woolworths",
    "weight": "100G",
    "prices": [
      {
        "state": "TAS",
        "price": "300",
        "price_per_unit": "113",
        "price_unit": "G"
      }
    ]
  },
  {
    "source_url": "https://www.woolworths.com.au/shop/productdetails/786350/asiago-european-dried-porcini-mushrooms",
    "name": "Asiago European Dried Porcini Mushrooms 10g",
    "image_url": "https://cdn1.woolworths.media/content/wowproductimages/large/786350.jpg",
    "source_id": "Woolworths - 786350",
    "barcode": "8007213000041",
    "shop": "Woolworths",
    "weight": "100G",
    "prices": [
      {
        "state": "ACT",
        "price": "500",
        "price_per_unit": "5000",
        "price_unit": "G"
      }
    ]
  },
  {
    "source_url": "https://www.woolworths.com.au/shop/productdetails/646682/eurobisc-choc-croissant",
    "name": "Eurobisc Choc Croissant 300g",
    "image_url": "https://cdn1.woolworths.media/content/wowproductimages/large/646682.jpg",
    "source_id": "Woolworths - 646682",
    "barcode": "9336548000242",
    "shop": "Woolworths",
    "weight": "100G",
    "prices": [
      {
        "state": "ACT",
        "price": "800",
        "price_per_unit": "267",
        "price_unit": "G"
      }
    ]
  },
  {
    "source_url": "https://www.woolworths.com.au/shop/productdetails/151065/falcone-italian-soft-amaretti-with-pistachio",
    "name": "Falcone Italian Soft Amaretti With Pistachio 170G",
    "image_url": "https://cdn1.woolworths.media/content/wowproductimages/large/151065.jpg",
    "source_id": "Woolworths - 151065",
    "barcode": "8023696006356",
    "shop": "Woolworths",
    "weight": "100G",
    "prices": [
      {
        "state": "ACT",
        "price": "550",
        "price_per_unit": "324",
        "price_unit": "G"
      }
    ]
  },
  {
    "source_url": "https://www.woolworths.com.au/shop/productdetails/644003/mama-s-ajvar-veg-relish-hot",
    "name": "Mama's Ajvar Veg Relish Hot 290g",
    "image_url": "https://cdn1.woolworths.media/content/wowproductimages/large/644003.jpg",
    "source_id": "Woolworths - 644003",
    "barcode": "5310146002642",
    "shop": "Woolworths",
    "weight": "100G",
    "prices": [
      {
        "state": "ACT",
        "price": "850",
        "price_per_unit": "293",
        "price_unit": "G"
      }
    ]
  },
  {
    "source_url": "https://www.woolworths.com.au/shop/productdetails/86836/olympian-almond-crescents-kourambies-home-style-biscuits",
    "name": "Olympian Almond Crescents Kourambies Home Style Biscuits 250g",
    "image_url": "https://cdn1.woolworths.media/content/wowproductimages/large/086836.jpg",
    "source_id": "Woolworths - 86836",
    "barcode": "9327530000081",
    "shop": "Woolworths",
    "weight": "100G",
    "prices": [
      {
        "state": "ACT",
        "price": "650",
        "price_per_unit": "260",
        "price_unit": "G"
      }
    ]
  },
  {
    "source_url": "https://www.woolworths.com.au/shop/productdetails/152326/olympian-vanilla-twists-koulourakia",
    "name": "Olympian Vanilla Twists Koulourakia 250g",
    "image_url": "https://cdn1.woolworths.media/content/wowproductimages/large/152326.jpg",
    "source_id": "Woolworths - 152326",
    "barcode": "9327530000029",
    "shop": "Woolworths",
    "weight": "100G",
    "prices": [
      {
        "state": "ACT",
        "price": "440",
        "price_per_unit": "176",
        "price_unit": "G"
      }
    ]
  },
  {
    "source_url": "https://www.woolworths.com.au/shop/productdetails/88455/palirria-european-foods-baked-giant-beans",
    "name": "Palirria European Foods Baked Giant Beans 280g",
    "image_url": "https://cdn1.woolworths.media/content/wowproductimages/large/088455.jpg",
    "source_id": "Woolworths - 88455",
    "barcode": "5201119000164",
    "shop": "Woolworths",
    "weight": "100G",
    "prices": [
      {
        "state": "ACT",
        "price": "500",
        "price_per_unit": "179",
        "price_unit": "G"
      }
    ]
  },
  {
    "source_url": "https://www.woolworths.com.au/shop/productdetails/88454/palirria-european-stuffed-vine-leaves",
    "name": "Palirria European Stuffed Vine Leaves 280g",
    "image_url": "https://cdn1.woolworths.media/content/wowproductimages/large/088454.jpg",
    "source_id": "Woolworths - 88454",
    "barcode": "5201119000102",
    "shop": "Woolworths",
    "weight": "100G",
    "prices": [
      {
        "state": "ACT",
        "price": "550",
        "price_per_unit": "196",
        "price_unit": "G"
      }
    ]
  }
]