[
  {
    "source_url": "https://www.woolworths.com.au/shop/productdetails/68607/chimbote-dulce-de-leche-traditional",
    "name": "Chimbote Dulce De Leche Traditional 250g",
    "image_url": "https://cdn1.woolworths.media/content/wowproductimages/large/068607.jpg",
    "source_id": "Woolworths - 68607",
    "barcode": "3383670000165",
    "shop": "Woolworths",
    "weight": "100G",
    "prices": [
      {
        "state": "NSW",
        "price": "1100",
        "price_per_unit": "440",
        "price_unit": "G"
      },
      {
        "state": "SA",
        "price": "1100",
        "price_per_unit": "440",
        "price_unit": "G"
      },
      {
        "state": "TAS",
        "price": "1100",
        "price_per_unit": "440",
        "price_unit": "G"
      },
      {
        "state": "ACT",
        "price": "1100",
        "price_per_unit": "440",
        "price_unit": "G"
      }
    ]
  },
  {
    "source_url": "https://www.woolworths.com.au/shop/productdetails/87565/la-banderita-burrito-grande-flour-tortillas",
    "name": "La Banderita Burrito Grande Flour Tortillas 10 Pack",
    "image_url": "https://cdn1.woolworths.media/content/wowproductimages/large/087565.jpg",
    "source_id": "Woolworths - 87565",
    "barcode": "27331000363",
    "shop": "Woolworths",
    "weight": "100G",
    "prices": [
      {
        "state": "NSW",
        "price": "1000",
        "price_per_unit": "141",
        "price_unit": "G"
      },
      {
        "state": "ACT",
        "price": "1000",
        "price_per_unit": "141",
        "price_unit": "G"
      }
    ]
  },
  {
    "source_url": "https://www.woolworths.com.au/shop/productdetails/86433/la-banderita-flour-tortilla",
    "name": "La Banderita Flour Tortilla 20 Pack",
    "image_url": "https://cdn1.woolworths.media/content/wowproductimages/large/086433.jpg",
    "source_id": "Woolworths - 86433",
    "barcode": "27331000325",
    "shop": "Woolworths",
    "weight": "100G",
    "prices": [
      {
        "state": "NSW",
        "price": "1000",
        "price_per_unit": "156",
        "price_unit": "G"
      },
      {
        "state": "ACT",
        "price": "1000",
        "price_per_unit": "156",
        "price_unit": "G"
      }
    ]
  },
  {
    "source_url": "https://www.woolworths.com.au/shop/productdetails/86832/la-banderita-soft-taco-flour-tortillas",
    "name": "La Banderita Soft Taco Flour Tortillas 10 Pack",
    "image_url": "https://cdn1.woolworths.media/content/wowproductimages/large/086832.jpg",
    "source_id": "Woolworths - 86832",
    "barcode": "27331000332",
    "shop": "Woolworths",
    "weight": "100G",
    "prices": [
      {
        "state": "NSW",
        "price": "925",
        "price_per_unit": "204",
        "price_unit": "G"
      },
      {
        "state": "ACT",
        "price": "925",
        "price_per_unit": "204",
        "price_unit": "G"
      }
    ]
  },
  {
    "source_url": "https://www.woolworths.com.au/shop/productdetails/86321/la-banderita-street-taco",
    "name": "La Banderita Street Taco 20 Pack",
    "image_url": "https://cdn1.woolworths.media/content/wowproductimages/large/086321.jpg",
    "source_id": "Woolworths - 86321",
    "barcode": "27331001285",
    "shop": "Woolworths",
    "weight": "100G",
    "prices": [
      {
        "state": "NSW",
        "price": "750",
        "price_per_unit": "208",
        "price_unit": "G"
      },
      {
        "state": "ACT",
        "price": "750",
        "price_per_unit": "208",
        "price_unit": "G"
      }
    ]
  },
  {
    "source_url": "https://www.woolworths.com.au/shop/productdetails/1074032866/mccormick-original-taco-seasoning-mix-730g-x-2",
    "name": "McCormick Original Taco Seasoning Mix 730g x 2",
    "image_url": "https://cdn1.woolworths.media/content/wowproductimages/large/1074032866.jpg",
    "source_id": "Woolworths - 1074032866",
    "barcode": null,
    "shop": "Woolworths",
    "weight": "1EA",
    "prices": [
      {
        "state": "NSW",
        "price": "4499",
        "price_per_unit": "2250",
        "price_unit": "EA"
      },
      {
        "state": "VIC",
        "price": "4499",
        "price_per_unit": "2250",
        "price_unit": "EA"
      },
      {
        "state": "QLD",
        "price": "4499",
        "price_per_unit": "2250",
        "price_unit": "EA"
      },
      {
        "state": "WA",
        "price": "4499",
        "price_per_unit": "2250",
        "price_unit": "EA"
      },
      {
        "state": "SA",
        "price": "4499",
        "price_per_unit": "2250",
        "price_unit": "EA"
      },
      {
        "state": "TAS",
        "price": "4499",
        "price_per_unit": "2250",
        "price_unit": "EA"
      },
      {
        "state": "ACT",
        "price": "4499",
        "price_per_unit": "2250",
        "price_unit": "EA"
      },
      {
        "state": "NT",
        "price": "4499",
        "price_per_unit": "2250",
        "price_unit": "EA"
      }
    ]
  },
  {
    "source_url": "https://www.woolworths.com.au/shop/productdetails/728159/mission-corn-chips-cheesy-nachos",
    "name": "Mission Corn Chips Cheesy Nachos 230g",
    "image_url": "https://cdn1.woolworths.media/content/wowproductimages/large/728159.jpg",
    "source_id": "Woolworths - 728159",
    "barcode": "9317224401911",
    "shop": "Woolworths",
    "weight": "100G",
    "prices": [
      {
        "state": "NSW",
        "price": "450",
        "price_per_unit": "196",
        "price_unit": "G"
      },
      {
        "state": "VIC",
        "price": "450",
        "price_per_unit": "196",
        "price_unit": "G"
      },
      {
        "state": "QLD",
        "price": "450",
        "price_per_unit": "196",
        "price_unit": "G"
      },
      {
        "state": "WA",
        "price": "450",
        "price_per_unit": "196",
        "price_unit": "G"
      },
      {
        "state": "SA",
        "price": "450",
        "price_per_unit": "196",
        "price_unit": "G"
      },
      null,
      {
        "state": "ACT",
        "price": "450",
        "price_per_unit": "196",
        "price_unit": "G"
      },
      {
        "state": "NT",
        "price": "450",
        "price_per_unit": "196",
        "price_unit": "G"
      }
    ]
  },
  {
    "source_url": "https://www.woolworths.com.au/shop/productdetails/333915/mission-original-tortillas",
    "name": "Mission Original Tortillas 12 Pack",
    "image_url": "https://cdn1.woolworths.media/content/wowproductimages/large/333915.jpg",
    "source_id": "Woolworths - 333915",
    "barcode": "9317224400402",
    "shop": "Woolworths",
    "weight": "100G",
    "prices": [
      {
        "state": "NSW",
        "price": "450",
        "price_per_unit": "78",
        "price_unit": "G"
      },
      {
        "state": "VIC",
        "price": "450",
        "price_per_unit": "78",
        "price_unit": "G"
      },
      {
        "state": "QLD",
        "price": "450",
        "price_per_unit": "78",
        "price_unit": "G"
      },
      {
        "state": "WA",
        "price": "450",
        "price_per_unit": "78",
        "price_unit": "G"
      },
      {
        "state": "SA",
        "price": "450",
        "price_per_unit": "78",
        "price_unit": "G"
      },
      {
        "state": "TAS",
        "price": "450",
        "price_per_unit": "78",
        "price_unit": "G"
      },
      {
        "state": "ACT",
        "price": "450",
        "price_per_unit": "78",
        "price_unit": "G"
      },
      {
        "state": "NT",
        "price": "450",
        "price_per_unit": "78",
        "price_unit": "G"
      }
    ]
  },
  {
    "source_url": "https://www.woolworths.com.au/shop/productdetails/315482/mission-salt-reduced-tortillas",
    "name": "Mission Salt Reduced Tortillas 12 Pack",
    "image_url": "https://cdn1.woolworths.media/content/wowproductimages/large/315482.jpg",
    "source_id": "Woolworths - 315482",
    "barcode": "9305000010044",
    "shop": "Woolworths",
    "weight": "100G",
    "prices": [
      {
        "state": "NSW",
        "price": "450",
        "price_per_unit": "78",
        "price_unit": "G"
      },
      {
        "state": "VIC",
        "price": "450",
        "price_per_unit": "78",
        "price_unit": "G"
      },
      {
        "state": "QLD",
        "price": "450",
        "price_per_unit": "78",
        "price_unit": "G"
      },
      {
        "state": "WA",
        "price": "450",
        "price_per_unit": "78",
        "price_unit": "G"
      },
      {
        "state": "SA",
        "price": "450",
        "price_per_unit": "78",
        "price_unit": "G"
      },
      {
        "state": "TAS",
        "price": "450",
        "price_per_unit": "78",
        "price_unit": "G"
      },
      {
        "state": "ACT",
        "price": "450",
        "price_per_unit": "78",
        "price_unit": "G"
      },
      {
        "state": "NT",
        "price": "450",
        "price_per_unit": "78",
        "price_unit": "G"
      }
    ]
  },
  {
    "source_url": "https://www.woolworths.com.au/shop/productdetails/610345/mission-street-mini-tacos",
    "name": "Mission Street Mini Tacos 10 Pack",
    "image_url": "https://cdn1.woolworths.media/content/wowproductimages/large/610345.jpg",
    "source_id": "Woolworths - 610345",
    "barcode": "9317224403304",
    "shop": "Woolworths",
    "weight": "100G",
    "prices": [
      {
        "state": "NSW",
        "price": "440",
        "price_per_unit": "117",
        "price_unit": "G"
      },
      {
        "state": "VIC",
        "price": "440",
        "price_per_unit": "117",
        "price_unit": "G"
      },
      {
        "state": "QLD",
        "price": "440",
        "price_per_unit": "117",
        "price_unit": "G"
      },
      {
        "state": "WA",
        "price": "440",
        "price_per_unit": "117",
        "price_unit": "G"
      },
      {
        "state": "SA",
        "price": "440",
        "price_per_unit": "117",
        "price_unit": "G"
      },
      {
        "state": "TAS",
        "price": "440",
        "price_per_unit": "117",
        "price_unit": "G"
      },
      {
        "state": "ACT",
        "price": "440",
        "price_per_unit": "117",
        "price_unit": "G"
      },
      {
        "state": "NT",
        "price": "440",
        "price_per_unit": "117",
        "price_unit": "G"
      }
    ]
  },
  {
    "source_url": "https://www.woolworths.com.au/shop/productdetails/98778/old-el-paso-burrito-spice-mix-burrito-spice-mix",
    "name": "Old El Paso Burrito Spice Mix Burrito Spice Mix 40g",
    "image_url": "https://cdn1.woolworths.media/content/wowproductimages/large/098778.jpg",
    "source_id": "Woolworths - 98778",
    "barcode": "9300695002329",
    "shop": "Woolworths",
    "weight": "100G",
    "prices": [
      {
        "state": "NSW",
        "price": "300",
        "price_per_unit": "750",
        "price_unit": "G"
      },
      {
        "state": "VIC",
        "price": "300",
        "price_per_unit": "750",
        "price_unit": "G"
      },
      {
        "state": "QLD",
        "price": "300",
        "price_per_unit": "750",
        "price_unit": "G"
      },
      {
        "state": "WA",
        "price": "300",
        "price_per_unit": "750",
        "price_unit": "G"
      },
      {
        "state": "SA",
        "price": "300",
        "price_per_unit": "750",
        "price_unit": "G"
      },
      {
        "state": "TAS",
        "price": "300",
        "price_per_unit": "750",
        "price_unit": "G"
      },
      {
        "state": "ACT",
        "price": "300",
        "price_per_unit": "750",
        "price_unit": "G"
      },
      {
        "state": "NT",
        "price": "300",
        "price_per_unit": "750",
        "price_unit": "G"
      }
    ]
  },
  {
    "source_url": "https://www.woolworths.com.au/shop/productdetails/93445/old-el-paso-chili-con-carne-spice-mix-chilli-spice-mix",
    "name": "Old El Paso Chili Con Carne Spice Mix Chilli Spice Mix 35g",
    "image_url": "https://cdn1.woolworths.media/content/wowproductimages/large/093445.jpg",
    "source_id": "Woolworths - 93445",
    "barcode": "9300695001308",
    "shop": "Woolworths",
    "weight": "100G",
    "prices": [
      {
        "state": "NSW",
        "price": "300",
        "price_per_unit": "857",
        "price_unit": "G"
      },
      {
        "state": "VIC",
        "price": "300",
        "price_per_unit": "857",
        "price_unit": "G"
      },
      {
        "state": "QLD",
        "price": "300",
        "price_per_unit": "857",
        "price_unit": "G"
      },
      {
        "state": "WA",
        "price": "300",
        "price_per_unit": "857",
        "price_unit": "G"
      },
      {
        "state": "SA",
        "price": "300",
        "price_per_unit": "857",
        "price_unit": "G"
      },
      {
        "state": "TAS",
        "price": "300",
        "price_per_unit": "857",
        "price_unit": "G"
      },
      {
        "state": "ACT",
        "price": "300",
        "price_per_unit": "857",
        "price_unit": "G"
      },
      {
        "state": "NT",
        "price": "300",
        "price_per_unit": "857",
        "price_unit": "G"
      }
    ]
  },
  {
    "source_url": "https://www.woolworths.com.au/shop/productdetails/918147/old-el-paso-chunky-salsa-dip-medium",
    "name": "Old El Paso Chunky Salsa Dip Medium 312g",
    "image_url": "https://cdn1.woolworths.media/content/wowproductimages/large/918147.jpg",
    "source_id": "Woolworths - 918147",
    "barcode": "8410076422057",
    "shop": "Woolworths",
    "weight": "100G",
    "prices": [
      {
        "state": "NSW",
        "price": "500",
        "price_per_unit": "160",
        "price_unit": "G"
      },
      {
        "state": "VIC",
        "price": "500",
        "price_per_unit": "160",
        "price_unit": "G"
      },
      {
        "state": "QLD",
        "price": "500",
        "price_per_unit": "160",
        "price_unit": "G"
      },
      {
        "state": "WA",
        "price": "500",
        "price_per_unit": "160",
        "price_unit": "G"
      },
      {
        "state": "SA",
        "price": "500",
        "price_per_unit": "160",
        "price_unit": "G"
      },
      {
        "state": "TAS",
        "price": "500",
        "price_per_unit": "160",
        "price_unit": "G"
      },
      {
        "state": "ACT",
        "price": "500",
        "price_per_unit": "160",
        "price_unit": "G"
      },
      {
        "state": "NT",
        "price": "500",
        "price_per_unit": "160",
        "price_unit": "G"
      }
    ]
  },
  {
    "source_url": "https://www.woolworths.com.au/shop/productdetails/231416/old-el-paso-chunky-salsa-dip-mild-mild",
    "name": "Old El Paso Chunky Salsa Dip Mild Mild 312g",
    "image_url": "https://cdn1.woolworths.media/content/wowproductimages/large/231416.jpg",
    "source_id": "Woolworths - 231416",
    "barcode": "8410076421777",
    "shop": "Woolworths",
    "weight": "100G",
    "prices": [
      {
        "state": "NSW",
        "price": "500",
        "price_per_unit": "160",
        "price_unit": "G"
      },
      {
        "state": "VIC",
        "price": "500",
        "price_per_unit": "160",
        "price_unit": "G"
      },
      {
        "state": "QLD",
        "price": "500",
        "price_per_unit": "160",
        "price_unit": "G"
      },
      {
        "state": "WA",
        "price": "500",
        "price_per_unit": "160",
        "price_unit": "G"
      },
      {
        "state": "SA",
        "price": "500",
        "price_per_unit": "160",
        "price_unit": "G"
      },
      {
        "state": "TAS",
        "price": "500",
        "price_per_unit": "160",
        "price_unit": "G"
      },
      {
        "state": "ACT",
        "price": "500",
        "price_per_unit": "160",
        "price_unit": "G"
      },
      {
        "state": "NT",
        "price": "500",
        "price_per_unit": "160",
        "price_unit": "G"
      }
    ]
  },
  {
    "source_url": "https://www.woolworths.com.au/shop/productdetails/262265/old-el-paso-crispy-chicken-soft-taco-mexican-style",
    "name": "Old El Paso Crispy Chicken Soft Taco 370g",
    "image_url": "https://cdn1.woolworths.media/content/wowproductimages/large/262265.jpg",
    "source_id": "Woolworths - 262265",
    "barcode": "9300695008833",
    "shop": "Woolworths",
    "weight": "100G",
    "prices": [
      {
        "state": "NSW",
        "price": "850",
        "price_per_unit": "230",
        "price_unit": "G"
      },
      {
        "state": "VIC",
        "price": "850",
        "price_per_unit": "230",
        "price_unit": "G"
      },
      {
        "state": "QLD",
        "price": "850",
        "price_per_unit": "230",
        "price_unit": "G"
      },
      {
        "state": "WA",
        "price": "850",
        "price_per_unit": "230",
        "price_unit": "G"
      },
      {
        "state": "SA",
        "price": "850",
        "price_per_unit": "230",
        "price_unit": "G"
      },
      {
        "state": "TAS",
        "price": "850",
        "price_per_unit": "230",
        "price_unit": "G"
      },
      {
        "state": "ACT",
        "price": "850",
        "price_per_unit": "230",
        "price_unit": "G"
      },
      {
        "state": "NT",
        "price": "850",
        "price_per_unit": "230",
        "price_unit": "G"
      }
    ]
  },
  {
    "source_url": "https://www.woolworths.com.au/shop/productdetails/362697/old-el-paso-crispy-chicken-spice-mix-mexican-style",
    "name": "Old El Paso Crispy Chicken Spice Mix 35g",
    "image_url": "https://cdn1.woolworths.media/content/wowproductimages/large/362697.jpg",
    "source_id": "Woolworths - 362697",
    "barcode": "9300695005252",
    "shop": "Woolworths",
    "weight": "100G",
    "prices": [
      {
        "state": "NSW",
        "price": "300",
        "price_per_unit": "857",
        "price_unit": "G"
      },
      {
        "state": "VIC",
        "price": "300",
        "price_per_unit": "857",
        "price_unit": "G"
      },
      {
        "state": "QLD",
        "price": "300",
        "price_per_unit": "857",
        "price_unit": "G"
      },
      {
        "state": "WA",
        "price": "300",
        "price_per_unit": "857",
        "price_unit": "G"
      },
      {
        "state": "SA",
        "price": "300",
        "price_per_unit": "857",
        "price_unit": "G"
      },
      {
        "state": "TAS",
        "price": "300",
        "price_per_unit": "857",
        "price_unit": "G"
      },
      {
        "state": "ACT",
        "price": "300",
        "price_per_unit": "857",
        "price_unit": "G"
      },
      {
        "state": "NT",
        "price": "300",
        "price_per_unit": "857",
        "price_unit": "G"
      }
    ]
  },
  {
    "source_url": "https://www.woolworths.com.au/shop/productdetails/31429/old-el-paso-enchilada-dinner-kit",
    "name": "Old El Paso Enchilada Dinner Kit 520g",
    "image_url": "https://cdn1.woolworths.media/content/wowproductimages/large/031429.jpg",
    "source_id": "Woolworths - 31429",
    "barcode": "9300695008826",
    "shop": "Woolworths",
    "weight": "100G",
    "prices": [
      {
        "state": "NSW",
        "price": "850",
        "price_per_unit": "163",
        "price_unit": "G"
      },
      {
        "state": "VIC",
        "price": "850",
        "price_per_unit": "163",
        "price_unit": "G"
      },
      {
        "state": "QLD",
        "price": "850",
        "price_per_unit": "163",
        "price_unit": "G"
      },
      {
        "state": "WA",
        "price": "850",
        "price_per_unit": "163",
        "price_unit": "G"
      },
      {
        "state": "SA",
        "price": "850",
        "price_per_unit": "163",
        "price_unit": "G"
      },
      {
        "state": "TAS",
        "price": "850",
        "price_per_unit": "163",
        "price_unit": "G"
      },
      {
        "state": "ACT",
        "price": "850",
        "price_per_unit": "163",
        "price_unit": "G"
      },
      {
        "state": "NT",
        "price": "850",
        "price_per_unit": "163",
        "price_unit": "G"
      }
    ]
  },
  {
    "source_url": "https://www.woolworths.com.au/shop/productdetails/248679/old-el-paso-fajita-spice-mix-mexican-style",
    "name": "Old El Paso Fajita Spice Mix Mexican Style 40g",
    "image_url": "https://cdn1.woolworths.media/content/wowproductimages/large/248679.jpg",
    "source_id": "Woolworths - 248679",
    "barcode": "9300695004279",
    "shop": "Woolworths",
    "weight": "100G",
    "prices": [
      {
        "state": "NSW",
        "price": "300",
        "price_per_unit": "750",
        "price_unit": "G"
      },
      {
        "state": "VIC",
        "price": "300",
        "price_per_unit": "750",
        "price_unit": "G"
      },
      {
        "state": "QLD",
        "price": "300",
        "price_per_unit": "750",
        "price_unit": "G"
      },
      {
        "state": "WA",
        "price": "300",
        "price_per_unit": "750",
        "price_unit": "G"
      },
      {
        "state": "SA",
        "price": "300",
        "price_per_unit": "750",
        "price_unit": "G"
      },
      {
        "state": "TAS",
        "price": "300",
        "price_per_unit": "750",
        "price_unit": "G"
      },
      {
        "state": "ACT",
        "price": "300",
        "price_per_unit": "750",
        "price_unit": "G"
      },
      {
        "state": "NT",
        "price": "300",
        "price_per_unit": "750",
        "price_unit": "G"
      }
    ]
  },
  {
    "source_url": "https://www.woolworths.com.au/shop/productdetails/67866/old-el-paso-fajita-tortilla-wraps",
    "name": "Old El Paso Fajita Tortilla Wraps 10 pack",
    "image_url": "https://cdn1.woolworths.media/content/wowproductimages/large/067866.jpg",
    "source_id": "Woolworths - 67866",
    "barcode": "9300695009182",
    "shop": "Woolworths",
    "weight": "100G",
    "prices": [
      {
        "state": "NSW",
        "price": "385",
        "price_per_unit": "96",
        "price_unit": "G"
      },
      {
        "state": "VIC",
        "price": "385",
        "price_per_unit": "96",
        "price_unit": "G"
      },
      {
        "state": "QLD",
        "price": "385",
        "price_per_unit": "96",
        "price_unit": "G"
      },
      {
        "state": "WA",
        "price": "385",
        "price_per_unit": "96",
        "price_unit": "G"
      },
      {
        "state": "SA",
        "price": "385",
        "price_per_unit": "96",
        "price_unit": "G"
      },
      {
        "state": "TAS",
        "price": "550",
        "price_per_unit": "138",
        "price_unit": "G"
      },
      {
        "state": "ACT",
        "price": "550",
        "price_per_unit": "138",
        "price_unit": "G"
      },
      {
        "state": "NT",
        "price": "550",
        "price_per_unit": "138",
        "price_unit": "G"
      }
    ]
  },
  {
    "source_url": "https://www.woolworths.com.au/shop/productdetails/85730/old-el-paso-fajita-tortilla-wraps",
    "name": "Old El Paso Fajita Tortilla Wraps 6 pack",
    "image_url": "https://cdn1.woolworths.media/content/wowproductimages/large/085730.jpg",
    "source_id": "Woolworths - 85730",
    "barcode": "9300695009199",
    "shop": "Woolworths",
    "weight": "100G",
    "prices": [
      {
        "state": "NSW",
        "price": "450",
        "price_per_unit": "188",
        "price_unit": "G"
      },
      {
        "state": "VIC",
        "price": "450",
        "price_per_unit": "188",
        "price_unit": "G"
      },
      {
        "state": "QLD",
        "price": "450",
        "price_per_unit": "188",
        "price_unit": "G"
      },
      {
        "state": "WA",
        "price": "450",
        "price_per_unit": "188",
        "price_unit": "G"
      },
      {
        "state": "SA",
        "price": "450",
        "price_per_unit": "188",
        "price_unit": "G"
      },
      {
        "state": "TAS",
        "price": "450",
        "price_per_unit": "188",
        "price_unit": "G"
      },
      {
        "state": "ACT",
        "price": "450",
        "price_per_unit": "188",
        "price_unit": "G"
      },
      {
        "state": "NT",
        "price": "475",
        "price_per_unit": "198",
        "price_unit": "G"
      }
    ]
  },
  {
    "source_url": "https://www.woolworths.com.au/shop/productdetails/379648/old-el-paso-guacamole-spice-mix-spice-mix",
    "name": "Old El Paso Guacamole Spice Mix Spice Mix 30g",
    "image_url": "https://cdn1.woolworths.media/content/wowproductimages/large/379648.jpg",
    "source_id": "Woolworths - 379648",
    "barcode": "9300695005450",
    "shop": "Woolworths",
    "weight": "100G",
    "prices": [
      {
        "state": "NSW",
        "price": "300",
        "price_per_unit": "1000",
        "price_unit": "G"
      },
      {
        "state": "VIC",
        "price": "300",
        "price_per_unit": "1000",
        "price_unit": "G"
      },
      {
        "state": "QLD",
        "price": "300",
        "price_per_unit": "1000",
        "price_unit": "G"
      },
      {
        "state": "WA",
        "price": "300",
        "price_per_unit": "1000",
        "price_unit": "G"
      },
      {
        "state": "SA",
        "price": "300",
        "price_per_unit": "1000",
        "price_unit": "G"
      },
      {
        "state": "TAS",
        "price": "300",
        "price_per_unit": "1000",
        "price_unit": "G"
      },
      {
        "state": "ACT",
        "price": "300",
        "price_per_unit": "1000",
        "price_unit": "G"
      },
      {
        "state": "NT",
        "price": "300",
        "price_per_unit": "1000",
        "price_unit": "G"
      }
    ]
  },
  {
    "source_url": "https://www.woolworths.com.au/shop/productdetails/251433/old-el-paso-hard-n-soft-taco-kit-mexican-style",
    "name": "Old El Paso Hard 'n Soft Taco Kit Mexican Style 350g",
    "image_url": "https://cdn1.woolworths.media/content/wowproductimages/large/251433.jpg",
    "source_id": "Woolworths - 251433",
    "barcode": "9300695008840",
    "shop": "Woolworths",
    "weight": "100G",
    "prices": [
      {
        "state": "NSW",
        "price": "950",
        "price_per_unit": "271",
        "price_unit": "G"
      },
      {
        "state": "VIC",
        "price": "950",
        "price_per_unit": "271",
        "price_unit": "G"
      },
      {
        "state": "QLD",
        "price": "950",
        "price_per_unit": "271",
        "price_unit": "G"
      },
      {
        "state": "WA",
        "price": "950",
        "price_per_unit": "271",
        "price_unit": "G"
      },
      {
        "state": "SA",
        "price": "950",
        "price_per_unit": "271",
        "price_unit": "G"
      },
      {
        "state": "TAS",
        "price": "950",
        "price_per_unit": "271",
        "price_unit": "G"
      },
      {
        "state": "ACT",
        "price": "950",
        "price_per_unit": "271",
        "price_unit": "G"
      },
      {
        "state": "NT",
        "price": "950",
        "price_per_unit": "271",
        "price_unit": "G"
      }
    ]
  },
  {
    "source_url": "https://www.woolworths.com.au/shop/productdetails/210693/old-el-paso-jumbo-taco-kit-mexican-style-taco-kit",
    "name": "Old El Paso Jumbo Taco Kit Mexican Style Taco Kit 345g",
    "image_url": "https://cdn1.woolworths.media/content/wowproductimages/large/210693.jpg",
    "source_id": "Woolworths - 210693",
    "barcode": "9300695003739",
    "shop": "Woolworths",
    "weight": "100G",
    "prices": [
      {
        "state": "NSW",
        "price": "950",
        "price_per_unit": "275",
        "price_unit": "G"
      },
      {
        "state": "VIC",
        "price": "950",
        "price_per_unit": "275",
        "price_unit": "G"
      },
      {
        "state": "QLD",
        "price": "950",
        "price_per_unit": "275",
        "price_unit": "G"
      },
      {
        "state": "WA",
        "price": "950",
        "price_per_unit": "275",
        "price_unit": "G"
      },
      {
        "state": "SA",
        "price": "950",
        "price_per_unit": "275",
        "price_unit": "G"
      },
      {
        "state": "TAS",
        "price": "950",
        "price_per_unit": "275",
        "price_unit": "G"
      },
      {
        "state": "ACT",
        "price": "950",
        "price_per_unit": "275",
        "price_unit": "G"
      },
      {
        "state": "NT",
        "price": "950",
        "price_per_unit": "275",
        "price_unit": "G"
      }
    ]
  },
  {
    "source_url": "https://www.woolworths.com.au/shop/productdetails/248677/old-el-paso-mini-taco-tortilla-wraps",
    "name": "Old El Paso Mini Taco Tortilla Wraps 10 pack",
    "image_url": "https://cdn1.woolworths.media/content/wowproductimages/large/248677.jpg",
    "source_id": "Woolworths - 248677",
    "barcode": "9300695009205",
    "shop": "Woolworths",
    "weight": "100G",
    "prices": [
      {
        "state": "NSW",
        "price": "500",
        "price_per_unit": "200",
        "price_unit": "G"
      },
      {
        "state": "VIC",
        "price": "500",
        "price_per_unit": "200",
        "price_unit": "G"
      },
      {
        "state": "QLD",
        "price": "500",
        "price_per_unit": "200",
        "price_unit": "G"
      },
      {
        "state": "WA",
        "price": "500",
        "price_per_unit": "200",
        "price_unit": "G"
      },
      {
        "state": "SA",
        "price": "500",
        "price_per_unit": "200",
        "price_unit": "G"
      },
      {
        "state": "TAS",
        "price": "500",
        "price_per_unit": "200",
        "price_unit": "G"
      },
      {
        "state": "ACT",
        "price": "500",
        "price_per_unit": "200",
        "price_unit": "G"
      },
      {
        "state": "NT",
        "price": "500",
        "price_per_unit": "200",
        "price_unit": "G"
      }
    ]
  },
  {
    "source_url": "https://www.woolworths.com.au/shop/productdetails/929746/old-el-paso-nachips-tortilla-corn-chips-cheese-flavoured",
    "name": "Old El Paso Nachips Tortilla Corn Chips Cheese Flavoured 350g",
    "image_url": "https://cdn1.woolworths.media/content/wowproductimages/large/929746.jpg",
    "source_id": "Woolworths - 929746",
    "barcode": "8410076483225",
    "shop": "Woolworths",
    "weight": "100G",
    "prices": [
      {
        "state": "NSW",
        "price": "695",
        "price_per_unit": "199",
        "price_unit": "G"
      },
      {
        "state": "VIC",
        "price": "695",
        "price_per_unit": "199",
        "price_unit": "G"
      },
      {
        "state": "QLD",
        "price": "695",
        "price_per_unit": "199",
        "price_unit": "G"
      },
      {
        "state": "WA",
        "price": "695",
        "price_per_unit": "199",
        "price_unit": "G"
      },
      {
        "state": "SA",
        "price": "695",
        "price_per_unit": "199",
        "price_unit": "G"
      },
      {
        "state": "TAS",
        "price": "695",
        "price_per_unit": "199",
        "price_unit": "G"
      },
      {
        "state": "ACT",
        "price": "695",
        "price_per_unit": "199",
        "price_unit": "G"
      },
      {
        "state": "NT",
        "price": "695",
        "price_per_unit": "199",
        "price_unit": "G"
      }
    ]
  },
  {
    "source_url": "https://www.woolworths.com.au/shop/productdetails/924092/old-el-paso-nachips-tortilla-corn-chips-original",
    "name": "Old El Paso Nachips Tortilla Corn Chips Original 350g",
    "image_url": "https://cdn1.woolworths.media/content/wowproductimages/large/924092.jpg",
    "source_id": "Woolworths - 924092",
    "barcode": "8410076483201",
    "shop": "Woolworths",
    "weight": "100G",
    "prices": [
      {
        "state": "NSW",
        "price": "695",
        "price_per_unit": "199",
        "price_unit": "G"
      },
      {
        "state": "VIC",
        "price": "695",
        "price_per_unit": "199",
        "price_unit": "G"
      },
      {
        "state": "QLD",
        "price": "695",
        "price_per_unit": "199",
        "price_unit": "G"
      },
      {
        "state": "WA",
        "price": "695",
        "price_per_unit": "199",
        "price_unit": "G"
      },
      {
        "state": "SA",
        "price": "695",
        "price_per_unit": "199",
        "price_unit": "G"
      },
      {
        "state": "TAS",
        "price": "695",
        "price_per_unit": "199",
        "price_unit": "G"
      },
      {
        "state": "ACT",
        "price": "695",
        "price_per_unit": "199",
        "price_unit": "G"
      },
      {
        "state": "NT",
        "price": "695",
        "price_per_unit": "199",
        "price_unit": "G"
      }
    ]
  },
  {
    "source_url": "https://www.woolworths.com.au/shop/productdetails/65084/old-el-paso-nachos-salsa-topping-mild-mild",
    "name": "Old El Paso Nachos Salsa Topping Mild Mild 390g",
    "image_url": "https://cdn1.woolworths.media/content/wowproductimages/large/065084.jpg",
    "source_id": "Woolworths - 65084",
    "barcode": "9300695001599",
    "shop": "Woolworths",
    "weight": "100G",
    "prices": [
      {
        "state": "NSW",
        "price": "600",
        "price_per_unit": "154",
        "price_unit": "G"
      },
      {
        "state": "VIC",
        "price": "600",
        "price_per_unit": "154",
        "price_unit": "G"
      },
      {
        "state": "QLD",
        "price": "600",
        "price_per_unit": "154",
        "price_unit": "G"
      },
      {
        "state": "WA",
        "price": "600",
        "price_per_unit": "154",
        "price_unit": "G"
      },
      {
        "state": "SA",
        "price": "600",
        "price_per_unit": "154",
        "price_unit": "G"
      },
      {
        "state": "TAS",
        "price": "600",
        "price_per_unit": "154",
        "price_unit": "G"
      },
      {
        "state": "ACT",
        "price": "600",
        "price_per_unit": "154",
        "price_unit": "G"
      },
      {
        "state": "NT",
        "price": "600",
        "price_per_unit": "154",
        "price_unit": "G"
      }
    ]
  },
  {
    "source_url": "https://www.woolworths.com.au/shop/productdetails/88192/old-el-paso-nachos-spice-mix",
    "name": "Old El Paso Nachos Spice Mix 35g",
    "image_url": "https://cdn1.woolworths.media/content/wowproductimages/large/088192.jpg",
    "source_id": "Woolworths - 88192",
    "barcode": "9300695008741",
    "shop": "Woolworths",
    "weight": "100G",
    "prices": [
      {
        "state": "NSW",
        "price": "300",
        "price_per_unit": "857",
        "price_unit": "G"
      },
      {
        "state": "VIC",
        "price": "300",
        "price_per_unit": "857",
        "price_unit": "G"
      },
      {
        "state": "QLD",
        "price": "300",
        "price_per_unit": "857",
        "price_unit": "G"
      },
      {
        "state": "WA",
        "price": "300",
        "price_per_unit": "857",
        "price_unit": "G"
      },
      {
        "state": "SA",
        "price": "300",
        "price_per_unit": "857",
        "price_unit": "G"
      },
      {
        "state": "TAS",
        "price": "300",
        "price_per_unit": "857",
        "price_unit": "G"
      },
      {
        "state": "ACT",
        "price": "300",
        "price_per_unit": "857",
        "price_unit": "G"
      },
      {
        "state": "NT",
        "price": "300",
        "price_per_unit": "857",
        "price_unit": "G"
      }
    ]
  },
  {
    "source_url": "https://www.woolworths.com.au/shop/productdetails/65083/old-el-paso-reduced-salt-taco-spice-mix-taco-spice-mix",
    "name": "Old El Paso Reduced Salt Taco Spice Mix Taco Spice Mix 30g",
    "image_url": "https://cdn1.woolworths.media/content/wowproductimages/large/065083.jpg",
    "source_id": "Woolworths - 65083",
    "barcode": "9300695001681",
    "shop": "Woolworths",
    "weight": "100G",
    "prices": [
      {
        "state": "NSW",
        "price": "300",
        "price_per_unit": "1000",
        "price_unit": "G"
      },
      {
        "state": "VIC",
        "price": "300",
        "price_per_unit": "1000",
        "price_unit": "G"
      },
      {
        "state": "QLD",
        "price": "300",
        "price_per_unit": "1000",
        "price_unit": "G"
      },
      {
        "state": "WA",
        "price": "300",
        "price_per_unit": "1000",
        "price_unit": "G"
      },
      {
        "state": "SA",
        "price": "300",
        "price_per_unit": "1000",
        "price_unit": "G"
      },
      {
        "state": "TAS",
        "price": "300",
        "price_per_unit": "1000",
        "price_unit": "G"
      },
      {
        "state": "ACT",
        "price": "300",
        "price_per_unit": "1000",
        "price_unit": "G"
      },
      {
        "state": "NT",
        "price": "300",
        "price_per_unit": "1000",
        "price_unit": "G"
      }
    ]
  },
  {
    "source_url": "https://www.woolworths.com.au/shop/productdetails/187333/old-el-paso-refried-beans",
    "name": "Old El Paso Refried Beans 435g",
    "image_url": "https://cdn1.woolworths.media/content/wowproductimages/large/187333.jpg",
    "source_id": "Woolworths - 187333",
    "barcode": "9300695002824",
    "shop": "Woolworths",
    "weight": "100G",
    "prices": [
      {
        "state": "NSW",
        "price": "450",
        "price_per_unit": "103",
        "price_unit": "G"
      },
      {
        "state": "VIC",
        "price": "450",
        "price_per_unit": "103",
        "price_unit": "G"
      },
      {
        "state": "QLD",
        "price": "450",
        "price_per_unit": "103",
        "price_unit": "G"
      },
      {
        "state": "WA",
        "price": "450",
        "price_per_unit": "103",
        "price_unit": "G"
      },
      {
        "state": "SA",
        "price": "450",
        "price_per_unit": "103",
        "price_unit": "G"
      },
      {
        "state": "TAS",
        "price": "450",
        "price_per_unit": "103",
        "price_unit": "G"
      },
      {
        "state": "ACT",
        "price": "450",
        "price_per_unit": "103",
        "price_unit": "G"
      },
      {
        "state": "NT",
        "price": "450",
        "price_per_unit": "103",
        "price_unit": "G"
      }
    ]
  },
  {
    "source_url": "https://www.woolworths.com.au/shop/productdetails/2037/old-el-paso-soft-taco-dinner-kit-mexican-style",
    "name": "Old El Paso Soft Taco Dinner Kit Mexican Style 405g",
    "image_url": "https://cdn1.woolworths.media/content/wowproductimages/large/002037.jpg",
    "source_id": "Woolworths - 2037",
    "barcode": "9300695008802",
    "shop": "Woolworths",
    "weight": "100G",
    "prices": [
      {
        "state": "NSW",
        "price": "850",
        "price_per_unit": "210",
        "price_unit": "G"
      },
      {
        "state": "VIC",
        "price": "850",
        "price_per_unit": "210",
        "price_unit": "G"
      },
      {
        "state": "QLD",
        "price": "850",
        "price_per_unit": "210",
        "price_unit": "G"
      },
      {
        "state": "WA",
        "price": "850",
        "price_per_unit": "210",
        "price_unit": "G"
      },
      {
        "state": "SA",
        "price": "850",
        "price_per_unit": "210",
        "price_unit": "G"
      },
      {
        "state": "TAS",
        "price": "850",
        "price_per_unit": "210",
        "price_unit": "G"
      },
      {
        "state": "ACT",
        "price": "850",
        "price_per_unit": "210",
        "price_unit": "G"
      },
      {
        "state": "NT",
        "price": "850",
        "price_per_unit": "210",
        "price_unit": "G"
      }
    ]
  },
  {
    "source_url": "https://www.woolworths.com.au/shop/productdetails/228154/old-el-paso-stand-n-stuff-taco-kit-mexican-style",
    "name": "Old El Paso Stand 'n Stuff Taco Kit Mexican Style 295g",
    "image_url": "https://cdn1.woolworths.media/content/wowproductimages/large/228154.jpg",
    "source_id": "Woolworths - 228154",
    "barcode": "9300695003975",
    "shop": "Woolworths",
    "weight": "100G",
    "prices": [
      {
        "state": "NSW",
        "price": "950",
        "price_per_unit": "322",
        "price_unit": "G"
      },
      {
        "state": "VIC",
        "price": "950",
        "price_per_unit": "322",
        "price_unit": "G"
      },
      {
        "state": "QLD",
        "price": "950",
        "price_per_unit": "322",
        "price_unit": "G"
      },
      {
        "state": "WA",
        "price": "950",
        "price_per_unit": "322",
        "price_unit": "G"
      },
      {
        "state": "SA",
        "price": "950",
        "price_per_unit": "322",
        "price_unit": "G"
      },
      {
        "state": "TAS",
        "price": "950",
        "price_per_unit": "322",
        "price_unit": "G"
      },
      {
        "state": "ACT",
        "price": "950",
        "price_per_unit": "322",
        "price_unit": "G"
      },
      {
        "state": "NT",
        "price": "950",
        "price_per_unit": "322",
        "price_unit": "G"
      }
    ]
  },
  {
    "source_url": "https://www.woolworths.com.au/shop/productdetails/787275/old-el-paso-stand-n-stuff-tortilla-fajitas",
    "name": "Old El Paso Stand 'n Stuff Tortilla Fajitas 8 Pack",
    "image_url": "https://cdn1.woolworths.media/content/wowproductimages/large/787275.jpg",
    "source_id": "Woolworths - 787275",
    "barcode": "8410076472137",
    "shop": "Woolworths",
    "weight": "100G",
    "prices": [
      {
        "state": "NSW",
        "price": "600",
        "price_per_unit": "311",
        "price_unit": "G"
      },
      {
        "state": "VIC",
        "price": "600",
        "price_per_unit": "311",
        "price_unit": "G"
      },
      {
        "state": "QLD",
        "price": "600",
        "price_per_unit": "311",
        "price_unit": "G"
      },
      {
        "state": "WA",
        "price": "600",
        "price_per_unit": "311",
        "price_unit": "G"
      },
      {
        "state": "SA",
        "price": "600",
        "price_per_unit": "311",
        "price_unit": "G"
      },
      {
        "state": "TAS",
        "price": "600",
        "price_per_unit": "311",
        "price_unit": "G"
      },
      {
        "state": "ACT",
        "price": "600",
        "price_per_unit": "311",
        "price_unit": "G"
      },
      {
        "state": "NT",
        "price": "600",
        "price_per_unit": "311",
        "price_unit": "G"
      }
    ]
  },
  {
    "source_url": "https://www.woolworths.com.au/shop/productdetails/93442/old-el-paso-taco-sauce-mild-taco-sauce",
    "name": "Old El Paso Taco Sauce Mild Taco Sauce 200g",
    "image_url": "https://cdn1.woolworths.media/content/wowproductimages/large/093442.jpg",
    "source_id": "Woolworths - 93442",
    "barcode": "9300695001384",
    "shop": "Woolworths",
    "weight": "100G",
    "prices": [
      {
        "state": "NSW",
        "price": "450",
        "price_per_unit": "225",
        "price_unit": "G"
      },
      {
        "state": "VIC",
        "price": "450",
        "price_per_unit": "225",
        "price_unit": "G"
      },
      {
        "state": "QLD",
        "price": "450",
        "price_per_unit": "225",
        "price_unit": "G"
      },
      {
        "state": "WA",
        "price": "450",
        "price_per_unit": "225",
        "price_unit": "G"
      },
      {
        "state": "SA",
        "price": "450",
        "price_per_unit": "225",
        "price_unit": "G"
      },
      {
        "state": "TAS",
        "price": "450",
        "price_per_unit": "225",
        "price_unit": "G"
      },
      {
        "state": "ACT",
        "price": "450",
        "price_per_unit": "225",
        "price_unit": "G"
      },
      {
        "state": "NT",
        "price": "450",
        "price_per_unit": "225",
        "price_unit": "G"
      }
    ]
  },
  {
    "source_url": "https://www.woolworths.com.au/shop/productdetails/93454/old-el-paso-taco-shells-original-regular-crunchy",
    "name": "Old El Paso Taco Shells Original 12 pack",
    "image_url": "https://cdn1.woolworths.media/content/wowproductimages/large/093454.jpg",
    "source_id": "Woolworths - 93454",
    "barcode": "9300695001247",
    "shop": "Woolworths",
    "weight": "100G",
    "prices": [
      {
        "state": "NSW",
        "price": "400",
        "price_per_unit": "296",
        "price_unit": "G"
      },
      {
        "state": "VIC",
        "price": "400",
        "price_per_unit": "296",
        "price_unit": "G"
      },
      {
        "state": "QLD",
        "price": "400",
        "price_per_unit": "296",
        "price_unit": "G"
      },
      {
        "state": "WA",
        "price": "400",
        "price_per_unit": "296",
        "price_unit": "G"
      },
      {
        "state": "SA",
        "price": "400",
        "price_per_unit": "296",
        "price_unit": "G"
      },
      {
        "state": "TAS",
        "price": "450",
        "price_per_unit": "333",
        "price_unit": "G"
      },
      {
        "state": "ACT",
        "price": "450",
        "price_per_unit": "333",
        "price_unit": "G"
      },
      null
    ]
  },
  {
    "source_url": "https://www.woolworths.com.au/shop/productdetails/169527/old-el-paso-taco-spice-mix-extra-mild",
    "name": "Old El Paso Taco Spice Mix Extra Mild 30g",
    "image_url": "https://cdn1.woolworths.media/content/wowproductimages/large/169527.jpg",
    "source_id": "Woolworths - 169527",
    "barcode": "9300695008932",
    "shop": "Woolworths",
    "weight": "100G",
    "prices": [
      {
        "state": "NSW",
        "price": "300",
        "price_per_unit": "1000",
        "price_unit": "G"
      },
      {
        "state": "VIC",
        "price": "300",
        "price_per_unit": "1000",
        "price_unit": "G"
      },
      {
        "state": "QLD",
        "price": "300",
        "price_per_unit": "1000",
        "price_unit": "G"
      },
      {
        "state": "WA",
        "price": "300",
        "price_per_unit": "1000",
        "price_unit": "G"
      },
      {
        "state": "SA",
        "price": "300",
        "price_per_unit": "1000",
        "price_unit": "G"
      },
      {
        "state": "TAS",
        "price": "300",
        "price_per_unit": "1000",
        "price_unit": "G"
      },
      {
        "state": "ACT",
        "price": "300",
        "price_per_unit": "1000",
        "price_unit": "G"
      },
      {
        "state": "NT",
        "price": "300",
        "price_per_unit": "1000",
        "price_unit": "G"
      }
    ]
  },
  {
    "source_url": "https://www.woolworths.com.au/shop/productdetails/231887/old-el-paso-taco-spice-mix-lime-jalapeno",
    "name": "Old El Paso Taco Spice Mix Lime & Jalapeno 30g",
    "image_url": "https://cdn1.woolworths.media/content/wowproductimages/large/231887.jpg",
    "source_id": "Woolworths - 231887",
    "barcode": "9300695009137",
    "shop": "Woolworths",
    "weight": "100G",
    "prices": [
      {
        "state": "NSW",
        "price": "300",
        "price_per_unit": "1000",
        "price_unit": "G"
      },
      {
        "state": "VIC",
        "price": "300",
        "price_per_unit": "1000",
        "price_unit": "G"
      },
      {
        "state": "QLD",
        "price": "300",
        "price_per_unit": "1000",
        "price_unit": "G"
      },
      {
        "state": "WA",
        "price": "300",
        "price_per_unit": "1000",
        "price_unit": "G"
      },
      {
        "state": "SA",
        "price": "300",
        "price_per_unit": "1000",
        "price_unit": "G"
      },
      {
        "state": "TAS",
        "price": "300",
        "price_per_unit": "1000",
        "price_unit": "G"
      },
      {
        "state": "ACT",
        "price": "300",
        "price_per_unit": "1000",
        "price_unit": "G"
      },
      {
        "state": "NT",
        "price": "300",
        "price_per_unit": "1000",
        "price_unit": "G"
      }
    ]
  },
  {
    "source_url": "https://www.woolworths.com.au/shop/productdetails/93444/old-el-paso-taco-spice-mix-taco-spice-mix",
    "name": "Old El Paso Taco Spice Mix Taco Spice Mix 30g",
    "image_url": "https://cdn1.woolworths.media/content/wowproductimages/large/093444.jpg",
    "source_id": "Woolworths - 93444",
    "barcode": "9300695001285",
    "shop": "Woolworths",
    "weight": "100G",
    "prices": [
      {
        "state": "NSW",
        "price": "300",
        "price_per_unit": "1000",
        "price_unit": "G"
      },
      {
        "state": "VIC",
        "price": "300",
        "price_per_unit": "1000",
        "price_unit": "G"
      },
      {
        "state": "QLD",
        "price": "300",
        "price_per_unit": "1000",
        "price_unit": "G"
      },
      {
        "state": "WA",
        "price": "300",
        "price_per_unit": "1000",
        "price_unit": "G"
      },
      {
        "state": "SA",
        "price": "300",
        "price_per_unit": "1000",
        "price_unit": "G"
      },
      {
        "state": "TAS",
        "price": "300",
        "price_per_unit": "1000",
        "price_unit": "G"
      },
      {
        "state": "ACT",
        "price": "300",
        "price_per_unit": "1000",
        "price_unit": "G"
      },
      {
        "state": "NT",
        "price": "300",
        "price_per_unit": "1000",
        "price_unit": "G"
      }
    ]
  },
  {
    "source_url": "https://www.woolworths.com.au/shop/productdetails/3356/old-el-paso-thick-n-chunky-salsa-mild-thick-chunky",
    "name": "Old El Paso Thick 'n Chunky Salsa Mild Thick & Chunky 375g",
    "image_url": "https://cdn1.woolworths.media/content/wowproductimages/large/003356.jpg",
    "source_id": "Woolworths - 3356",
    "barcode": "9300695001643",
    "shop": "Woolworths",
    "weight": "100G",
    "prices": [
      {
        "state": "NSW",
        "price": "550",
        "price_per_unit": "147",
        "price_unit": "G"
      },
      {
        "state": "VIC",
        "price": "550",
        "price_per_unit": "147",
        "price_unit": "G"
      },
      {
        "state": "QLD",
        "price": "550",
        "price_per_unit": "147",
        "price_unit": "G"
      },
      {
        "state": "WA",
        "price": "550",
        "price_per_unit": "147",
        "price_unit": "G"
      },
      {
        "state": "SA",
        "price": "550",
        "price_per_unit": "147",
        "price_unit": "G"
      },
      {
        "state": "TAS",
        "price": "550",
        "price_per_unit": "147",
        "price_unit": "G"
      },
      {
        "state": "ACT",
        "price": "550",
        "price_per_unit": "147",
        "price_unit": "G"
      },
      {
        "state": "NT",
        "price": "550",
        "price_per_unit": "147",
        "price_unit": "G"
      }
    ]
  },
  {
    "source_url": "https://www.woolworths.com.au/shop/productdetails/319038/santo-tamos-bomba-paella-rice",
    "name": "Santo Tamos Bomba Paella Rice 500g",
    "image_url": "https://cdn1.woolworths.media/content/wowproductimages/large/319038.jpg",
    "source_id": "Woolworths - 319038",
    "barcode": "8410657100046",
    "shop": "Woolworths",
    "weight": "100G",
    "prices": [
      {
        "state": "NSW",
        "price": "1000",
        "price_per_unit": "200",
        "price_unit": "G"
      },
      {
        "state": "SA",
        "price": "1000",
        "price_per_unit": "200",
        "price_unit": "G"
      },
      {
        "state": "ACT",
        "price": "1200",
        "price_per_unit": "240",
        "price_unit": "G"
      }
    ]
  },
  {
    "source_url": "https://www.woolworths.com.au/shop/productdetails/1074051019/tabasco-smoked-chipotle-pepper-sauce-150ml",
    "name": "Tabasco Smoked Chipotle Pepper Sauce 150ml",
    "image_url": "https://cdn1.woolworths.media/content/wowproductimages/large/1074051019.jpg",
    "source_id": "Woolworths - 1074051019",
    "barcode": null,
    "shop": "Woolworths",
    "weight": "100ML",
    "prices": [
      {
        "state": "NSW",
        "price": "2400",
        "price_per_unit": "1600",
        "price_unit": "ML"
      },
      {
        "state": "VIC",
        "price": "2400",
        "price_per_unit": "1600",
        "price_unit": "ML"
      },
      {
        "state": "QLD",
        "price": "2400",
        "price_per_unit": "1600",
        "price_unit": "ML"
      },
      {
        "state": "WA",
        "price": "2400",
        "price_per_unit": "1600",
        "price_unit": "ML"
      },
      {
        "state": "SA",
        "price": "2400",
        "price_per_unit": "1600",
        "price_unit": "ML"
      },
      {
        "state": "TAS",
        "price": "2400",
        "price_per_unit": "1600",
        "price_unit": "ML"
      },
      {
        "state": "NT",
        "price": "2400",
        "price_per_unit": "1600",
        "price_unit": "ML"
      }
    ]
  },
  {
    "source_url": "https://www.woolworths.com.au/shop/productdetails/193458/woolworths-burrito-tortillas",
    "name": "Woolworths Burrito Tortillas 15 Pack",
    "image_url": "https://cdn1.woolworths.media/content/wowproductimages/large/193458.jpg",
    "source_id": "Woolworths - 193458",
    "barcode": "9300633100582",
    "shop": "Woolworths",
    "weight": "100G",
    "prices": [
      {
        "state": "NSW",
        "price": "475",
        "price_per_unit": "69",
        "price_unit": "G"
      },
      {
        "state": "VIC",
        "price": "475",
        "price_per_unit": "69",
        "price_unit": "G"
      },
      {
        "state": "QLD",
        "price": "475",
        "price_per_unit": "69",
        "price_unit": "G"
      },
      {
        "state": "WA",
        "price": "475",
        "price_per_unit": "69",
        "price_unit": "G"
      },
      {
        "state": "TAS",
        "price": "475",
        "price_per_unit": "69",
        "price_unit": "G"
      },
      {
        "state": "ACT",
        "price": "475",
        "price_per_unit": "69",
        "price_unit": "G"
      },
      {
        "state": "NT",
        "price": "475",
        "price_per_unit": "69",
        "price_unit": "G"
      }
    ]
  },
  {
    "source_url": "https://www.woolworths.com.au/shop/productdetails/671173/woolworths-taco-sauce-mild",
    "name": "Woolworths Taco Sauce Mild 240g",
    "image_url": "https://cdn1.woolworths.media/content/wowproductimages/large/671173.jpg",
    "source_id": "Woolworths - 671173",
    "barcode": "9339687367023",
    "shop": "Woolworths",
    "weight": "100G",
    "prices": [
      {
        "state": "NSW",
        "price": "315",
        "price_per_unit": "131",
        "price_unit": "G"
      },
      {
        "state": "VIC",
        "price": "315",
        "price_per_unit": "131",
        "price_unit": "G"
      },
      {
        "state": "NT",
        "price": "315",
        "price_per_unit": "131",
        "price_unit": "G"
      }
    ]
  },
  {
    "source_url": "https://www.woolworths.com.au/shop/productdetails/29767/woolworths-taco-seasoning-mix",
    "name": "Woolworths Taco Seasoning Mix 35g",
    "image_url": "https://cdn1.woolworths.media/content/wowproductimages/large/029767.jpg",
    "source_id": "Woolworths - 29767",
    "barcode": "9339687020911",
    "shop": "Woolworths",
    "weight": "10G",
    "prices": [
      {
        "state": "NSW",
        "price": "145",
        "price_per_unit": "41",
        "price_unit": "G"
      },
      {
        "state": "VIC",
        "price": "145",
        "price_per_unit": "41",
        "price_unit": "G"
      },
      {
        "state": "TAS",
        "price": "145",
        "price_per_unit": "41",
        "price_unit": "G"
      },
      {
        "state": "NT",
        "price": "145",
        "price_per_unit": "41",
        "price_unit": "G"
      }
    ]
  },
  {
    "source_url": "https://www.woolworths.com.au/shop/productdetails/780549/woolworths-tortilla-jumbo",
    "name": "Woolworths Tortilla Jumbo 6 Pack",
    "image_url": "https://cdn1.woolworths.media/content/wowproductimages/large/780549.jpg",
    "source_id": "Woolworths - 780549",
    "barcode": "9300633484835",
    "shop": "Woolworths",
    "weight": "100G",
    "prices": [
      {
        "state": "NSW",
        "price": "450",
        "price_per_unit": "100",
        "price_unit": "G"
      },
      {
        "state": "VIC",
        "price": "450",
        "price_per_unit": "100",
        "price_unit": "G"
      },
      {
        "state": "TAS",
        "price": "450",
        "price_per_unit": "100",
        "price_unit": "G"
      },
      {
        "state": "NT",
        "price": "450",
        "price_per_unit": "100",
        "price_unit": "G"
      }
    ]
  },
  {
    "source_url": "https://www.woolworths.com.au/shop/productdetails/861021/woolworths-tortillas",
    "name": "Woolworths Tortillas 10 Pack",
    "image_url": "https://cdn1.woolworths.media/content/wowproductimages/large/861021.jpg",
    "source_id": "Woolworths - 861021",
    "barcode": "9339687088270",
    "shop": "Woolworths",
    "weight": "100G",
    "prices": [
      {
        "state": "NSW",
        "price": "375",
        "price_per_unit": "82",
        "price_unit": "G"
      },
      {
        "state": "VIC",
        "price": "375",
        "price_per_unit": "82",
        "price_unit": "G"
      },
      {
        "state": "TAS",
        "price": "375",
        "price_per_unit": "82",
        "price_unit": "G"
      },
      {
        "state": "NT",
        "price": "375",
        "price_per_unit": "82",
        "price_unit": "G"
      }
    ]
  },
  {
    "source_url": "https://www.woolworths.com.au/shop/productdetails/135886/woolworths-white-corn-tortilla-strips",
    "name": "Woolworths White Corn Tortilla Strips 230g",
    "image_url": "https://cdn1.woolworths.media/content/wowproductimages/large/135886.jpg",
    "source_id": "Woolworths - 135886",
    "barcode": "9339687225392",
    "shop": "Woolworths",
    "weight": "100G",
    "prices": [
      {
        "state": "NSW",
        "price": "285",
        "price_per_unit": "124",
        "price_unit": "G"
      },
      {
        "state": "VIC",
        "price": "285",
        "price_per_unit": "124",
        "price_unit": "G"
      },
      {
        "state": "TAS",
        "price": "285",
        "price_per_unit": "124",
        "price_unit": "G"
      },
      {
        "state": "NT",
        "price": "300",
        "price_per_unit": "130",
        "price_unit": "G"
      }
    ]
  },
  {
    "source_url": "https://www.woolworths.com.au/shop/productdetails/155085/la-costena-chipotle-hot-sauce",
    "name": "La Costena Chipotle Hot Sauce 140g",
    "image_url": "https://cdn1.woolworths.media/content/wowproductimages/large/155085.jpg",
    "source_id": "Woolworths - 155085",
    "barcode": "7501017059607",
    "shop": "Woolworths",
    "weight": "100G",
    "prices": [
      {
        "state": "VIC",
        "price": "450",
        "price_per_unit": "321",
        "price_unit": "G"
      },
      {
        "state": "QLD",
        "price": "450",
        "price_per_unit": "321",
        "price_unit": "G"
      },
      {
        "state": "WA",
        "price": "450",
        "price_per_unit": "321",
        "price_unit": "G"
      },
      {
        "state": "SA",
        "price": "450",
        "price_per_unit": "321",
        "price_unit": "G"
      },
      {
        "state": "TAS",
        "price": "450",
        "price_per_unit": "321",
        "price_unit": "G"
      },
      {
        "state": "ACT",
        "price": "225",
        "price_per_unit": "161",
        "price_unit": "G"
      },
      {
        "state": "NT",
        "price": "225",
        "price_per_unit": "161",
        "price_unit": "G"
      }
    ]
  },
  {
    "source_url": "https://www.woolworths.com.au/shop/productdetails/801530/la-costena-chipotle-sauce",
    "name": "La Costena Chipotle Sauce 220g",
    "image_url": "https://cdn1.woolworths.media/content/wowproductimages/large/801530.jpg",
    "source_id": "Woolworths - 801530",
    "barcode": "7501017596027",
    "shop": "Woolworths",
    "weight": "100G",
    "prices": [
      {
        "state": "VIC",
        "price": "500",
        "price_per_unit": "227",
        "price_unit": "G"
      },
      {
        "state": "QLD",
        "price": "500",
        "price_per_unit": "227",
        "price_unit": "G"
      },
      {
        "state": "WA",
        "price": "500",
        "price_per_unit": "227",
        "price_unit": "G"
      },
      {
        "state": "SA",
        "price": "500",
        "price_per_unit": "227",
        "price_unit": "G"
      },
      {
        "state": "TAS",
        "price": "500",
        "price_per_unit": "227",
        "price_unit": "G"
      },
      {
        "state": "ACT",
        "price": "500",
        "price_per_unit": "227",
        "price_unit": "G"
      },
      {
        "state": "NT",
        "price": "500",
        "price_per_unit": "227",
        "price_unit": "G"
      }
    ]
  },
  {
    "source_url": "https://www.woolworths.com.au/shop/productdetails/155194/la-costena-chunky-salsa-medium",
    "name": "La Costena Chunky Salsa Medium 310g",
    "image_url": "https://cdn1.woolworths.media/content/wowproductimages/large/155194.jpg",
    "source_id": "Woolworths - 155194",
    "barcode": "7501017090020",
    "shop": "Woolworths",
    "weight": "100G",
    "prices": [
      {
        "state": "VIC",
        "price": "290",
        "price_per_unit": "94",
        "price_unit": "G"
      },
      {
        "state": "QLD",
        "price": "290",
        "price_per_unit": "94",
        "price_unit": "G"
      },
      {
        "state": "WA",
        "price": "290",
        "price_per_unit": "94",
        "price_unit": "G"
      },
      {
        "state": "SA",
        "price": "290",
        "price_per_unit": "94",
        "price_unit": "G"
      },
      {
        "state": "TAS",
        "price": "580",
        "price_per_unit": "187",
        "price_unit": "G"
      },
      {
        "state": "ACT",
        "price": "580",
        "price_per_unit": "187",
        "price_unit": "G"
      },
      {
        "state": "ACT",
        "price": "580",
        "price_per_unit": "187",
        "price_unit": "G"
      },
      {
        "state": "NT",
        "price": "580",
        "price_per_unit": "187",
        "price_unit": "G"
      }
    ]
  },
  {
    "source_url": "https://www.woolworths.com.au/shop/productdetails/155144/la-costena-chunky-salsa-mild",
    "name": "La Costena Chunky Salsa Mild 310g",
    "image_url": "https://cdn1.woolworths.media/content/wowproductimages/large/155144.jpg",
    "source_id": "Woolworths - 155144",
    "barcode": "7501017090037",
    "shop": "Woolworths",
    "weight": "100G",
    "prices": [
      {
        "state": "VIC",
        "price": "290",
        "price_per_unit": "94",
        "price_unit": "G"
      },
      {
        "state": "QLD",
        "price": "290",
        "price_per_unit": "94",
        "price_unit": "G"
      },
      {
        "state": "WA",
        "price": "290",
        "price_per_unit": "94",
        "price_unit": "G"
      },
      {
        "state": "ACT",
        "price": "580",
        "price_per_unit": "187",
        "price_unit": "G"
      },
      {
        "state": "NT",
        "price": "580",
        "price_per_unit": "187",
        "price_unit": "G"
      }
    ]
  },
  {
    "source_url": "https://www.woolworths.com.au/shop/productdetails/244019/la-costena-homestyle-mexican-salsa",
    "name": "La Costena Homestyle Mexican Salsa 220g",
    "image_url": "https://cdn1.woolworths.media/content/wowproductimages/large/244019.jpg",
    "source_id": "Woolworths - 244019",
    "barcode": "76397005072",
    "shop": "Woolworths",
    "weight": "100G",
    "prices": [
      {
        "state": "VIC",
        "price": "280",
        "price_per_unit": "127",
        "price_unit": "G"
      },
      {
        "state": "QLD",
        "price": "280",
        "price_per_unit": "127",
        "price_unit": "G"
      },
      {
        "state": "WA",
        "price": "280",
        "price_per_unit": "127",
        "price_unit": "G"
      },
      {
        "state": "SA",
        "price": "280",
        "price_per_unit": "127",
        "price_unit": "G"
      },
      {
        "state": "TAS",
        "price": "280",
        "price_per_unit": "127",
        "price_unit": "G"
      },
      {
        "state": "ACT",
        "price": "280",
        "price_per_unit": "127",
        "price_unit": "G"
      },
      {
        "state": "ACT",
        "price": "280",
        "price_per_unit": "127",
        "price_unit": "G"
      },
      {
        "state": "NT",
        "price": "280",
        "price_per_unit": "127",
        "price_unit": "G"
      }
    ]
  },
  {
    "source_url": "https://www.woolworths.com.au/shop/productdetails/155088/la-costena-jalapeno-nacho-slices",
    "name": "La Costena Jalapeno Nacho Slices 210g",
    "image_url": "https://cdn1.woolworths.media/content/wowproductimages/large/155088.jpg",
    "source_id": "Woolworths - 155088",
    "barcode": "7501017042197",
    "shop": "Woolworths",
    "weight": "100G",
    "prices": [
      {
        "state": "VIC",
        "price": "480",
        "price_per_unit": "229",
        "price_unit": "G"
      },
      {
        "state": "QLD",
        "price": "480",
        "price_per_unit": "229",
        "price_unit": "G"
      },
      {
        "state": "WA",
        "price": "480",
        "price_per_unit": "229",
        "price_unit": "G"
      },
      {
        "state": "SA",
        "price": "480",
        "price_per_unit": "229",
        "price_unit": "G"
      },
      {
        "state": "TAS",
        "price": "480",
        "price_per_unit": "229",
        "price_unit": "G"
      },
      {
        "state": "ACT",
        "price": "480",
        "price_per_unit": "229",
        "price_unit": "G"
      },
      {
        "state": "ACT",
        "price": "480",
        "price_per_unit": "229",
        "price_unit": "G"
      },
      {
        "state": "NT",
        "price": "480",
        "price_per_unit": "229",
        "price_unit": "G"
      }
    ]
  },
  {
    "source_url": "https://www.woolworths.com.au/shop/productdetails/494324/la-costena-mexican-style-chipotle-in-adobo-sauce",
    "name": "La Costena Mexican Style Chipotle In Adobo Sauce 230g",
    "image_url": "https://cdn1.woolworths.media/content/wowproductimages/large/494324.jpg",
    "source_id": "Woolworths - 494324",
    "barcode": "7501017855032",
    "shop": "Woolworths",
    "weight": "100G",
    "prices": [
      {
        "state": "VIC",
        "price": "650",
        "price_per_unit": "283",
        "price_unit": "G"
      },
      {
        "state": "QLD",
        "price": "650",
        "price_per_unit": "283",
        "price_unit": "G"
      },
      {
        "state": "WA",
        "price": "650",
        "price_per_unit": "283",
        "price_unit": "G"
      },
      {
        "state": "SA",
        "price": "650",
        "price_per_unit": "283",
        "price_unit": "G"
      },
      {
        "state": "TAS",
        "price": "650",
        "price_per_unit": "283",
        "price_unit": "G"
      },
      {
        "state": "ACT",
        "price": "650",
        "price_per_unit": "283",
        "price_unit": "G"
      },
      {
        "state": "ACT",
        "price": "650",
        "price_per_unit": "283",
        "price_unit": "G"
      },
      {
        "state": "NT",
        "price": "500",
        "price_per_unit": "217",
        "price_unit": "G"
      }
    ]
  },
  {
    "source_url": "https://www.woolworths.com.au/shop/productdetails/842159/la-costena-mexican-style-whole-black-beans",
    "name": "La Costena Mexican Style Whole Black Beans 400g",
    "image_url": "https://cdn1.woolworths.media/content/wowproductimages/large/842159.jpg",
    "source_id": "Woolworths - 842159",
    "barcode": "7501017440030",
    "shop": "Woolworths",
    "weight": "100G",
    "prices": [
      {
        "state": "VIC",
        "price": "400",
        "price_per_unit": "100",
        "price_unit": "G"
      },
      {
        "state": "QLD",
        "price": "400",
        "price_per_unit": "100",
        "price_unit": "G"
      },
      {
        "state": "WA",
        "price": "400",
        "price_per_unit": "100",
        "price_unit": "G"
      },
      {
        "state": "SA",
        "price": "400",
        "price_per_unit": "100",
        "price_unit": "G"
      },
      {
        "state": "TAS",
        "price": "400",
        "price_per_unit": "100",
        "price_unit": "G"
      },
      {
        "state": "ACT",
        "price": "400",
        "price_per_unit": "100",
        "price_unit": "G"
      },
      {
        "state": "ACT",
        "price": "400",
        "price_per_unit": "100",
        "price_unit": "G"
      },
      {
        "state": "NT",
        "price": "400",
        "price_per_unit": "100",
        "price_unit": "G"
      }
    ]
  },
  {
    "source_url": "https://www.woolworths.com.au/shop/productdetails/842157/la-costena-refried-pinto-beans",
    "name": "La Costena Refried Pinto Beans 400g",
    "image_url": "https://cdn1.woolworths.media/content/wowproductimages/large/842157.jpg",
    "source_id": "Woolworths - 842157",
    "barcode": "7501017438037",
    "shop": "Woolworths",
    "weight": "100G",
    "prices": [
      {
        "state": "VIC",
        "price": "400",
        "price_per_unit": "100",
        "price_unit": "G"
      },
      {
        "state": "QLD",
        "price": "400",
        "price_per_unit": "100",
        "price_unit": "G"
      },
      {
        "state": "WA",
        "price": "400",
        "price_per_unit": "100",
        "price_unit": "G"
      },
      {
        "state": "SA",
        "price": "400",
        "price_per_unit": "100",
        "price_unit": "G"
      },
      {
        "state": "TAS",
        "price": "400",
        "price_per_unit": "100",
        "price_unit": "G"
      },
      {
        "state": "ACT",
        "price": "400",
        "price_per_unit": "100",
        "price_unit": "G"
      },
      {
        "state": "ACT",
        "price": "400",
        "price_per_unit": "100",
        "price_unit": "G"
      },
      {
        "state": "NT",
        "price": "400",
        "price_per_unit": "100",
        "price_unit": "G"
      }
    ]
  },
  {
    "source_url": "https://www.woolworths.com.au/shop/productdetails/112750/la-morena-chipotle-pepper-adobo-sauce",
    "name": "La Morena Chipotle Pepper Adobo Sauce 100g",
    "image_url": "https://cdn1.woolworths.media/content/wowproductimages/large/112750.jpg",
    "source_id": "Woolworths - 112750",
    "barcode": "727452002801",
    "shop": "Woolworths",
    "weight": "100G",
    "prices": [
      {
        "state": "SA",
        "price": "300",
        "price_per_unit": "300",
        "price_unit": "G"
      },
      {
        "state": "TAS",
        "price": "300",
        "price_per_unit": "300",
        "price_unit": "G"
      },
      null,
      {
        "state": "ACT",
        "price": "300",
        "price_per_unit": "300",
        "price_unit": "G"
      },
      null
    ]
  },
  {
    "source_url": "https://www.woolworths.com.au/shop/productdetails/769253/la-morena-refried-black-beans",
    "name": "La Morena Refried Black Beans 440g",
    "image_url": "https://cdn1.woolworths.media/content/wowproductimages/large/769253.jpg",
    "source_id": "Woolworths - 769253",
    "barcode": "727452104062",
    "shop": "Woolworths",
    "weight": "100G",
    "prices": [
      {
        "state": "VIC",
        "price": "600",
        "price_per_unit": "136",
        "price_unit": "G"
      },
      {
        "state": "QLD",
        "price": "600",
        "price_per_unit": "136",
        "price_unit": "G"
      },
      {
        "state": "WA",
        "price": "600",
        "price_per_unit": "136",
        "price_unit": "G"
      },
      {
        "state": "SA",
        "price": "600",
        "price_per_unit": "136",
        "price_unit": "G"
      },
      {
        "state": "TAS",
        "price": "600",
        "price_per_unit": "136",
        "price_unit": "G"
      },
      {
        "state": "ACT",
        "price": "600",
        "price_per_unit": "136",
        "price_unit": "G"
      },
      {
        "state": "ACT",
        "price": "600",
        "price_per_unit": "136",
        "price_unit": "G"
      },
      {
        "state": "NT",
        "price": "600",
        "price_per_unit": "136",
        "price_unit": "G"
      }
    ]
  },
  {
    "source_url": "https://www.woolworths.com.au/shop/productdetails/137629/mission-chunky-salsa-medium",
    "name": "Mission Chunky Salsa Medium 300g",
    "image_url": "https://cdn1.woolworths.media/content/wowproductimages/large/137629.jpg",
    "source_id": "Woolworths - 137629",
    "barcode": "9317224404905",
    "shop": "Woolworths",
    "weight": "100G",
    "prices": [
      {
        "state": "VIC",
        "price": "440",
        "price_per_unit": "147",
        "price_unit": "G"
      },
      {
        "state": "QLD",
        "price": "440",
        "price_per_unit": "147",
        "price_unit": "G"
      },
      {
        "state": "WA",
        "price": "440",
        "price_per_unit": "147",
        "price_unit": "G"
      },
      {
        "state": "SA",
        "price": "440",
        "price_per_unit": "147",
        "price_unit": "G"
      },
      {
        "state": "TAS",
        "price": "440",
        "price_per_unit": "147",
        "price_unit": "G"
      },
      {
        "state": "NT",
        "price": "440",
        "price_per_unit": "147",
        "price_unit": "G"
      }
    ]
  },
  {
    "source_url": "https://www.woolworths.com.au/shop/productdetails/379739/mission-corn-chips-chilli-lime",
    "name": "Mission Corn Chips Chilli & Lime 230g",
    "image_url": "https://cdn1.woolworths.media/content/wowproductimages/large/379739.jpg",
    "source_id": "Woolworths - 379739",
    "barcode": "9317224401584",
    "shop": "Woolworths",
    "weight": "100G",
    "prices": [
      {
        "state": "VIC",
        "price": "450",
        "price_per_unit": "196",
        "price_unit": "G"
      },
      {
        "state": "QLD",
        "price": "450",
        "price_per_unit": "196",
        "price_unit": "G"
      },
      {
        "state": "WA",
        "price": "450",
        "price_per_unit": "196",
        "price_unit": "G"
      },
      {
        "state": "SA",
        "price": "450",
        "price_per_unit": "196",
        "price_unit": "G"
      },
      {
        "state": "TAS",
        "price": "450",
        "price_per_unit": "196",
        "price_unit": "G"
      },
      {
        "state": "ACT",
        "price": "450",
        "price_per_unit": "196",
        "price_unit": "G"
      },
      {
        "state": "NT",
        "price": "450",
        "price_per_unit": "196",
        "price_unit": "G"
      }
    ]
  },
  {
    "source_url": "https://www.woolworths.com.au/shop/productdetails/356772/mission-corn-chips-deli-round",
    "name": "Mission Corn Chips Deli Round 500g",
    "image_url": "https://cdn1.woolworths.media/content/wowproductimages/large/356772.jpg",
    "source_id": "Woolworths - 356772",
    "barcode": "9317224401379",
    "shop": "Woolworths",
    "weight": "100G",
    "prices": [
      {
        "state": "VIC",
        "price": "750",
        "price_per_unit": "150",
        "price_unit": "G"
      },
      {
        "state": "QLD",
        "price": "750",
        "price_per_unit": "150",
        "price_unit": "G"
      },
      {
        "state": "WA",
        "price": "750",
        "price_per_unit": "150",
        "price_unit": "G"
      },
      {
        "state": "SA",
        "price": "750",
        "price_per_unit": "150",
        "price_unit": "G"
      },
      null,
      {
        "state": "ACT",
        "price": "750",
        "price_per_unit": "150",
        "price_unit": "G"
      },
      {
        "state": "NT",
        "price": "750",
        "price_per_unit": "150",
        "price_unit": "G"
      }
    ]
  },
  {
    "source_url": "https://www.woolworths.com.au/shop/productdetails/137673/mission-mild-salsa-chunky",
    "name": "Mission Mild Salsa Chunky 300g",
    "image_url": "https://cdn1.woolworths.media/content/wowproductimages/large/137673.jpg",
    "source_id": "Woolworths - 137673",
    "barcode": "9317224404899",
    "shop": "Woolworths",
    "weight": "100G",
    "prices": [
      {
        "state": "VIC",
        "price": "440",
        "price_per_unit": "147",
        "price_unit": "G"
      },
      {
        "state": "QLD",
        "price": "440",
        "price_per_unit": "147",
        "price_unit": "G"
      },
      {
        "state": "WA",
        "price": "440",
        "price_per_unit": "147",
        "price_unit": "G"
      },
      {
        "state": "SA",
        "price": "440",
        "price_per_unit": "147",
        "price_unit": "G"
      },
      {
        "state": "TAS",
        "price": "440",
        "price_per_unit": "147",
        "price_unit": "G"
      },
      {
        "state": "NT",
        "price": "440",
        "price_per_unit": "147",
        "price_unit": "G"
      }
    ]
  },
  {
    "source_url": "https://www.woolworths.com.au/shop/productdetails/362693/mission-tortilla-strips-white-corn",
    "name": "Mission Tortilla Strips White Corn 230g",
    "image_url": "https://cdn1.woolworths.media/content/wowproductimages/large/362693.jpg",
    "source_id": "Woolworths - 362693",
    "barcode": "9317224400280",
    "shop": "Woolworths",
    "weight": "100G",
    "prices": [
      {
        "state": "VIC",
        "price": "450",
        "price_per_unit": "196",
        "price_unit": "G"
      },
      {
        "state": "QLD",
        "price": "450",
        "price_per_unit": "196",
        "price_unit": "G"
      },
      {
        "state": "WA",
        "price": "450",
        "price_per_unit": "196",
        "price_unit": "G"
      },
      {
        "state": "SA",
        "price": "450",
        "price_per_unit": "196",
        "price_unit": "G"
      },
      {
        "state": "TAS",
        "price": "450",
        "price_per_unit": "196",
        "price_unit": "G"
      },
      {
        "state": "ACT",
        "price": "450",
        "price_per_unit": "196",
        "price_unit": "G"
      },
      {
        "state": "NT",
        "price": "450",
        "price_per_unit": "196",
        "price_unit": "G"
      }
    ]
  },
  {
    "source_url": "https://www.woolworths.com.au/shop/productdetails/379736/mission-white-corn-gluten-free-tortillas",
    "name": "Mission White Corn Gluten-Free Tortillas 12 Pack",
    "image_url": "https://cdn1.woolworths.media/content/wowproductimages/large/379736.jpg",
    "source_id": "Woolworths - 379736",
    "barcode": "9317224400464",
    "shop": "Woolworths",
    "weight": "100G",
    "prices": [
      {
        "state": "VIC",
        "price": "420",
        "price_per_unit": "135",
        "price_unit": "G"
      },
      {
        "state": "QLD",
        "price": "420",
        "price_per_unit": "135",
        "price_unit": "G"
      },
      {
        "state": "WA",
        "price": "420",
        "price_per_unit": "135",
        "price_unit": "G"
      },
      {
        "state": "SA",
        "price": "420",
        "price_per_unit": "135",
        "price_unit": "G"
      },
      {
        "state": "TAS",
        "price": "420",
        "price_per_unit": "135",
        "price_unit": "G"
      },
      {
        "state": "ACT",
        "price": "420",
        "price_per_unit": "135",
        "price_unit": "G"
      },
      {
        "state": "NT",
        "price": "420",
        "price_per_unit": "135",
        "price_unit": "G"
      }
    ]
  },
  {
    "source_url": "https://www.woolworths.com.au/shop/productdetails/608248/mission-white-strip-corn-chips",
    "name": "Mission White Strip Corn Chips 500g",
    "image_url": "https://cdn1.woolworths.media/content/wowproductimages/large/608248.jpg",
    "source_id": "Woolworths - 608248",
    "barcode": "9317224403441",
    "shop": "Woolworths",
    "weight": "100G",
    "prices": [
      {
        "state": "VIC",
        "price": "750",
        "price_per_unit": "150",
        "price_unit": "G"
      },
      {
        "state": "QLD",
        "price": "750",
        "price_per_unit": "150",
        "price_unit": "G"
      },
      {
        "state": "WA",
        "price": "750",
        "price_per_unit": "150",
        "price_unit": "G"
      },
      {
        "state": "SA",
        "price": "750",
        "price_per_unit": "150",
        "price_unit": "G"
      },
      {
        "state": "TAS",
        "price": "750",
        "price_per_unit": "150",
        "price_unit": "G"
      },
      {
        "state": "ACT",
        "price": "750",
        "price_per_unit": "150",
        "price_unit": "G"
      },
      {
        "state": "NT",
        "price": "750",
        "price_per_unit": "150",
        "price_unit": "G"
      }
    ]
  },
  {
    "source_url": "https://www.woolworths.com.au/shop/productdetails/483539/mission-yellow-corn-tortillas",
    "name": "Mission Yellow Corn Tortillas 12 Pack",
    "image_url": "https://cdn1.woolworths.media/content/wowproductimages/large/483539.jpg",
    "source_id": "Woolworths - 483539",
    "barcode": "9305000010037",
    "shop": "Woolworths",
    "weight": "100G",
    "prices": [
      {
        "state": "VIC",
        "price": "420",
        "price_per_unit": "135",
        "price_unit": "G"
      },
      {
        "state": "QLD",
        "price": "420",
        "price_per_unit": "135",
        "price_unit": "G"
      },
      {
        "state": "WA",
        "price": "420",
        "price_per_unit": "135",
        "price_unit": "G"
      },
      {
        "state": "SA",
        "price": "420",
        "price_per_unit": "135",
        "price_unit": "G"
      },
      {
        "state": "TAS",
        "price": "420",
        "price_per_unit": "135",
        "price_unit": "G"
      },
      {
        "state": "ACT",
        "price": "420",
        "price_per_unit": "135",
        "price_unit": "G"
      },
      {
        "state": "NT",
        "price": "420",
        "price_per_unit": "135",
        "price_unit": "G"
      }
    ]
  },
  {
    "source_url": "https://www.woolworths.com.au/shop/productdetails/787277/old-el-paso-black-beans",
    "name": "Old El Paso Black Beans 425g",
    "image_url": "https://cdn1.woolworths.media/content/wowproductimages/large/787277.jpg",
    "source_id": "Woolworths - 787277",
    "barcode": "8410076460578",
    "shop": "Woolworths",
    "weight": "100G",
    "prices": [
      {
        "state": "VIC",
        "price": "450",
        "price_per_unit": "106",
        "price_unit": "G"
      },
      {
        "state": "QLD",
        "price": "450",
        "price_per_unit": "106",
        "price_unit": "G"
      },
      {
        "state": "WA",
        "price": "450",
        "price_per_unit": "106",
        "price_unit": "G"
      },
      {
        "state": "SA",
        "price": "450",
        "price_per_unit": "106",
        "price_unit": "G"
      },
      {
        "state": "TAS",
        "price": "450",
        "price_per_unit": "106",
        "price_unit": "G"
      },
      {
        "state": "ACT",
        "price": "450",
        "price_per_unit": "106",
        "price_unit": "G"
      },
      {
        "state": "NT",
        "price": "450",
        "price_per_unit": "106",
        "price_unit": "G"
      }
    ]
  },
  {
    "source_url": "https://www.woolworths.com.au/shop/productdetails/8317/old-el-paso-bulk-hard-soft-taco-kit-mexican-style",
    "name": "Old El Paso Bulk Hard & Soft Taco Kit Mexican Style 560g",
    "image_url": "https://cdn1.woolworths.media/content/wowproductimages/large/008317.jpg",
    "source_id": "Woolworths - 8317",
    "barcode": "9300695008871",
    "shop": "Woolworths",
    "weight": "100G",
    "prices": [
      {
        "state": "VIC",
        "price": "1200",
        "price_per_unit": "214",
        "price_unit": "G"
      },
      {
        "state": "QLD",
        "price": "1200",
        "price_per_unit": "214",
        "price_unit": "G"
      },
      {
        "state": "WA",
        "price": "1200",
        "price_per_unit": "214",
        "price_unit": "G"
      },
      {
        "state": "SA",
        "price": "1200",
        "price_per_unit": "214",
        "price_unit": "G"
      },
      {
        "state": "TAS",
        "price": "1200",
        "price_per_unit": "214",
        "price_unit": "G"
      },
      {
        "state": "ACT",
        "price": "1200",
        "price_per_unit": "214",
        "price_unit": "G"
      },
      {
        "state": "NT",
        "price": "1200",
        "price_per_unit": "214",
        "price_unit": "G"
      }
    ]
  },
  {
    "source_url": "https://www.woolworths.com.au/shop/productdetails/68619/old-el-paso-burrito-dinner-kit-mexican-style",
    "name": "Old El Paso Burrito Dinner Kit Mexican Style 485g",
    "image_url": "https://cdn1.woolworths.media/content/wowproductimages/large/068619.jpg",
    "source_id": "Woolworths - 68619",
    "barcode": "9300695008796",
    "shop": "Woolworths",
    "weight": "100G",
    "prices": [
      {
        "state": "VIC",
        "price": "850",
        "price_per_unit": "175",
        "price_unit": "G"
      },
      {
        "state": "QLD",
        "price": "850",
        "price_per_unit": "175",
        "price_unit": "G"
      },
      {
        "state": "WA",
        "price": "850",
        "price_per_unit": "175",
        "price_unit": "G"
      },
      {
        "state": "SA",
        "price": "850",
        "price_per_unit": "175",
        "price_unit": "G"
      },
      {
        "state": "TAS",
        "price": "850",
        "price_per_unit": "175",
        "price_unit": "G"
      },
      {
        "state": "ACT",
        "price": "850",
        "price_per_unit": "175",
        "price_unit": "G"
      },
      {
        "state": "NT",
        "price": "850",
        "price_per_unit": "175",
        "price_unit": "G"
      }
    ]
  },
  {
    "source_url": "https://www.woolworths.com.au/shop/productdetails/233280/old-el-paso-burrito-tortilla-jumbo-wraps-burrito",
    "name": "Old El Paso Burrito Tortilla Jumbo Wraps 6 pack",
    "image_url": "https://cdn1.woolworths.media/content/wowproductimages/large/233280.jpg",
    "source_id": "Woolworths - 233280",
    "barcode": "9300695009151",
    "shop": "Woolworths",
    "weight": "100G",
    "prices": [
      {
        "state": "VIC",
        "price": "650",
        "price_per_unit": "144",
        "price_unit": "G"
      },
      {
        "state": "QLD",
        "price": "650",
        "price_per_unit": "144",
        "price_unit": "G"
      },
      {
        "state": "WA",
        "price": "650",
        "price_per_unit": "144",
        "price_unit": "G"
      },
      {
        "state": "SA",
        "price": "650",
        "price_per_unit": "144",
        "price_unit": "G"
      },
      {
        "state": "TAS",
        "price": "650",
        "price_per_unit": "144",
        "price_unit": "G"
      },
      {
        "state": "ACT",
        "price": "650",
        "price_per_unit": "144",
        "price_unit": "G"
      },
      {
        "state": "NT",
        "price": "650",
        "price_per_unit": "144",
        "price_unit": "G"
      }
    ]
  },
  {
    "source_url": "https://www.woolworths.com.au/shop/productdetails/760341/old-el-paso-chili-garlic-rice-kit-mexican-style",
    "name": "Old El Paso Chili & Garlic Rice Kit Mexican Style 355g",
    "image_url": "https://cdn1.woolworths.media/content/wowproductimages/large/760341.jpg",
    "source_id": "Woolworths - 760341",
    "barcode": "8410076471987",
    "shop": "Woolworths",
    "weight": "100G",
    "prices": [
      {
        "state": "VIC",
        "price": "950",
        "price_per_unit": "268",
        "price_unit": "G"
      },
      {
        "state": "QLD",
        "price": "950",
        "price_per_unit": "268",
        "price_unit": "G"
      },
      {
        "state": "WA",
        "price": "950",
        "price_per_unit": "268",
        "price_unit": "G"
      },
      {
        "state": "SA",
        "price": "950",
        "price_per_unit": "268",
        "price_unit": "G"
      },
      {
        "state": "TAS",
        "price": "950",
        "price_per_unit": "268",
        "price_unit": "G"
      },
      {
        "state": "ACT",
        "price": "950",
        "price_per_unit": "268",
        "price_unit": "G"
      },
      {
        "state": "NT",
        "price": "950",
        "price_per_unit": "268",
        "price_unit": "G"
      }
    ]
  },
  {
    "source_url": "https://www.woolworths.com.au/shop/productdetails/311167/old-el-paso-chilli-paprika-burrito-bowl-kit-mild",
    "name": "Old El Paso Chilli & Paprika Burrito Bowl Kit Mild 240g",
    "image_url": "https://cdn1.woolworths.media/content/wowproductimages/large/311167.jpg",
    "source_id": "Woolworths - 311167",
    "barcode": "8410076475442",
    "shop": "Woolworths",
    "weight": "100G",
    "prices": [
      {
        "state": "VIC",
        "price": "950",
        "price_per_unit": "396",
        "price_unit": "G"
      },
      {
        "state": "QLD",
        "price": "950",
        "price_per_unit": "396",
        "price_unit": "G"
      },
      {
        "state": "WA",
        "price": "950",
        "price_per_unit": "396",
        "price_unit": "G"
      },
      {
        "state": "SA",
        "price": "950",
        "price_per_unit": "396",
        "price_unit": "G"
      },
      {
        "state": "TAS",
        "price": "950",
        "price_per_unit": "396",
        "price_unit": "G"
      },
      {
        "state": "ACT",
        "price": "950",
        "price_per_unit": "396",
        "price_unit": "G"
      },
      null
    ]
  },
  {
    "source_url": "https://www.woolworths.com.au/shop/productdetails/454556/old-el-paso-chilli-con-carne-mild-cooking-sauce",
    "name": "Old El Paso Chilli Con Carne Mild Cooking Sauce 170g",
    "image_url": "https://cdn1.woolworths.media/content/wowproductimages/large/454556.jpg",
    "source_id": "Woolworths - 454556",
    "barcode": "9300695009397",
    "shop": "Woolworths",
    "weight": "100G",
    "prices": [
      {
        "state": "VIC",
        "price": "450",
        "price_per_unit": "265",
        "price_unit": "G"
      },
      {
        "state": "QLD",
        "price": "450",
        "price_per_unit": "265",
        "price_unit": "G"
      },
      {
        "state": "WA",
        "price": "450",
        "price_per_unit": "265",
        "price_unit": "G"
      },
      {
        "state": "SA",
        "price": "450",
        "price_per_unit": "265",
        "price_unit": "G"
      },
      {
        "state": "TAS",
        "price": "450",
        "price_per_unit": "265",
        "price_unit": "G"
      },
      {
        "state": "ACT",
        "price": "450",
        "price_per_unit": "265",
        "price_unit": "G"
      },
      {
        "state": "NT",
        "price": "450",
        "price_per_unit": "265",
        "price_unit": "G"
      }
    ]
  },
  {
    "source_url": "https://www.woolworths.com.au/shop/productdetails/454582/old-el-paso-chipotle-tacos-mild-cooking-sauce",
    "name": "Old El Paso Chipotle Tacos Mild Cooking Sauce 170g",
    "image_url": "https://cdn1.woolworths.media/content/wowproductimages/large/454582.jpg",
    "source_id": "Woolworths - 454582",
    "barcode": "9300695009410",
    "shop": "Woolworths",
    "weight": "100G",
    "prices": [
      {
        "state": "VIC",
        "price": "450",
        "price_per_unit": "265",
        "price_unit": "G"
      },
      {
        "state": "QLD",
        "price": "450",
        "price_per_unit": "265",
        "price_unit": "G"
      },
      {
        "state": "WA",
        "price": "450",
        "price_per_unit": "265",
        "price_unit": "G"
      },
      {
        "state": "SA",
        "price": "450",
        "price_per_unit": "265",
        "price_unit": "G"
      },
      {
        "state": "TAS",
        "price": "450",
        "price_per_unit": "265",
        "price_unit": "G"
      },
      {
        "state": "ACT",
        "price": "450",
        "price_per_unit": "265",
        "price_unit": "G"
      },
      {
        "state": "NT",
        "price": "450",
        "price_per_unit": "265",
        "price_unit": "G"
      }
    ]
  },
  {
    "source_url": "https://www.woolworths.com.au/shop/productdetails/230731/old-el-paso-chunky-salsa-dip-hot-hot",
    "name": "Old El Paso Chunky Salsa Dip Hot Hot 312g",
    "image_url": "https://cdn1.woolworths.media/content/wowproductimages/large/230731.jpg",
    "source_id": "Woolworths - 230731",
    "barcode": "8410076421784",
    "shop": "Woolworths",
    "weight": "100G",
    "prices": [
      {
        "state": "VIC",
        "price": "500",
        "price_per_unit": "160",
        "price_unit": "G"
      },
      {
        "state": "QLD",
        "price": "500",
        "price_per_unit": "160",
        "price_unit": "G"
      },
      {
        "state": "WA",
        "price": "500",
        "price_per_unit": "160",
        "price_unit": "G"
      },
      {
        "state": "SA",
        "price": "500",
        "price_per_unit": "160",
        "price_unit": "G"
      },
      {
        "state": "TAS",
        "price": "500",
        "price_per_unit": "160",
        "price_unit": "G"
      },
      {
        "state": "NT",
        "price": "500",
        "price_per_unit": "160",
        "price_unit": "G"
      }
    ]
  },
  {
    "source_url": "https://www.woolworths.com.au/shop/productdetails/19977/old-el-paso-enchilada-cooking-sauce-enchilada-sauce",
    "name": "Old El Paso Enchilada Cooking Sauce Enchilada Sauce 375g",
    "image_url": "https://cdn1.woolworths.media/content/wowproductimages/large/019977.jpg",
    "source_id": "Woolworths - 19977",
    "barcode": "9300695002183",
    "shop": "Woolworths",
    "weight": "100G",
    "prices": [
      {
        "state": "VIC",
        "price": "600",
        "price_per_unit": "160",
        "price_unit": "G"
      },
      {
        "state": "QLD",
        "price": "600",
        "price_per_unit": "160",
        "price_unit": "G"
      },
      {
        "state": "WA",
        "price": "600",
        "price_per_unit": "160",
        "price_unit": "G"
      },
      {
        "state": "SA",
        "price": "600",
        "price_per_unit": "160",
        "price_unit": "G"
      },
      {
        "state": "TAS",
        "price": "600",
        "price_per_unit": "160",
        "price_unit": "G"
      },
      {
        "state": "ACT",
        "price": "600",
        "price_per_unit": "160",
        "price_unit": "G"
      },
      {
        "state": "NT",
        "price": "600",
        "price_per_unit": "160",
        "price_unit": "G"
      }
    ]
  },
  {
    "source_url": "https://www.woolworths.com.au/shop/productdetails/87865/old-el-paso-enchilada-kit-mexican-style",
    "name": "Old El Paso Enchilada Kit Mexican Style 1.04kg",
    "image_url": "https://cdn1.woolworths.media/content/wowproductimages/large/087865.jpg",
    "source_id": "Woolworths - 87865",
    "barcode": "9300695008864",
    "shop": "Woolworths",
    "weight": "100G",
    "prices": [
      {
        "state": "VIC",
        "price": "1200",
        "price_per_unit": "115",
        "price_unit": "G"
      },
      {
        "state": "QLD",
        "price": "1200",
        "price_per_unit": "115",
        "price_unit": "G"
      },
      {
        "state": "WA",
        "price": "1200",
        "price_per_unit": "115",
        "price_unit": "G"
      },
      {
        "state": "SA",
        "price": "1200",
        "price_per_unit": "115",
        "price_unit": "G"
      },
      {
        "state": "TAS",
        "price": "1200",
        "price_per_unit": "115",
        "price_unit": "G"
      },
      {
        "state": "ACT",
        "price": "1200",
        "price_per_unit": "115",
        "price_unit": "G"
      },
      {
        "state": "NT",
        "price": "1200",
        "price_per_unit": "115",
        "price_unit": "G"
      }
    ]
  },
  {
    "source_url": "https://www.woolworths.com.au/shop/productdetails/248678/old-el-paso-fajita-dinner-kit-mexican-style",
    "name": "Old El Paso Fajita Dinner Kit Mexican Style 485g",
    "image_url": "https://cdn1.woolworths.media/content/wowproductimages/large/248678.jpg",
    "source_id": "Woolworths - 248678",
    "barcode": "9300695008383",
    "shop": "Woolworths",
    "weight": "100G",
    "prices": [
      {
        "state": "VIC",
        "price": "850",
        "price_per_unit": "175",
        "price_unit": "G"
      },
      {
        "state": "QLD",
        "price": "850",
        "price_per_unit": "175",
        "price_unit": "G"
      },
      {
        "state": "WA",
        "price": "850",
        "price_per_unit": "175",
        "price_unit": "G"
      },
      {
        "state": "SA",
        "price": "850",
        "price_per_unit": "175",
        "price_unit": "G"
      },
      {
        "state": "TAS",
        "price": "850",
        "price_per_unit": "175",
        "price_unit": "G"
      },
      {
        "state": "ACT",
        "price": "850",
        "price_per_unit": "175",
        "price_unit": "G"
      },
      {
        "state": "NT",
        "price": "850",
        "price_per_unit": "175",
        "price_unit": "G"
      }
    ]
  },
  {
    "source_url": "https://www.woolworths.com.au/shop/productdetails/335845/old-el-paso-family-tortilla-fajita-wraps",
    "name": "Old El Paso Family Tortilla Fajita Wraps 16 pack",
    "image_url": "https://cdn1.woolworths.media/content/wowproductimages/large/335845.jpg",
    "source_id": "Woolworths - 335845",
    "barcode": "9300695009175",
    "shop": "Woolworths",
    "weight": "100G",
    "prices": [
      {
        "state": "VIC",
        "price": "650",
        "price_per_unit": "102",
        "price_unit": "G"
      },
      {
        "state": "QLD",
        "price": "650",
        "price_per_unit": "102",
        "price_unit": "G"
      },
      {
        "state": "WA",
        "price": "650",
        "price_per_unit": "102",
        "price_unit": "G"
      },
      {
        "state": "SA",
        "price": "650",
        "price_per_unit": "102",
        "price_unit": "G"
      },
      {
        "state": "TAS",
        "price": "650",
        "price_per_unit": "102",
        "price_unit": "G"
      },
      {
        "state": "ACT",
        "price": "650",
        "price_per_unit": "102",
        "price_unit": "G"
      },
      {
        "state": "NT",
        "price": "650",
        "price_per_unit": "102",
        "price_unit": "G"
      }
    ]
  },
  {
    "source_url": "https://www.woolworths.com.au/shop/productdetails/391589/old-el-paso-fusion-soft-taco-kit-teriyaki-flavour",
    "name": "Old El Paso Fusion Soft Taco Kit Teriyaki Flavour 360g",
    "image_url": "https://cdn1.woolworths.media/content/wowproductimages/large/391589.jpg",
    "source_id": "Woolworths - 391589",
    "barcode": "9300695009298",
    "shop": "Woolworths",
    "weight": "100G",
    "prices": [
      {
        "state": "VIC",
        "price": "850",
        "price_per_unit": "236",
        "price_unit": "G"
      },
      {
        "state": "QLD",
        "price": "850",
        "price_per_unit": "236",
        "price_unit": "G"
      },
      {
        "state": "WA",
        "price": "850",
        "price_per_unit": "236",
        "price_unit": "G"
      },
      {
        "state": "SA",
        "price": "850",
        "price_per_unit": "236",
        "price_unit": "G"
      },
      {
        "state": "TAS",
        "price": "850",
        "price_per_unit": "236",
        "price_unit": "G"
      },
      {
        "state": "ACT",
        "price": "850",
        "price_per_unit": "236",
        "price_unit": "G"
      },
      {
        "state": "NT",
        "price": "850",
        "price_per_unit": "236",
        "price_unit": "G"
      }
    ]
  },
  {
    "source_url": "https://www.woolworths.com.au/shop/productdetails/230870/old-el-paso-gluten-free-jumbo-tortilla-wraps",
    "name": "Old El Paso Gluten Free Jumbo Tortilla Wraps 4 pack",
    "image_url": "https://cdn1.woolworths.media/content/wowproductimages/large/230870.jpg",
    "source_id": "Woolworths - 230870",
    "barcode": "8410076474797",
    "shop": "Woolworths",
    "weight": "100G",
    "prices": [
      {
        "state": "VIC",
        "price": "600",
        "price_per_unit": "279",
        "price_unit": "G"
      },
      {
        "state": "QLD",
        "price": "600",
        "price_per_unit": "279",
        "price_unit": "G"
      },
      {
        "state": "WA",
        "price": "600",
        "price_per_unit": "279",
        "price_unit": "G"
      },
      {
        "state": "SA",
        "price": "600",
        "price_per_unit": "279",
        "price_unit": "G"
      },
      {
        "state": "TAS",
        "price": "600",
        "price_per_unit": "279",
        "price_unit": "G"
      }
    ]
  },
  {
    "source_url": "https://www.woolworths.com.au/shop/productdetails/680455/old-el-paso-gluten-free-soft-taco-kit-mexican-style",
    "name": "Old El Paso Gluten Free Soft Taco Kit Mexican Style 418g",
    "image_url": "https://cdn1.woolworths.media/content/wowproductimages/large/680455.jpg",
    "source_id": "Woolworths - 680455",
    "barcode": "8410076473967",
    "shop": "Woolworths",
    "weight": "100G",
    "prices": [
      {
        "state": "VIC",
        "price": "950",
        "price_per_unit": "227",
        "price_unit": "G"
      },
      {
        "state": "QLD",
        "price": "950",
        "price_per_unit": "227",
        "price_unit": "G"
      },
      {
        "state": "WA",
        "price": "950",
        "price_per_unit": "227",
        "price_unit": "G"
      },
      {
        "state": "SA",
        "price": "950",
        "price_per_unit": "227",
        "price_unit": "G"
      },
      {
        "state": "TAS",
        "price": "950",
        "price_per_unit": "227",
        "price_unit": "G"
      },
      {
        "state": "NT",
        "price": "950",
        "price_per_unit": "227",
        "price_unit": "G"
      }
    ]
  },
  {
    "source_url": "https://www.woolworths.com.au/shop/productdetails/229703/old-el-paso-gluten-free-taco-spice-mix-mild",
    "name": "Old El Paso Gluten Free Taco Spice Mix Mild 30g",
    "image_url": "https://cdn1.woolworths.media/content/wowproductimages/large/229703.jpg",
    "source_id": "Woolworths - 229703",
    "barcode": "9300695009144",
    "shop": "Woolworths",
    "weight": "100G",
    "prices": [
      {
        "state": "VIC",
        "price": "300",
        "price_per_unit": "1000",
        "price_unit": "G"
      },
      {
        "state": "QLD",
        "price": "300",
        "price_per_unit": "1000",
        "price_unit": "G"
      },
      {
        "state": "WA",
        "price": "300",
        "price_per_unit": "1000",
        "price_unit": "G"
      },
      {
        "state": "SA",
        "price": "300",
        "price_per_unit": "1000",
        "price_unit": "G"
      },
      {
        "state": "TAS",
        "price": "300",
        "price_per_unit": "1000",
        "price_unit": "G"
      },
      {
        "state": "ACT",
        "price": "300",
        "price_per_unit": "1000",
        "price_unit": "G"
      },
      {
        "state": "NT",
        "price": "300",
        "price_per_unit": "1000",
        "price_unit": "G"
      }
    ]
  },
  {
    "source_url": "https://www.woolworths.com.au/shop/productdetails/680471/old-el-paso-gluten-free-tortilla-fajita-wraps",
    "name": "Old El Paso Gluten Free Tortilla Fajita Wraps 6 pack",
    "image_url": "https://cdn1.woolworths.media/content/wowproductimages/large/680471.jpg",
    "source_id": "Woolworths - 680471",
    "barcode": "8410076474018",
    "shop": "Woolworths",
    "weight": "100G",
    "prices": [
      {
        "state": "VIC",
        "price": "600",
        "price_per_unit": "278",
        "price_unit": "G"
      },
      {
        "state": "QLD",
        "price": "600",
        "price_per_unit": "278",
        "price_unit": "G"
      },
      {
        "state": "WA",
        "price": "600",
        "price_per_unit": "278",
        "price_unit": "G"
      },
      {
        "state": "SA",
        "price": "600",
        "price_per_unit": "278",
        "price_unit": "G"
      },
      {
        "state": "TAS",
        "price": "600",
        "price_per_unit": "278",
        "price_unit": "G"
      },
      {
        "state": "ACT",
        "price": "600",
        "price_per_unit": "278",
        "price_unit": "G"
      },
      {
        "state": "NT",
        "price": "600",
        "price_per_unit": "278",
        "price_unit": "G"
      }
    ]
  },
  {
    "source_url": "https://www.woolworths.com.au/shop/productdetails/15105/old-el-paso-green-jalapenos-green-jalapenos",
    "name": "Old El Paso Green Jalapenos Green Jalapenos 250g",
    "image_url": "https://cdn1.woolworths.media/content/wowproductimages/large/015105.jpg",
    "source_id": "Woolworths - 15105",
    "barcode": "9300695001483",
    "shop": "Woolworths",
    "weight": "100G",
    "prices": [
      {
        "state": "VIC",
        "price": "495",
        "price_per_unit": "198",
        "price_unit": "G"
      },
      {
        "state": "QLD",
        "price": "495",
        "price_per_unit": "198",
        "price_unit": "G"
      },
      {
        "state": "WA",
        "price": "495",
        "price_per_unit": "198",
        "price_unit": "G"
      },
      {
        "state": "SA",
        "price": "495",
        "price_per_unit": "198",
        "price_unit": "G"
      },
      {
        "state": "TAS",
        "price": "495",
        "price_per_unit": "198",
        "price_unit": "G"
      },
      {
        "state": "ACT",
        "price": "495",
        "price_per_unit": "198",
        "price_unit": "G"
      },
      {
        "state": "NT",
        "price": "520",
        "price_per_unit": "208",
        "price_unit": "G"
      }
    ]
  },
  {
    "source_url": "https://www.woolworths.com.au/shop/productdetails/46370/old-el-paso-jumbo-taco-shells-taco-shells",
    "name": "Old El Paso Jumbo Taco Shells Taco Shells 10 Pack",
    "image_url": "https://cdn1.woolworths.media/content/wowproductimages/large/046370.jpg",
    "source_id": "Woolworths - 46370",
    "barcode": "9300695001469",
    "shop": "Woolworths",
    "weight": "100G",
    "prices": [
      {
        "state": "VIC",
        "price": "550",
        "price_per_unit": "289",
        "price_unit": "G"
      },
      {
        "state": "QLD",
        "price": "550",
        "price_per_unit": "289",
        "price_unit": "G"
      },
      {
        "state": "WA",
        "price": "550",
        "price_per_unit": "289",
        "price_unit": "G"
      },
      {
        "state": "SA",
        "price": "550",
        "price_per_unit": "289",
        "price_unit": "G"
      },
      {
        "state": "TAS",
        "price": "550",
        "price_per_unit": "289",
        "price_unit": "G"
      },
      {
        "state": "ACT",
        "price": "550",
        "price_per_unit": "289",
        "price_unit": "G"
      },
      {
        "state": "NT",
        "price": "550",
        "price_per_unit": "289",
        "price_unit": "G"
      }
    ]
  },
  {
    "source_url": "https://www.woolworths.com.au/shop/productdetails/14040/old-el-paso-mexe-beans",
    "name": "Old El Paso Mexe Beans 425g",
    "image_url": "https://cdn1.woolworths.media/content/wowproductimages/large/014040.jpg",
    "source_id": "Woolworths - 14040",
    "barcode": "9300695001315",
    "shop": "Woolworths",
    "weight": "100G",
    "prices": [
      {
        "state": "VIC",
        "price": "450",
        "price_per_unit": "106",
        "price_unit": "G"
      },
      {
        "state": "QLD",
        "price": "450",
        "price_per_unit": "106",
        "price_unit": "G"
      },
      {
        "state": "WA",
        "price": "450",
        "price_per_unit": "106",
        "price_unit": "G"
      },
      {
        "state": "SA",
        "price": "450",
        "price_per_unit": "106",
        "price_unit": "G"
      },
      {
        "state": "TAS",
        "price": "450",
        "price_per_unit": "106",
        "price_unit": "G"
      },
      {
        "state": "ACT",
        "price": "450",
        "price_per_unit": "106",
        "price_unit": "G"
      },
      {
        "state": "NT",
        "price": "450",
        "price_per_unit": "106",
        "price_unit": "G"
      }
    ]
  },
  {
    "source_url": "https://www.woolworths.com.au/shop/productdetails/61751/old-el-paso-nachos-kit-mexican-style",
    "name": "Old El Paso Nachos Kit Mexican Style 505g",
    "image_url": "https://cdn1.woolworths.media/content/wowproductimages/large/061751.jpg",
    "source_id": "Woolworths - 61751",
    "barcode": "8410076482815",
    "shop": "Woolworths",
    "weight": "100G",
    "prices": [
      {
        "state": "VIC",
        "price": "950",
        "price_per_unit": "188",
        "price_unit": "G"
      },
      {
        "state": "QLD",
        "price": "950",
        "price_per_unit": "188",
        "price_unit": "G"
      },
      {
        "state": "WA",
        "price": "950",
        "price_per_unit": "188",
        "price_unit": "G"
      },
      {
        "state": "SA",
        "price": "950",
        "price_per_unit": "188",
        "price_unit": "G"
      },
      {
        "state": "TAS",
        "price": "950",
        "price_per_unit": "188",
        "price_unit": "G"
      },
      {
        "state": "NT",
        "price": "950",
        "price_per_unit": "188",
        "price_unit": "G"
      }
    ]
  },
  {
    "source_url": "https://www.woolworths.com.au/shop/productdetails/438936/old-el-paso-quesadilla-kit",
    "name": "Old El Paso Quesadilla Kit 365g",
    "image_url": "https://cdn1.woolworths.media/content/wowproductimages/large/438936.jpg",
    "source_id": "Woolworths - 438936",
    "barcode": "9300695009472",
    "shop": "Woolworths",
    "weight": "100G",
    "prices": [
      {
        "state": "VIC",
        "price": "850",
        "price_per_unit": "233",
        "price_unit": "G"
      },
      {
        "state": "QLD",
        "price": "850",
        "price_per_unit": "233",
        "price_unit": "G"
      },
      {
        "state": "WA",
        "price": "850",
        "price_per_unit": "233",
        "price_unit": "G"
      },
      {
        "state": "SA",
        "price": "850",
        "price_per_unit": "233",
        "price_unit": "G"
      },
      {
        "state": "TAS",
        "price": "850",
        "price_per_unit": "233",
        "price_unit": "G"
      },
      {
        "state": "ACT",
        "price": "850",
        "price_per_unit": "233",
        "price_unit": "G"
      },
      {
        "state": "NT",
        "price": "850",
        "price_per_unit": "233",
        "price_unit": "G"
      }
    ]
  },
  {
    "source_url": "https://www.woolworths.com.au/shop/productdetails/454529/old-el-paso-sizzling-fajitas-mild-cooking-sauce",
    "name": "Old El Paso Sizzling Fajitas Mild Cooking Sauce 170g",
    "image_url": "https://cdn1.woolworths.media/content/wowproductimages/large/454529.jpg",
    "source_id": "Woolworths - 454529",
    "barcode": "9300695009403",
    "shop": "Woolworths",
    "weight": "100G",
    "prices": [
      {
        "state": "VIC",
        "price": "450",
        "price_per_unit": "265",
        "price_unit": "G"
      },
      {
        "state": "QLD",
        "price": "450",
        "price_per_unit": "265",
        "price_unit": "G"
      },
      {
        "state": "WA",
        "price": "450",
        "price_per_unit": "265",
        "price_unit": "G"
      },
      {
        "state": "SA",
        "price": "450",
        "price_per_unit": "265",
        "price_unit": "G"
      },
      {
        "state": "TAS",
        "price": "450",
        "price_per_unit": "265",
        "price_unit": "G"
      },
      {
        "state": "ACT",
        "price": "450",
        "price_per_unit": "265",
        "price_unit": "G"
      },
      {
        "state": "NT",
        "price": "450",
        "price_per_unit": "265",
        "price_unit": "G"
      }
    ]
  },
  {
    "source_url": "https://www.woolworths.com.au/shop/productdetails/939188/old-el-paso-smoky-sweet-barbacoa-topping-sauce-medium",
    "name": "Old El Paso Smoky & Sweet Barbacoa Topping Sauce Medium 263g",
    "image_url": "https://cdn1.woolworths.media/content/wowproductimages/large/939188.jpg",
    "source_id": "Woolworths - 939188",
    "barcode": "8410076421937",
    "shop": "Woolworths",
    "weight": "100G",
    "prices": [
      {
        "state": "VIC",
        "price": "500",
        "price_per_unit": "190",
        "price_unit": "G"
      },
      {
        "state": "QLD",
        "price": "500",
        "price_per_unit": "190",
        "price_unit": "G"
      },
      {
        "state": "WA",
        "price": "500",
        "price_per_unit": "190",
        "price_unit": "G"
      },
      {
        "state": "TAS",
        "price": "500",
        "price_per_unit": "190",
        "price_unit": "G"
      },
      {
        "state": "NT",
        "price": "500",
        "price_per_unit": "190",
        "price_unit": "G"
      }
    ]
  },
  {
    "source_url": "https://www.woolworths.com.au/shop/productdetails/420787/old-el-paso-soft-taco-chicken-tinga-spice-mix-mild",
    "name": "Old El Paso Soft Taco Chicken Tinga Spice Mix Mild 30g",
    "image_url": "https://cdn1.woolworths.media/content/wowproductimages/large/420787.jpg",
    "source_id": "Woolworths - 420787",
    "barcode": "9300695009458",
    "shop": "Woolworths",
    "weight": "100G",
    "prices": [
      {
        "state": "VIC",
        "price": "300",
        "price_per_unit": "1000",
        "price_unit": "G"
      },
      {
        "state": "QLD",
        "price": "300",
        "price_per_unit": "1000",
        "price_unit": "G"
      },
      {
        "state": "WA",
        "price": "300",
        "price_per_unit": "1000",
        "price_unit": "G"
      },
      {
        "state": "SA",
        "price": "300",
        "price_per_unit": "1000",
        "price_unit": "G"
      },
      {
        "state": "TAS",
        "price": "300",
        "price_per_unit": "1000",
        "price_unit": "G"
      },
      {
        "state": "ACT",
        "price": "300",
        "price_per_unit": "1000",
        "price_unit": "G"
      },
      {
        "state": "NT",
        "price": "300",
        "price_per_unit": "1000",
        "price_unit": "G"
      }
    ]
  },
  {
    "source_url": "https://www.woolworths.com.au/shop/productdetails/514479/old-el-paso-stand-n-stuff-mini-taco-tortillas",
    "name": "Old El Paso Stand 'n Stuff Mini Taco Tortillas 12 Pack",
    "image_url": "https://cdn1.woolworths.media/content/wowproductimages/large/514479.jpg",
    "source_id": "Woolworths - 514479",
    "barcode": "8410076473332",
    "shop": "Woolworths",
    "weight": "100G",
    "prices": [
      {
        "state": "VIC",
        "price": "600",
        "price_per_unit": "414",
        "price_unit": "G"
      },
      {
        "state": "QLD",
        "price": "600",
        "price_per_unit": "414",
        "price_unit": "G"
      },
      {
        "state": "WA",
        "price": "600",
        "price_per_unit": "414",
        "price_unit": "G"
      },
      {
        "state": "SA",
        "price": "600",
        "price_per_unit": "414",
        "price_unit": "G"
      },
      {
        "state": "TAS",
        "price": "600",
        "price_per_unit": "414",
        "price_unit": "G"
      },
      {
        "state": "ACT",
        "price": "600",
        "price_per_unit": "414",
        "price_unit": "G"
      },
      {
        "state": "NT",
        "price": "600",
        "price_per_unit": "414",
        "price_unit": "G"
      }
    ]
  },
  {
    "source_url": "https://www.woolworths.com.au/shop/productdetails/787266/old-el-paso-stand-n-stuff-soft-taco-kit-mexican-style",
    "name": "Old El Paso Stand 'n Stuff Soft Taco Kit Mexican Style 348g",
    "image_url": "https://cdn1.woolworths.media/content/wowproductimages/large/787266.jpg",
    "source_id": "Woolworths - 787266",
    "barcode": "8410076472182",
    "shop": "Woolworths",
    "weight": "100G",
    "prices": [
      {
        "state": "VIC",
        "price": "950",
        "price_per_unit": "273",
        "price_unit": "G"
      },
      {
        "state": "QLD",
        "price": "950",
        "price_per_unit": "273",
        "price_unit": "G"
      },
      {
        "state": "WA",
        "price": "950",
        "price_per_unit": "273",
        "price_unit": "G"
      },
      {
        "state": "SA",
        "price": "950",
        "price_per_unit": "273",
        "price_unit": "G"
      },
      {
        "state": "TAS",
        "price": "950",
        "price_per_unit": "273",
        "price_unit": "G"
      },
      {
        "state": "ACT",
        "price": "950",
        "price_per_unit": "273",
        "price_unit": "G"
      },
      {
        "state": "NT",
        "price": "950",
        "price_per_unit": "273",
        "price_unit": "G"
      }
    ]
  },
  {
    "source_url": "https://www.woolworths.com.au/shop/productdetails/514871/old-el-paso-stand-n-stuff-taco-shells-taco-shells",
    "name": "Old El Paso Stand 'n Stuff Taco Shells Taco Shells 10 Pack",
    "image_url": "https://cdn1.woolworths.media/content/wowproductimages/large/514871.jpg",
    "source_id": "Woolworths - 514871",
    "barcode": "8410076482167",
    "shop": "Woolworths",
    "weight": "100G",
    "prices": [
      {
        "state": "VIC",
        "price": "550",
        "price_per_unit": "344",
        "price_unit": "G"
      },
      {
        "state": "QLD",
        "price": "550",
        "price_per_unit": "344",
        "price_unit": "G"
      },
      {
        "state": "WA",
        "price": "550",
        "price_per_unit": "344",
        "price_unit": "G"
      },
      {
        "state": "SA",
        "price": "550",
        "price_per_unit": "344",
        "price_unit": "G"
      },
      {
        "state": "TAS",
        "price": "550",
        "price_per_unit": "344",
        "price_unit": "G"
      },
      {
        "state": "ACT",
        "price": "550",
        "price_per_unit": "344",
        "price_unit": "G"
      },
      {
        "state": "NT",
        "price": "550",
        "price_per_unit": "344",
        "price_unit": "G"
      }
    ]
  },
  {
    "source_url": "https://www.woolworths.com.au/shop/productdetails/169871/old-el-paso-street-market-white-corn-tortilla-taco-wraps",
    "name": "Old El Paso Street Market White Corn Tortilla Taco Wraps 10 pack",
    "image_url": "https://cdn1.woolworths.media/content/wowproductimages/large/169871.jpg",
    "source_id": "Woolworths - 169871",
    "barcode": "8410076483041",
    "shop": "Woolworths",
    "weight": "100G",
    "prices": [
      {
        "state": "VIC",
        "price": "500",
        "price_per_unit": "240",
        "price_unit": "G"
      },
      {
        "state": "QLD",
        "price": "500",
        "price_per_unit": "240",
        "price_unit": "G"
      },
      {
        "state": "WA",
        "price": "500",
        "price_per_unit": "240",
        "price_unit": "G"
      },
      {
        "state": "SA",
        "price": "500",
        "price_per_unit": "240",
        "price_unit": "G"
      },
      {
        "state": "TAS",
        "price": "500",
        "price_per_unit": "240",
        "price_unit": "G"
      },
      {
        "state": "ACT",
        "price": "500",
        "price_per_unit": "240",
        "price_unit": "G"
      },
      {
        "state": "NT",
        "price": "500",
        "price_per_unit": "240",
        "price_unit": "G"
      }
    ]
  },
  {
    "source_url": "https://www.woolworths.com.au/shop/productdetails/936398/old-el-paso-sweet-jalapeno-lime-topping-sauce",
    "name": "Old El Paso Sweet Jalapeno & Lime Topping Sauce 255g",
    "image_url": "https://cdn1.woolworths.media/content/wowproductimages/large/936398.jpg",
    "source_id": "Woolworths - 936398",
    "barcode": "8410076421982",
    "shop": "Woolworths",
    "weight": "100G",
    "prices": [
      {
        "state": "VIC",
        "price": "500",
        "price_per_unit": "196",
        "price_unit": "G"
      },
      {
        "state": "QLD",
        "price": "500",
        "price_per_unit": "196",
        "price_unit": "G"
      },
      {
        "state": "WA",
        "price": "500",
        "price_per_unit": "196",
        "price_unit": "G"
      },
      {
        "state": "TAS",
        "price": "500",
        "price_per_unit": "196",
        "price_unit": "G"
      },
      {
        "state": "NT",
        "price": "500",
        "price_per_unit": "196",
        "price_unit": "G"
      }
    ]
  },
  {
    "source_url": "https://www.woolworths.com.au/shop/productdetails/93453/old-el-paso-taco-kit-mexican-style-taco-kit",
    "name": "Old El Paso Taco Kit Mexican Style Taco Kit 290g",
    "image_url": "https://cdn1.woolworths.media/content/wowproductimages/large/093453.jpg",
    "source_id": "Woolworths - 93453",
    "barcode": "9300695001254",
    "shop": "Woolworths",
    "weight": "100G",
    "prices": [
      {
        "state": "VIC",
        "price": "850",
        "price_per_unit": "293",
        "price_unit": "G"
      },
      {
        "state": "QLD",
        "price": "850",
        "price_per_unit": "293",
        "price_unit": "G"
      },
      {
        "state": "WA",
        "price": "850",
        "price_per_unit": "293",
        "price_unit": "G"
      },
      {
        "state": "SA",
        "price": "850",
        "price_per_unit": "293",
        "price_unit": "G"
      },
      {
        "state": "TAS",
        "price": "850",
        "price_per_unit": "293",
        "price_unit": "G"
      },
      {
        "state": "ACT",
        "price": "850",
        "price_per_unit": "293",
        "price_unit": "G"
      },
      {
        "state": "NT",
        "price": "850",
        "price_per_unit": "293",
        "price_unit": "G"
      }
    ]
  },
  {
    "source_url": "https://www.woolworths.com.au/shop/productdetails/93441/old-el-paso-taco-sauce-hot-taco-sauce",
    "name": "Old El Paso Taco Sauce Hot Taco Sauce 200g",
    "image_url": "https://cdn1.woolworths.media/content/wowproductimages/large/093441.jpg",
    "source_id": "Woolworths - 93441",
    "barcode": "9300695001513",
    "shop": "Woolworths",
    "weight": "100G",
    "prices": [
      {
        "state": "VIC",
        "price": "450",
        "price_per_unit": "225",
        "price_unit": "G"
      },
      {
        "state": "QLD",
        "price": "450",
        "price_per_unit": "225",
        "price_unit": "G"
      },
      {
        "state": "WA",
        "price": "450",
        "price_per_unit": "225",
        "price_unit": "G"
      },
      {
        "state": "SA",
        "price": "450",
        "price_per_unit": "225",
        "price_unit": "G"
      },
      {
        "state": "TAS",
        "price": "450",
        "price_per_unit": "225",
        "price_unit": "G"
      },
      {
        "state": "ACT",
        "price": "450",
        "price_per_unit": "225",
        "price_unit": "G"
      },
      {
        "state": "NT",
        "price": "450",
        "price_per_unit": "225",
        "price_unit": "G"
      }
    ]
  },
  {
    "source_url": "https://www.woolworths.com.au/shop/productdetails/93443/old-el-paso-taco-sauce-medium-taco-sauce",
    "name": "Old El Paso Taco Sauce Medium Taco Sauce 200g",
    "image_url": "https://cdn1.woolworths.media/content/wowproductimages/large/093443.jpg",
    "source_id": "Woolworths - 93443",
    "barcode": "9300695001506",
    "shop": "Woolworths",
    "weight": "100G",
    "prices": [
      {
        "state": "VIC",
        "price": "450",
        "price_per_unit": "225",
        "price_unit": "G"
      },
      {
        "state": "QLD",
        "price": "450",
        "price_per_unit": "225",
        "price_unit": "G"
      },
      {
        "state": "WA",
        "price": "450",
        "price_per_unit": "225",
        "price_unit": "G"
      },
      {
        "state": "SA",
        "price": "450",
        "price_per_unit": "225",
        "price_unit": "G"
      },
      {
        "state": "TAS",
        "price": "450",
        "price_per_unit": "225",
        "price_unit": "G"
      },
      {
        "state": "ACT",
        "price": "450",
        "price_per_unit": "225",
        "price_unit": "G"
      },
      {
        "state": "NT",
        "price": "450",
        "price_per_unit": "225",
        "price_unit": "G"
      }
    ]
  },
  {
    "source_url": "https://www.woolworths.com.au/shop/productdetails/886914/old-el-paso-taco-shells-big-family-size",
    "name": "Old El Paso Taco Shells Big Family Size 18 pack",
    "image_url": "https://cdn1.woolworths.media/content/wowproductimages/large/886914.jpg",
    "source_id": "Woolworths - 886914",
    "barcode": "8410076482822",
    "shop": "Woolworths",
    "weight": "100G",
    "prices": [
      {
        "state": "VIC",
        "price": "600",
        "price_per_unit": "256",
        "price_unit": "G"
      },
      {
        "state": "QLD",
        "price": "600",
        "price_per_unit": "256",
        "price_unit": "G"
      },
      {
        "state": "WA",
        "price": "600",
        "price_per_unit": "256",
        "price_unit": "G"
      },
      {
        "state": "SA",
        "price": "600",
        "price_per_unit": "256",
        "price_unit": "G"
      },
      {
        "state": "TAS",
        "price": "600",
        "price_per_unit": "256",
        "price_unit": "G"
      },
      {
        "state": "ACT",
        "price": "600",
        "price_per_unit": "256",
        "price_unit": "G"
      },
      {
        "state": "NT",
        "price": "600",
        "price_per_unit": "256",
        "price_unit": "G"
      }
    ]
  },
  {
    "source_url": "https://www.woolworths.com.au/shop/productdetails/311381/old-el-paso-taco-spice-mix-fiery-hot",
    "name": "Old El Paso Taco Spice Mix Fiery Hot 35g",
    "image_url": "https://cdn1.woolworths.media/content/wowproductimages/large/311381.jpg",
    "source_id": "Woolworths - 311381",
    "barcode": "9300695009281",
    "shop": "Woolworths",
    "weight": "100G",
    "prices": [
      {
        "state": "VIC",
        "price": "300",
        "price_per_unit": "857",
        "price_unit": "G"
      },
      {
        "state": "QLD",
        "price": "300",
        "price_per_unit": "857",
        "price_unit": "G"
      },
      {
        "state": "WA",
        "price": "300",
        "price_per_unit": "857",
        "price_unit": "G"
      },
      {
        "state": "SA",
        "price": "300",
        "price_per_unit": "857",
        "price_unit": "G"
      },
      {
        "state": "TAS",
        "price": "300",
        "price_per_unit": "857",
        "price_unit": "G"
      },
      {
        "state": "ACT",
        "price": "300",
        "price_per_unit": "857",
        "price_unit": "G"
      },
      {
        "state": "NT",
        "price": "300",
        "price_per_unit": "857",
        "price_unit": "G"
      }
    ]
  },
  {
    "source_url": "https://www.woolworths.com.au/shop/productdetails/70728/old-el-paso-thick-n-chunky-salsa-medium-thick-chunky",
    "name": "Old El Paso Thick 'N Chunky Salsa Medium 375g",
    "image_url": "https://cdn1.woolworths.media/content/wowproductimages/large/070728.jpg",
    "source_id": "Woolworths - 70728",
    "barcode": "9300695001551",
    "shop": "Woolworths",
    "weight": "100G",
    "prices": [
      {
        "state": "VIC",
        "price": "550",
        "price_per_unit": "147",
        "price_unit": "G"
      },
      {
        "state": "QLD",
        "price": "550",
        "price_per_unit": "147",
        "price_unit": "G"
      },
      {
        "state": "WA",
        "price": "550",
        "price_per_unit": "147",
        "price_unit": "G"
      },
      {
        "state": "SA",
        "price": "550",
        "price_per_unit": "147",
        "price_unit": "G"
      },
      {
        "state": "TAS",
        "price": "550",
        "price_per_unit": "147",
        "price_unit": "G"
      },
      {
        "state": "ACT",
        "price": "550",
        "price_per_unit": "147",
        "price_unit": "G"
      },
      {
        "state": "NT",
        "price": "550",
        "price_per_unit": "147",
        "price_unit": "G"
      }
    ]
  },
  {
    "source_url": "https://www.woolworths.com.au/shop/productdetails/920883/old-el-paso-tortilla-corn-chips-original",
    "name": "Old El Paso Tortilla Corn Chips Original 350g",
    "image_url": "https://cdn1.woolworths.media/content/wowproductimages/large/920883.jpg",
    "source_id": "Woolworths - 920883",
    "barcode": "8410076483218",
    "shop": "Woolworths",
    "weight": "100G",
    "prices": [
      {
        "state": "VIC",
        "price": "695",
        "price_per_unit": "199",
        "price_unit": "G"
      },
      {
        "state": "QLD",
        "price": "695",
        "price_per_unit": "199",
        "price_unit": "G"
      },
      {
        "state": "WA",
        "price": "695",
        "price_per_unit": "199",
        "price_unit": "G"
      },
      {
        "state": "SA",
        "price": "695",
        "price_per_unit": "199",
        "price_unit": "G"
      },
      {
        "state": "TAS",
        "price": "695",
        "price_per_unit": "199",
        "price_unit": "G"
      },
      {
        "state": "ACT",
        "price": "695",
        "price_per_unit": "199",
        "price_unit": "G"
      },
      {
        "state": "NT",
        "price": "695",
        "price_per_unit": "199",
        "price_unit": "G"
      }
    ]
  },
  {
    "source_url": "https://www.woolworths.com.au/shop/productdetails/106518/old-el-paso-tortilla-pockets",
    "name": "Old El Paso Tortilla Pockets 8 pack",
    "image_url": "https://cdn1.woolworths.media/content/wowproductimages/large/106518.jpg",
    "source_id": "Woolworths - 106518",
    "barcode": "8410076474612",
    "shop": "Woolworths",
    "weight": "100G",
    "prices": [
      {
        "state": "VIC",
        "price": "600",
        "price_per_unit": "269",
        "price_unit": "G"
      },
      {
        "state": "QLD",
        "price": "600",
        "price_per_unit": "269",
        "price_unit": "G"
      },
      {
        "state": "WA",
        "price": "600",
        "price_per_unit": "269",
        "price_unit": "G"
      },
      {
        "state": "SA",
        "price": "600",
        "price_per_unit": "269",
        "price_unit": "G"
      },
      {
        "state": "TAS",
        "price": "600",
        "price_per_unit": "269",
        "price_unit": "G"
      },
      {
        "state": "NT",
        "price": "600",
        "price_per_unit": "269",
        "price_unit": "G"
      }
    ]
  },
  {
    "source_url": "https://www.woolworths.com.au/shop/productdetails/108174/old-el-paso-tortilla-pockets-kit-original-mexican-style",
    "name": "Old El Paso Tortilla Pockets Kit Original Mexican Style 375g",
    "image_url": "https://cdn1.woolworths.media/content/wowproductimages/large/108174.jpg",
    "source_id": "Woolworths - 108174",
    "barcode": "8410076474674",
    "shop": "Woolworths",
    "weight": "100G",
    "prices": [
      {
        "state": "VIC",
        "price": "950",
        "price_per_unit": "253",
        "price_unit": "G"
      },
      {
        "state": "QLD",
        "price": "950",
        "price_per_unit": "253",
        "price_unit": "G"
      },
      {
        "state": "WA",
        "price": "950",
        "price_per_unit": "253",
        "price_unit": "G"
      },
      {
        "state": "SA",
        "price": "950",
        "price_per_unit": "253",
        "price_unit": "G"
      },
      {
        "state": "TAS",
        "price": "950",
        "price_per_unit": "253",
        "price_unit": "G"
      },
      {
        "state": "NT",
        "price": "950",
        "price_per_unit": "253",
        "price_unit": "G"
      }
    ]
  },
  {
    "source_url": "https://www.woolworths.com.au/shop/productdetails/297890/old-el-paso-wholegrain-tortilla-fajita-wraps",
    "name": "Old El Paso Wholegrain Tortilla Fajita Wraps 6 pack",
    "image_url": "https://cdn1.woolworths.media/content/wowproductimages/large/297890.jpg",
    "source_id": "Woolworths - 297890",
    "barcode": "9300695009168",
    "shop": "Woolworths",
    "weight": "100G",
    "prices": [
      {
        "state": "VIC",
        "price": "450",
        "price_per_unit": "188",
        "price_unit": "G"
      },
      {
        "state": "QLD",
        "price": "450",
        "price_per_unit": "188",
        "price_unit": "G"
      },
      {
        "state": "WA",
        "price": "450",
        "price_per_unit": "188",
        "price_unit": "G"
      },
      {
        "state": "SA",
        "price": "450",
        "price_per_unit": "188",
        "price_unit": "G"
      },
      {
        "state": "TAS",
        "price": "450",
        "price_per_unit": "188",
        "price_unit": "G"
      },
      {
        "state": "ACT",
        "price": "450",
        "price_per_unit": "188",
        "price_unit": "G"
      },
      {
        "state": "NT",
        "price": "450",
        "price_per_unit": "188",
        "price_unit": "G"
      }
    ]
  },
  {
    "source_url": "https://www.woolworths.com.au/shop/productdetails/439724/pan-white-corn-flour",
    "name": "Pan White Corn Flour 1Kg",
    "image_url": "https://cdn1.woolworths.media/content/wowproductimages/large/439724.jpg",
    "source_id": "Woolworths - 439724",
    "barcode": "739907000010",
    "shop": "Woolworths",
    "weight": "100G",
    "prices": [
      {
        "state": "VIC",
        "price": "600",
        "price_per_unit": "60",
        "price_unit": "G"
      },
      {
        "state": "QLD",
        "price": "600",
        "price_per_unit": "60",
        "price_unit": "G"
      },
      {
        "state": "WA",
        "price": "600",
        "price_per_unit": "60",
        "price_unit": "G"
      },
      {
        "state": "SA",
        "price": "600",
        "price_per_unit": "60",
        "price_unit": "G"
      },
      {
        "state": "TAS",
        "price": "600",
        "price_per_unit": "60",
        "price_unit": "G"
      },
      {
        "state": "ACT",
        "price": "600",
        "price_per_unit": "60",
        "price_unit": "G"
      }
    ]
  },
  {
    "source_url": "https://www.woolworths.com.au/shop/productdetails/109297/sonora-corn-chips-salted",
    "name": "Sonora Corn Chips Salted 500G",
    "image_url": "https://cdn1.woolworths.media/content/wowproductimages/large/109297.jpg",
    "source_id": "Woolworths - 109297",
    "barcode": "9335589400035",
    "shop": "Woolworths",
    "weight": "100G",
    "prices": [
      {
        "state": "VIC",
        "price": "740",
        "price_per_unit": "148",
        "price_unit": "G"
      },
      {
        "state": "QLD",
        "price": "740",
        "price_per_unit": "148",
        "price_unit": "G"
      },
      {
        "state": "WA",
        "price": "740",
        "price_per_unit": "148",
        "price_unit": "G"
      },
      {
        "state": "SA",
        "price": "740",
        "price_per_unit": "148",
        "price_unit": "G"
      },
      {
        "state": "TAS",
        "price": "690",
        "price_per_unit": "138",
        "price_unit": "G"
      },
      {
        "state": "ACT",
        "price": "690",
        "price_per_unit": "138",
        "price_unit": "G"
      },
      {
        "state": "NT",
        "price": "690",
        "price_per_unit": "138",
        "price_unit": "G"
      }
    ]
  },
  {
    "source_url": "https://www.woolworths.com.au/shop/productdetails/109518/sonora-supreme-cheese-corn-chips",
    "name": "Sonora Supreme Cheese Corn Chips 500g",
    "image_url": "https://cdn1.woolworths.media/content/wowproductimages/large/109518.jpg",
    "source_id": "Woolworths - 109518",
    "barcode": "9355894000058",
    "shop": "Woolworths",
    "weight": "100G",
    "prices": [
      {
        "state": "VIC",
        "price": "740",
        "price_per_unit": "148",
        "price_unit": "G"
      },
      {
        "state": "QLD",
        "price": "740",
        "price_per_unit": "148",
        "price_unit": "G"
      },
      {
        "state": "WA",
        "price": "740",
        "price_per_unit": "148",
        "price_unit": "G"
      },
      {
        "state": "SA",
        "price": "740",
        "price_per_unit": "148",
        "price_unit": "G"
      },
      {
        "state": "TAS",
        "price": "690",
        "price_per_unit": "138",
        "price_unit": "G"
      },
      {
        "state": "ACT",
        "price": "690",
        "price_per_unit": "138",
        "price_unit": "G"
      }
    ]
  },
  {
    "source_url": "https://www.woolworths.com.au/shop/productdetails/259361/tajin-mexican-classic-seasoning",
    "name": "Tajin Mexican Classic Seasoning 142g",
    "image_url": "https://cdn1.woolworths.media/content/wowproductimages/large/259361.jpg",
    "source_id": "Woolworths - 259361",
    "barcode": "633148100013",
    "shop": "Woolworths",
    "weight": "100G",
    "prices": [
      {
        "state": "VIC",
        "price": "560",
        "price_per_unit": "394",
        "price_unit": "G"
      },
      {
        "state": "QLD",
        "price": "560",
        "price_per_unit": "394",
        "price_unit": "G"
      },
      {
        "state": "WA",
        "price": "560",
        "price_per_unit": "394",
        "price_unit": "G"
      },
      {
        "state": "SA",
        "price": "560",
        "price_per_unit": "394",
        "price_unit": "G"
      },
      {
        "state": "TAS",
        "price": "560",
        "price_per_unit": "394",
        "price_unit": "G"
      },
      {
        "state": "NT",
        "price": "560",
        "price_per_unit": "394",
        "price_unit": "G"
      }
    ]
  },
  {
    "source_url": "https://www.woolworths.com.au/shop/productdetails/777201/woolworths-free-from-gluten-ingredients-tortilla-corn",
    "name": "Woolworths Free From Gluten Ingredients Tortilla Corn 280g",
    "image_url": "https://cdn1.woolworths.media/content/wowproductimages/large/777201.jpg",
    "source_id": "Woolworths - 777201",
    "barcode": "9300633468217",
    "shop": "Woolworths",
    "weight": "100G",
    "prices": [
      {
        "state": "VIC",
        "price": "390",
        "price_per_unit": "139",
        "price_unit": "G"
      },
      {
        "state": "TAS",
        "price": "390",
        "price_per_unit": "139",
        "price_unit": "G"
      },
      {
        "state": "ACT",
        "price": "390",
        "price_per_unit": "139",
        "price_unit": "G"
      },
      {
        "state": "NT",
        "price": "390",
        "price_per_unit": "139",
        "price_unit": "G"
      }
    ]
  },
  {
    "source_url": "https://www.woolworths.com.au/shop/productdetails/780921/woolworths-salsa-chunky-medium",
    "name": "Woolworths Salsa Chunky Medium 375g",
    "image_url": "https://cdn1.woolworths.media/content/wowproductimages/large/780921.jpg",
    "source_id": "Woolworths - 780921",
    "barcode": "9300633485597",
    "shop": "Woolworths",
    "weight": "100G",
    "prices": [
      {
        "state": "VIC",
        "price": "370",
        "price_per_unit": "99",
        "price_unit": "G"
      },
      {
        "state": "TAS",
        "price": "370",
        "price_per_unit": "99",
        "price_unit": "G"
      },
      null
    ]
  },
  {
    "source_url": "https://www.woolworths.com.au/shop/productdetails/780922/woolworths-salsa-chunky-mild",
    "name": "Woolworths Salsa Chunky Mild 375g",
    "image_url": "https://cdn1.woolworths.media/content/wowproductimages/large/780922.jpg",
    "source_id": "Woolworths - 780922",
    "barcode": "9300633485603",
    "shop": "Woolworths",
    "weight": "100G",
    "prices": [
      {
        "state": "VIC",
        "price": "370",
        "price_per_unit": "99",
        "price_unit": "G"
      },
      {
        "state": "TAS",
        "price": "370",
        "price_per_unit": "99",
        "price_unit": "G"
      },
      {
        "state": "NT",
        "price": "370",
        "price_per_unit": "99",
        "price_unit": "G"
      }
    ]
  },
  {
    "source_url": "https://www.woolworths.com.au/shop/productdetails/377369/desert-pepper-divino-salsa",
    "name": "Desert Pepper Divino Salsa 454g",
    "image_url": "https://cdn1.woolworths.media/content/wowproductimages/large/377369.jpg",
    "source_id": "Woolworths - 377369",
    "barcode": "719212799243",
    "shop": "Woolworths",
    "weight": "100G",
    "prices": [
      {
        "state": "SA",
        "price": "980",
        "price_per_unit": "216",
        "price_unit": "G"
      },
      {
        "state": "TAS",
        "price": "980",
        "price_per_unit": "216",
        "price_unit": "G"
      },
      {
        "state": "ACT",
        "price": "980",
        "price_per_unit": "216",
        "price_unit": "G"
      }
    ]
  },
  {
    "source_url": "https://www.woolworths.com.au/shop/productdetails/377156/desert-pepper-roasted-tomato-chipotle-corn-salsa-medium",
    "name": "Desert Pepper Roasted Tomato Chipotle Corn Salsa Medium 454G",
    "image_url": "https://cdn1.woolworths.media/content/wowproductimages/large/377156.jpg",
    "source_id": "Woolworths - 377156",
    "barcode": "719212101039",
    "shop": "Woolworths",
    "weight": "100G",
    "prices": [
      {
        "state": "SA",
        "price": "980",
        "price_per_unit": "216",
        "price_unit": "G"
      },
      {
        "state": "TAS",
        "price": "980",
        "price_per_unit": "216",
        "price_unit": "G"
      }
    ]
  },
  {
    "source_url": "https://www.woolworths.com.au/shop/productdetails/377159/desert-pepper-salsa-del-rio-medium",
    "name": "Desert Pepper Salsa Del Rio Medium 454G",
    "image_url": "https://cdn1.woolworths.media/content/wowproductimages/large/377159.jpg",
    "source_id": "Woolworths - 377159",
    "barcode": "719212799229",
    "shop": "Woolworths",
    "weight": "100G",
    "prices": [
      {
        "state": "SA",
        "price": "980",
        "price_per_unit": "216",
        "price_unit": "G"
      },
      {
        "state": "TAS",
        "price": "980",
        "price_per_unit": "216",
        "price_unit": "G"
      }
    ]
  },
  {
    "source_url": "https://www.woolworths.com.au/shop/productdetails/377346/desert-pepper-salsa-diablo-hot",
    "name": "Desert Pepper Salsa Diablo Hot 454g",
    "image_url": "https://cdn1.woolworths.media/content/wowproductimages/large/377346.jpg",
    "source_id": "Woolworths - 377346",
    "barcode": "719212799236",
    "shop": "Woolworths",
    "weight": "100G",
    "prices": [
      {
        "state": "SA",
        "price": "980",
        "price_per_unit": "216",
        "price_unit": "G"
      },
      {
        "state": "TAS",
        "price": "980",
        "price_per_unit": "216",
        "price_unit": "G"
      }
    ]
  },
  {
    "source_url": "https://www.woolworths.com.au/shop/productdetails/738768/desert-pepper-tequila-salsa",
    "name": "Desert Pepper Tequila Salsa 454G",
    "image_url": "https://cdn1.woolworths.media/content/wowproductimages/large/738768.jpg",
    "source_id": "Woolworths - 738768",
    "barcode": "719212101114",
    "shop": "Woolworths",
    "weight": "100G",
    "prices": [
      {
        "state": "SA",
        "price": "980",
        "price_per_unit": "216",
        "price_unit": "G"
      },
      {
        "state": "TAS",
        "price": "980",
        "price_per_unit": "216",
        "price_unit": "G"
      }
    ]
  },
  {
    "source_url": "https://www.woolworths.com.au/shop/productdetails/194424/el-pato-hot-chilli-peppers",
    "name": "El Pato Hot Chilli Peppers 340g",
    "image_url": "https://cdn1.woolworths.media/content/wowproductimages/large/194424.jpg",
    "source_id": "Woolworths - 194424",
    "barcode": "72360000846",
    "shop": "Woolworths",
    "weight": "100G",
    "prices": [
      {
        "state": "SA",
        "price": "640",
        "price_per_unit": "188",
        "price_unit": "G"
      },
      null,
      {
        "state": "ACT",
        "price": "640",
        "price_per_unit": "188",
        "price_unit": "G"
      }
    ]
  },
  {
    "source_url": "https://www.woolworths.com.au/shop/productdetails/193379/el-pato-hot-sauce",
    "name": "El Pato Hot Sauce 355ml",
    "image_url": "https://cdn1.woolworths.media/content/wowproductimages/large/193379.jpg",
    "source_id": "Woolworths - 193379",
    "barcode": "72360000204",
    "shop": "Woolworths",
    "weight": "100ML",
    "prices": [
      {
        "state": "SA",
        "price": "480",
        "price_per_unit": "135",
        "price_unit": "ML"
      },
      {
        "state": "TAS",
        "price": "600",
        "price_per_unit": "169",
        "price_unit": "ML"
      },
      {
        "state": "ACT",
        "price": "600",
        "price_per_unit": "169",
        "price_unit": "ML"
      }
    ]
  },
  {
    "source_url": "https://www.woolworths.com.au/shop/productdetails/193714/el-pato-jalapeno-sauce",
    "name": "El Pato Jalapeno Sauce 220g",
    "image_url": "https://cdn1.woolworths.media/content/wowproductimages/large/193714.jpg",
    "source_id": "Woolworths - 193714",
    "barcode": "72360002031",
    "shop": "Woolworths",
    "weight": "100G",
    "prices": [
      {
        "state": "SA",
        "price": "400",
        "price_per_unit": "182",
        "price_unit": "G"
      },
      {
        "state": "TAS",
        "price": "400",
        "price_per_unit": "182",
        "price_unit": "G"
      },
      {
        "state": "ACT",
        "price": "400",
        "price_per_unit": "182",
        "price_unit": "G"
      }
    ]
  },
  {
    "source_url": "https://www.woolworths.com.au/shop/productdetails/193750/el-pato-jalapeno-sauce",
    "name": "El Pato Jalapeno Sauce 355ml",
    "image_url": "https://cdn1.woolworths.media/content/wowproductimages/large/193750.jpg",
    "source_id": "Woolworths - 193750",
    "barcode": "72360000150",
    "shop": "Woolworths",
    "weight": "100ML",
    "prices": [
      {
        "state": "SA",
        "price": "480",
        "price_per_unit": "135",
        "price_unit": "ML"
      },
      {
        "state": "TAS",
        "price": "600",
        "price_per_unit": "169",
        "price_unit": "ML"
      },
      {
        "state": "ACT",
        "price": "600",
        "price_per_unit": "169",
        "price_unit": "ML"
      }
    ]
  },
  {
    "source_url": "https://www.woolworths.com.au/shop/productdetails/193716/el-pato-jalapeno-wheels",
    "name": "El Pato Jalapeno Wheels 340g",
    "image_url": "https://cdn1.woolworths.media/content/wowproductimages/large/193716.jpg",
    "source_id": "Woolworths - 193716",
    "barcode": "72360002239",
    "shop": "Woolworths",
    "weight": "100G",
    "prices": [
      {
        "state": "SA",
        "price": "640",
        "price_per_unit": "188",
        "price_unit": "G"
      },
      {
        "state": "TAS",
        "price": "640",
        "price_per_unit": "188",
        "price_unit": "G"
      },
      {
        "state": "ACT",
        "price": "640",
        "price_per_unit": "188",
        "price_unit": "G"
      }
    ]
  },
  {
    "source_url": "https://www.woolworths.com.au/shop/productdetails/431241/goya-medium-salsa-verde-tangy-green-salsa",
    "name": "Goya Medium Salsa Verde Tangy Green Salsa 499g",
    "image_url": "https://cdn1.woolworths.media/content/wowproductimages/large/431241.jpg",
    "source_id": "Woolworths - 431241",
    "barcode": "41331028899",
    "shop": "Woolworths",
    "weight": "100G",
    "prices": [
      {
        "state": "SA",
        "price": "850",
        "price_per_unit": "170",
        "price_unit": "G"
      },
      {
        "state": "TAS",
        "price": "850",
        "price_per_unit": "170",
        "price_unit": "G"
      },
      {
        "state": "ACT",
        "price": "850",
        "price_per_unit": "170",
        "price_unit": "G"
      }
    ]
  },
  {
    "source_url": "https://www.woolworths.com.au/shop/productdetails/433237/goya-mild-pico-de-gallo-homestyle-chunky-salsa",
    "name": "Goya Mild Pico De Gallo Homestyle Chunky Salsa 499g",
    "image_url": "https://cdn1.woolworths.media/content/wowproductimages/large/433237.jpg",
    "source_id": "Woolworths - 433237",
    "barcode": "41331028912",
    "shop": "Woolworths",
    "weight": "100G",
    "prices": [
      {
        "state": "SA",
        "price": "850",
        "price_per_unit": "170",
        "price_unit": "G"
      },
      {
        "state": "TAS",
        "price": "850",
        "price_per_unit": "170",
        "price_unit": "G"
      },
      {
        "state": "ACT",
        "price": "850",
        "price_per_unit": "170",
        "price_unit": "G"
      }
    ]
  },
  {
    "source_url": "https://www.woolworths.com.au/shop/productdetails/431775/gran-luchito-fire-roasted-red-pepper-salsa-mild",
    "name": "Gran Luchito Fire Roasted Red Pepper Salsa Mild 300g",
    "image_url": "https://cdn1.woolworths.media/content/wowproductimages/large/431775.jpg",
    "source_id": "Woolworths - 431775",
    "barcode": "5060321390339",
    "shop": "Woolworths",
    "weight": "100G",
    "prices": [
      {
        "state": "SA",
        "price": "650",
        "price_per_unit": "217",
        "price_unit": "G"
      },
      {
        "state": "TAS",
        "price": "650",
        "price_per_unit": "217",
        "price_unit": "G"
      },
      {
        "state": "ACT",
        "price": "650",
        "price_per_unit": "217",
        "price_unit": "G"
      }
    ]
  },
  {
    "source_url": "https://www.woolworths.com.au/shop/productdetails/128807/gran-luchito-luchito-cantina-beans",
    "name": "Gran Luchito Luchito Cantina Beans 430G",
    "image_url": "https://cdn1.woolworths.media/content/wowproductimages/large/128807.jpg",
    "source_id": "Woolworths - 128807",
    "barcode": "5060321390506",
    "shop": "Woolworths",
    "weight": "100G",
    "prices": [
      {
        "state": "SA",
        "price": "440",
        "price_per_unit": "102",
        "price_unit": "G"
      },
      null,
      {
        "state": "ACT",
        "price": "550",
        "price_per_unit": "128",
        "price_unit": "G"
      }
    ]
  },
  {
    "source_url": "https://www.woolworths.com.au/shop/productdetails/128581/gran-luchito-refried-beans-with-smoky-chipotle",
    "name": "Gran Luchito Refried Beans With Smoky Chipotle 430g",
    "image_url": "https://cdn1.woolworths.media/content/wowproductimages/large/128581.jpg",
    "source_id": "Woolworths - 128581",
    "barcode": "5060321390476",
    "shop": "Woolworths",
    "weight": "100G",
    "prices": [
      {
        "state": "SA",
        "price": "440",
        "price_per_unit": "102",
        "price_unit": "G"
      },
      {
        "state": "TAS",
        "price": "550",
        "price_per_unit": "128",
        "price_unit": "G"
      },
      {
        "state": "ACT",
        "price": "550",
        "price_per_unit": "128",
        "price_unit": "G"
      }
    ]
  },
  {
    "source_url": "https://www.woolworths.com.au/shop/productdetails/162535/gran-luchito-serrano-green-chillies-chillies-mexican-heat",
    "name": "Gran Luchito Serrano Green Chillies Chillies Mexican Heat 215g",
    "image_url": "https://cdn1.woolworths.media/content/wowproductimages/large/162535.jpg",
    "source_id": "Woolworths - 162535",
    "barcode": "5060321390469",
    "shop": "Woolworths",
    "weight": "100G",
    "prices": [
      {
        "state": "SA",
        "price": "490",
        "price_per_unit": "228",
        "price_unit": "G"
      },
      {
        "state": "TAS",
        "price": "490",
        "price_per_unit": "228",
        "price_unit": "G"
      },
      {
        "state": "ACT",
        "price": "490",
        "price_per_unit": "228",
        "price_unit": "G"
      }
    ]
  },
  {
    "source_url": "https://www.woolworths.com.au/shop/productdetails/128578/gran-luchito-super-smokey-chipotle-salsa",
    "name": "Gran Luchito Super Smokey Chipotle Salsa 300g",
    "image_url": "https://cdn1.woolworths.media/content/wowproductimages/large/128578.jpg",
    "source_id": "Woolworths - 128578",
    "barcode": "5060321390315",
    "shop": "Woolworths",
    "weight": "100G",
    "prices": [
      {
        "state": "SA",
        "price": "650",
        "price_per_unit": "217",
        "price_unit": "G"
      },
      {
        "state": "TAS",
        "price": "650",
        "price_per_unit": "217",
        "price_unit": "G"
      },
      {
        "state": "ACT",
        "price": "650",
        "price_per_unit": "217",
        "price_unit": "G"
      }
    ]
  },
  {
    "source_url": "https://www.woolworths.com.au/shop/productdetails/128669/gran-luchito-tomatillo-salsa",
    "name": "Gran Luchito Tomatillo Salsa 300g",
    "image_url": "https://cdn1.woolworths.media/content/wowproductimages/large/128669.jpg",
    "source_id": "Woolworths - 128669",
    "barcode": "5060321390308",
    "shop": "Woolworths",
    "weight": "100G",
    "prices": [
      {
        "state": "SA",
        "price": "650",
        "price_per_unit": "217",
        "price_unit": "G"
      },
      {
        "state": "TAS",
        "price": "650",
        "price_per_unit": "217",
        "price_unit": "G"
      },
      {
        "state": "ACT",
        "price": "650",
        "price_per_unit": "217",
        "price_unit": "G"
      }
    ]
  },
  {
    "source_url": "https://www.woolworths.com.au/shop/productdetails/243810/la-costena-enchiladas-green-sauce",
    "name": "La Costena Enchiladas Green Sauce 420g",
    "image_url": "https://cdn1.woolworths.media/content/wowproductimages/large/243810.jpg",
    "source_id": "Woolworths - 243810",
    "barcode": "76397001463",
    "shop": "Woolworths",
    "weight": "100G",
    "prices": [
      {
        "state": "SA",
        "price": "550",
        "price_per_unit": "131",
        "price_unit": "G"
      },
      {
        "state": "TAS",
        "price": "550",
        "price_per_unit": "131",
        "price_unit": "G"
      },
      {
        "state": "ACT",
        "price": "550",
        "price_per_unit": "131",
        "price_unit": "G"
      }
    ]
  },
  {
    "source_url": "https://www.woolworths.com.au/shop/productdetails/244655/la-costena-enchiladas-red-sauce",
    "name": "La Costena Enchiladas Red Sauce 420g",
    "image_url": "https://cdn1.woolworths.media/content/wowproductimages/large/244655.jpg",
    "source_id": "Woolworths - 244655",
    "barcode": "76397001456",
    "shop": "Woolworths",
    "weight": "100G",
    "prices": [
      {
        "state": "SA",
        "price": "550",
        "price_per_unit": "131",
        "price_unit": "G"
      },
      {
        "state": "TAS",
        "price": "550",
        "price_per_unit": "131",
        "price_unit": "G"
      },
      {
        "state": "ACT",
        "price": "550",
        "price_per_unit": "131",
        "price_unit": "G"
      }
    ]
  },
  {
    "source_url": "https://www.woolworths.com.au/shop/productdetails/243991/la-costena-fire-roasted-sliced-peppers-toreados",
    "name": "La Costena Fire Roasted Sliced Peppers Toreados 220g",
    "image_url": "https://cdn1.woolworths.media/content/wowproductimages/large/243991.jpg",
    "source_id": "Woolworths - 243991",
    "barcode": "76397051482",
    "shop": "Woolworths",
    "weight": "100G",
    "prices": [
      {
        "state": "SA",
        "price": "160",
        "price_per_unit": "73",
        "price_unit": "G"
      },
      {
        "state": "TAS",
        "price": "160",
        "price_per_unit": "73",
        "price_unit": "G"
      },
      {
        "state": "ACT",
        "price": "160",
        "price_per_unit": "73",
        "price_unit": "G"
      }
    ]
  },
  {
    "source_url": "https://www.woolworths.com.au/shop/productdetails/443267/la-costena-green-salsa-tomatillo-sauce",
    "name": "La Costena Green Salsa Tomatillo Sauce 220g",
    "image_url": "https://cdn1.woolworths.media/content/wowproductimages/large/443267.jpg",
    "source_id": "Woolworths - 443267",
    "barcode": "76397006079",
    "shop": "Woolworths",
    "weight": "100G",
    "prices": [
      {
        "state": "SA",
        "price": "350",
        "price_per_unit": "159",
        "price_unit": "G"
      },
      {
        "state": "TAS",
        "price": "350",
        "price_per_unit": "159",
        "price_unit": "G"
      },
      {
        "state": "ACT",
        "price": "350",
        "price_per_unit": "159",
        "price_unit": "G"
      }
    ]
  },
  {
    "source_url": "https://www.woolworths.com.au/shop/productdetails/494308/la-costena-mexican-style-refried-black-beans",
    "name": "La Costena Mexican Style Refried Black Beans 400g",
    "image_url": "https://cdn1.woolworths.media/content/wowproductimages/large/494308.jpg",
    "source_id": "Woolworths - 494308",
    "barcode": "76397034508",
    "shop": "Woolworths",
    "weight": "100G",
    "prices": [
      {
        "state": "SA",
        "price": "400",
        "price_per_unit": "100",
        "price_unit": "G"
      },
      {
        "state": "TAS",
        "price": "400",
        "price_per_unit": "100",
        "price_unit": "G"
      },
      {
        "state": "ACT",
        "price": "400",
        "price_per_unit": "100",
        "price_unit": "G"
      }
    ]
  },
  {
    "source_url": "https://www.woolworths.com.au/shop/productdetails/430142/la-costena-nachos-pickled-jalapeno-peppers",
    "name": "La Costena Nachos Pickled Jalapeno Peppers 199g",
    "image_url": "https://cdn1.woolworths.media/content/wowproductimages/large/430142.jpg",
    "source_id": "Woolworths - 430142",
    "barcode": "76397009070",
    "shop": "Woolworths",
    "weight": "100G",
    "prices": [
      {
        "state": "SA",
        "price": "280",
        "price_per_unit": "141",
        "price_unit": "G"
      },
      {
        "state": "TAS",
        "price": "280",
        "price_per_unit": "141",
        "price_unit": "G"
      },
      {
        "state": "ACT",
        "price": "280",
        "price_per_unit": "141",
        "price_unit": "G"
      }
    ]
  },
  {
    "source_url": "https://www.woolworths.com.au/shop/productdetails/407741/la-costena-sliced-jalapenos",
    "name": "La Costena Sliced Jalapenos 199g",
    "image_url": "https://cdn1.woolworths.media/content/wowproductimages/large/407741.jpg",
    "source_id": "Woolworths - 407741",
    "barcode": "76397202075",
    "shop": "Woolworths",
    "weight": "100G",
    "prices": [
      {
        "state": "SA",
        "price": "140",
        "price_per_unit": "70",
        "price_unit": "G"
      },
      {
        "state": "TAS",
        "price": "140",
        "price_per_unit": "70",
        "price_unit": "G"
      },
      {
        "state": "ACT",
        "price": "140",
        "price_per_unit": "70",
        "price_unit": "G"
      }
    ]
  },
  {
    "source_url": "https://www.woolworths.com.au/shop/productdetails/556535/la-costena-whole-green-pickled-jalapeno-peppers",
    "name": "La Costena Whole Green Pickled Jalapeno Peppers 440g",
    "image_url": "https://cdn1.woolworths.media/content/wowproductimages/large/556535.jpg",
    "source_id": "Woolworths - 556535",
    "barcode": "7501017094233",
    "shop": "Woolworths",
    "weight": "100G",
    "prices": [
      {
        "state": "SA",
        "price": "450",
        "price_per_unit": "102",
        "price_unit": "G"
      },
      {
        "state": "TAS",
        "price": "450",
        "price_per_unit": "102",
        "price_unit": "G"
      },
      {
        "state": "ACT",
        "price": "450",
        "price_per_unit": "102",
        "price_unit": "G"
      }
    ]
  },
  {
    "source_url": "https://www.woolworths.com.au/shop/productdetails/556538/la-costena-whole-pinto-beans",
    "name": "La Costena Whole Pinto Beans 400g",
    "image_url": "https://cdn1.woolworths.media/content/wowproductimages/large/556538.jpg",
    "source_id": "Woolworths - 556538",
    "barcode": "76397033006",
    "shop": "Woolworths",
    "weight": "100G",
    "prices": [
      {
        "state": "SA",
        "price": "400",
        "price_per_unit": "100",
        "price_unit": "G"
      },
      {
        "state": "TAS",
        "price": "400",
        "price_per_unit": "100",
        "price_unit": "G"
      },
      {
        "state": "ACT",
        "price": "400",
        "price_per_unit": "100",
        "price_unit": "G"
      }
    ]
  },
  {
    "source_url": "https://www.woolworths.com.au/shop/productdetails/489666/latin-deli-nacho-sliced-pickled-jalapenos",
    "name": "Latin Deli Nacho Sliced Pickled Jalapenos 380g",
    "image_url": "https://cdn1.woolworths.media/content/wowproductimages/large/489666.jpg",
    "source_id": "Woolworths - 489666",
    "barcode": "9360822000000",
    "shop": "Woolworths",
    "weight": "100G",
    "prices": [
      {
        "state": "SA",
        "price": "500",
        "price_per_unit": "132",
        "price_unit": "G"
      },
      {
        "state": "TAS",
        "price": "500",
        "price_per_unit": "132",
        "price_unit": "G"
      },
      {
        "state": "ACT",
        "price": "500",
        "price_per_unit": "132",
        "price_unit": "G"
      }
    ]
  },
  {
    "source_url": "https://www.woolworths.com.au/shop/productdetails/431240/tajin-chamoy-sauce",
    "name": "Tajin Chamoy Sauce 455g",
    "image_url": "https://cdn1.woolworths.media/content/wowproductimages/large/431240.jpg",
    "source_id": "Woolworths - 431240",
    "barcode": "633148100617",
    "shop": "Woolworths",
    "weight": "100ML",
    "prices": [
      {
        "state": "SA",
        "price": "720",
        "price_per_unit": "158",
        "price_unit": "ML"
      },
      {
        "state": "TAS",
        "price": "720",
        "price_per_unit": "158",
        "price_unit": "ML"
      }
    ]
  },
  {
    "source_url": "https://www.woolworths.com.au/shop/productdetails/258075/yucateco-chipotle-hot-salsa",
    "name": "Yucateco Chipotle Hot Salsa 150ml",
    "image_url": "https://cdn1.woolworths.media/content/wowproductimages/large/258075.jpg",
    "source_id": "Woolworths - 258075",
    "barcode": "22343160197",
    "shop": "Woolworths",
    "weight": "100ML",
    "prices": [
      {
        "state": "TAS",
        "price": "500",
        "price_per_unit": "333",
        "price_unit": "ML"
      }
    ]
  },
  {
    "source_url": "https://www.woolworths.com.au/shop/productdetails/439752/yucateco-habanero-green-sauce",
    "name": "Yucateco Habanero Green Sauce 120ml",
    "image_url": "https://cdn1.woolworths.media/content/wowproductimages/large/439752.jpg",
    "source_id": "Woolworths - 439752",
    "barcode": "22343160029",
    "shop": "Woolworths",
    "weight": "100ML",
    "prices": [
      {
        "state": "TAS",
        "price": "500",
        "price_per_unit": "417",
        "price_unit": "ML"
      }
    ]
  },
  {
    "source_url": "https://www.woolworths.com.au/shop/productdetails/438989/yucateco-habanero-red-sauce",
    "name": "Yucateco Habanero Red Sauce 120ml",
    "image_url": "https://cdn1.woolworths.media/content/wowproductimages/large/438989.jpg",
    "source_id": "Woolworths - 438989",
    "barcode": "22343160012",
    "shop": "Woolworths",
    "weight": "100ML",
    "prices": [
      {
        "state": "TAS",
        "price": "500",
        "price_per_unit": "417",
        "price_unit": "ML"
      }
    ]
  },
  {
    "source_url": "https://www.woolworths.com.au/shop/productdetails/258050/yucateco-jalapeno-hot-sauce",
    "name": "Yucateco Jalapeno Hot Sauce 150ml",
    "image_url": "https://cdn1.woolworths.media/content/wowproductimages/large/258050.jpg",
    "source_id": "Woolworths - 258050",
    "barcode": "22343917890",
    "shop": "Woolworths",
    "weight": "100ML",
    "prices": [
      {
        "state": "TAS",
        "price": "500",
        "price_per_unit": "333",
        "price_unit": "ML"
      }
    ]
  },
  {
    "source_url": "https://www.woolworths.com.au/shop/productdetails/258742/yucateco-xxxtra-hot-habanero-sauce",
    "name": "Yucateco XXXTRA Hot Habanero Sauce 120ml",
    "image_url": "https://cdn1.woolworths.media/content/wowproductimages/large/258742.jpg",
    "source_id": "Woolworths - 258742",
    "barcode": "22343160050",
    "shop": "Woolworths",
    "weight": "100ML",
    "prices": [
      {
        "state": "TAS",
        "price": "500",
        "price_per_unit": "417",
        "price_unit": "ML"
      }
    ]
  }
]