[
  {
    "source_url": "https://www.woolworths.com.au/shop/productdetails/231676/al-brown-simply-red-kasundi-ketchup",
    "name": "Al Brown Simply Red Kasundi Ketchup 270g",
    "image_url": "https://cdn1.woolworths.media/content/wowproductimages/large/231676.jpg",
    "source_id": "Woolworths - 231676",
    "barcode": "9421903360281",
    "shop": "Woolworths",
    "weight": "100G",
    "prices": [
      {
        "state": "NSW",
        "price": "920",
        "price_per_unit": "341",
        "price_unit": "G"
      },
      {
        "state": "VIC",
        "price": "920",
        "price_per_unit": "341",
        "price_unit": "G"
      },
      {
        "state": "QLD",
        "price": "920",
        "price_per_unit": "341",
        "price_unit": "G"
      },
      {
        "state": "WA",
        "price": "920",
        "price_per_unit": "341",
        "price_unit": "G"
      },
      {
        "state": "SA",
        "price": "920",
        "price_per_unit": "341",
        "price_unit": "G"
      },
      {
        "state": "TAS",
        "price": "1150",
        "price_per_unit": "426",
        "price_unit": "G"
      },
      {
        "state": "ACT",
        "price": "1150",
        "price_per_unit": "426",
        "price_unit": "G"
      }
    ]
  },
  {
    "source_url": "https://www.woolworths.com.au/shop/productdetails/1074424905/australian-bush-spices-tomato-sauce-with-bush-tomatos-250ml-2pk",
    "name": "Australian Bush Spices Tomato Sauce With Bush Tomatos 250ml 2PK",
    "image_url": "https://cdn1.woolworths.media/content/wowproductimages/large/1074424905.jpg",
    "source_id": "Woolworths - 1074424905",
    "barcode": null,
    "shop": "Woolworths",
    "weight": "1EA",
    "prices": [
      {
        "state": "NSW",
        "price": "2995",
        "price_per_unit": "2995",
        "price_unit": "EA"
      },
      {
        "state": "VIC",
        "price": "2995",
        "price_per_unit": "2995",
        "price_unit": "EA"
      },
      {
        "state": "QLD",
        "price": "2995",
        "price_per_unit": "2995",
        "price_unit": "EA"
      },
      {
        "state": "WA",
        "price": "2995",
        "price_per_unit": "2995",
        "price_unit": "EA"
      },
      {
        "state": "SA",
        "price": "2995",
        "price_per_unit": "2995",
        "price_unit": "EA"
      },
      {
        "state": "TAS",
        "price": "2995",
        "price_per_unit": "2995",
        "price_unit": "EA"
      },
      {
        "state": "ACT",
        "price": "2995",
        "price_per_unit": "2995",
        "price_unit": "EA"
      },
      {
        "state": "NT",
        "price": "2995",
        "price_per_unit": "2995",
        "price_unit": "EA"
      }
    ]
  },
  {
    "source_url": "https://www.woolworths.com.au/shop/productdetails/1075537390/biona-organic-tomato-ketchup-340g",
    "name": "Biona Organic Tomato Ketchup 340g",
    "image_url": "https://cdn1.woolworths.media/content/wowproductimages/large/1075537390.jpg",
    "source_id": "Woolworths - 1075537390",
    "barcode": null,
    "shop": "Woolworths",
    "weight": "100G",
    "prices": [
      {
        "state": "NSW",
        "price": "994",
        "price_per_unit": "292",
        "price_unit": "G"
      },
      {
        "state": "VIC",
        "price": "994",
        "price_per_unit": "292",
        "price_unit": "G"
      },
      {
        "state": "QLD",
        "price": "994",
        "price_per_unit": "292",
        "price_unit": "G"
      },
      {
        "state": "WA",
        "price": "994",
        "price_per_unit": "292",
        "price_unit": "G"
      },
      {
        "state": "SA",
        "price": "994",
        "price_per_unit": "292",
        "price_unit": "G"
      },
      {
        "state": "TAS",
        "price": "994",
        "price_per_unit": "292",
        "price_unit": "G"
      },
      {
        "state": "ACT",
        "price": "994",
        "price_per_unit": "292",
        "price_unit": "G"
      },
      {
        "state": "NT",
        "price": "994",
        "price_per_unit": "292",
        "price_unit": "G"
      }
    ]
  },
  {
    "source_url": "https://www.woolworths.com.au/shop/productdetails/1075347578/bragg-liquid-aminos-all-purpose-seasoning-473ml",
    "name": "Bragg Liquid Aminos All Purpose Seasoning 473ml",
    "image_url": "https://cdn1.woolworths.media/content/wowproductimages/large/1075347578.jpg",
    "source_id": "Woolworths - 1075347578",
    "barcode": null,
    "shop": "Woolworths",
    "weight": "100ML",
    "prices": [
      {
        "state": "NSW",
        "price": "1195",
        "price_per_unit": "253",
        "price_unit": "ML"
      },
      {
        "state": "VIC",
        "price": "1195",
        "price_per_unit": "253",
        "price_unit": "ML"
      },
      {
        "state": "QLD",
        "price": "1195",
        "price_per_unit": "253",
        "price_unit": "ML"
      },
      {
        "state": "WA",
        "price": "1195",
        "price_per_unit": "253",
        "price_unit": "ML"
      },
      {
        "state": "SA",
        "price": "1195",
        "price_per_unit": "253",
        "price_unit": "ML"
      },
      {
        "state": "TAS",
        "price": "1195",
        "price_per_unit": "253",
        "price_unit": "ML"
      },
      {
        "state": "ACT",
        "price": "1195",
        "price_per_unit": "253",
        "price_unit": "ML"
      },
      {
        "state": "NT",
        "price": "1195",
        "price_per_unit": "253",
        "price_unit": "ML"
      }
    ]
  },
  {
    "source_url": "https://www.woolworths.com.au/shop/productdetails/1075345975/bragg-liquid-aminos-all-purpose-seasoning-946ml",
    "name": "Bragg Liquid Aminos All Purpose Seasoning 946ml",
    "image_url": "https://cdn1.woolworths.media/content/wowproductimages/large/1075345975.jpg",
    "source_id": "Woolworths - 1075345975",
    "barcode": null,
    "shop": "Woolworths",
    "weight": "100ML",
    "prices": [
      {
        "state": "NSW",
        "price": "1995",
        "price_per_unit": "211",
        "price_unit": "ML"
      },
      {
        "state": "VIC",
        "price": "1995",
        "price_per_unit": "211",
        "price_unit": "ML"
      },
      {
        "state": "QLD",
        "price": "1995",
        "price_per_unit": "211",
        "price_unit": "ML"
      },
      {
        "state": "WA",
        "price": "1995",
        "price_per_unit": "211",
        "price_unit": "ML"
      },
      {
        "state": "SA",
        "price": "1995",
        "price_per_unit": "211",
        "price_unit": "ML"
      },
      {
        "state": "TAS",
        "price": "1995",
        "price_per_unit": "211",
        "price_unit": "ML"
      },
      {
        "state": "ACT",
        "price": "1995",
        "price_per_unit": "211",
        "price_unit": "ML"
      },
      {
        "state": "NT",
        "price": "1995",
        "price_per_unit": "211",
        "price_unit": "ML"
      }
    ]
  },
  {
    "source_url": "https://www.woolworths.com.au/shop/productdetails/306971/fountain-barbecue-bbq-sauce-squeeze",
    "name": "Fountain Barbecue Bbq Sauce 500ml",
    "image_url": "https://cdn1.woolworths.media/content/wowproductimages/large/306971.jpg",
    "source_id": "Woolworths - 306971",
    "barcode": "9300681008267",
    "shop": "Woolworths",
    "weight": "100ML",
    "prices": [
      {
        "state": "NSW",
        "price": "240",
        "price_per_unit": "48",
        "price_unit": "ML"
      },
      {
        "state": "VIC",
        "price": "240",
        "price_per_unit": "48",
        "price_unit": "ML"
      },
      {
        "state": "QLD",
        "price": "240",
        "price_per_unit": "48",
        "price_unit": "ML"
      },
      {
        "state": "WA",
        "price": "240",
        "price_per_unit": "48",
        "price_unit": "ML"
      },
      {
        "state": "SA",
        "price": "240",
        "price_per_unit": "48",
        "price_unit": "ML"
      },
      {
        "state": "TAS",
        "price": "240",
        "price_per_unit": "48",
        "price_unit": "ML"
      },
      {
        "state": "ACT",
        "price": "240",
        "price_per_unit": "48",
        "price_unit": "ML"
      },
      {
        "state": "NT",
        "price": "240",
        "price_per_unit": "48",
        "price_unit": "ML"
      }
    ]
  },
  {
    "source_url": "https://www.woolworths.com.au/shop/productdetails/845672/fountain-barbecue-bbq-sauce-value-pack",
    "name": "Fountain Barbecue Bbq Sauce Value Pack 2l",
    "image_url": "https://cdn1.woolworths.media/content/wowproductimages/large/845672.jpg",
    "source_id": "Woolworths - 845672",
    "barcode": "9300681220737",
    "shop": "Woolworths",
    "weight": "100ML",
    "prices": [
      {
        "state": "NSW",
        "price": "480",
        "price_per_unit": "24",
        "price_unit": "ML"
      },
      {
        "state": "VIC",
        "price": "480",
        "price_per_unit": "24",
        "price_unit": "ML"
      },
      {
        "state": "QLD",
        "price": "480",
        "price_per_unit": "24",
        "price_unit": "ML"
      },
      {
        "state": "WA",
        "price": "480",
        "price_per_unit": "24",
        "price_unit": "ML"
      },
      {
        "state": "SA",
        "price": "480",
        "price_per_unit": "24",
        "price_unit": "ML"
      },
      {
        "state": "TAS",
        "price": "480",
        "price_per_unit": "24",
        "price_unit": "ML"
      },
      {
        "state": "ACT",
        "price": "600",
        "price_per_unit": "30",
        "price_unit": "ML"
      },
      {
        "state": "NT",
        "price": "600",
        "price_per_unit": "30",
        "price_unit": "ML"
      }
    ]
  },
  {
    "source_url": "https://www.woolworths.com.au/shop/productdetails/306969/fountain-tomato-sauce-squeeze",
    "name": "Fountain Tomato Sauce 500ml",
    "image_url": "https://cdn1.woolworths.media/content/wowproductimages/large/306969.jpg",
    "source_id": "Woolworths - 306969",
    "barcode": "9300681008649",
    "shop": "Woolworths",
    "weight": "100ML",
    "prices": [
      {
        "state": "NSW",
        "price": "240",
        "price_per_unit": "48",
        "price_unit": "ML"
      },
      {
        "state": "VIC",
        "price": "240",
        "price_per_unit": "48",
        "price_unit": "ML"
      },
      {
        "state": "QLD",
        "price": "240",
        "price_per_unit": "48",
        "price_unit": "ML"
      },
      {
        "state": "WA",
        "price": "240",
        "price_per_unit": "48",
        "price_unit": "ML"
      },
      {
        "state": "SA",
        "price": "240",
        "price_per_unit": "48",
        "price_unit": "ML"
      },
      {
        "state": "TAS",
        "price": "240",
        "price_per_unit": "48",
        "price_unit": "ML"
      },
      {
        "state": "ACT",
        "price": "240",
        "price_per_unit": "48",
        "price_unit": "ML"
      },
      {
        "state": "NT",
        "price": "240",
        "price_per_unit": "48",
        "price_unit": "ML"
      }
    ]
  },
  {
    "source_url": "https://www.woolworths.com.au/shop/productdetails/175901/fountain-tomato-sauce-value-pack",
    "name": "Fountain Tomato Sauce Value Pack 2l",
    "image_url": "https://cdn1.woolworths.media/content/wowproductimages/large/175901.jpg",
    "source_id": "Woolworths - 175901",
    "barcode": "9300681216785",
    "shop": "Woolworths",
    "weight": "100ML",
    "prices": [
      {
        "state": "VIC",
        "price": "480",
        "price_per_unit": "24",
        "price_unit": "ML"
      },
      {
        "state": "QLD",
        "price": "480",
        "price_per_unit": "24",
        "price_unit": "ML"
      },
      {
        "state": "WA",
        "price": "480",
        "price_per_unit": "24",
        "price_unit": "ML"
      },
      {
        "state": "SA",
        "price": "480",
        "price_per_unit": "24",
        "price_unit": "ML"
      },
      {
        "state": "TAS",
        "price": "480",
        "price_per_unit": "24",
        "price_unit": "ML"
      },
      {
        "state": "ACT",
        "price": "600",
        "price_per_unit": "30",
        "price_unit": "ML"
      },
      {
        "state": "NT",
        "price": "600",
        "price_per_unit": "30",
        "price_unit": "ML"
      }
    ]
  },
  {
    "source_url": "https://www.woolworths.com.au/shop/productdetails/1073927462/grill-society-sweet-honey-glaze-280g",
    "name": "Grill Society Sweet Honey Glaze 280g",
    "image_url": "https://cdn1.woolworths.media/content/wowproductimages/large/1073927462.jpg",
    "source_id": "Woolworths - 1073927462",
    "barcode": null,
    "shop": "Woolworths",
    "weight": "100G",
    "prices": [
      {
        "state": "NSW",
        "price": "2200",
        "price_per_unit": "786",
        "price_unit": "G"
      },
      {
        "state": "VIC",
        "price": "2200",
        "price_per_unit": "786",
        "price_unit": "G"
      },
      {
        "state": "QLD",
        "price": "2200",
        "price_per_unit": "786",
        "price_unit": "G"
      },
      {
        "state": "WA",
        "price": "2200",
        "price_per_unit": "786",
        "price_unit": "G"
      },
      {
        "state": "SA",
        "price": "2200",
        "price_per_unit": "786",
        "price_unit": "G"
      },
      {
        "state": "TAS",
        "price": "2200",
        "price_per_unit": "786",
        "price_unit": "G"
      },
      {
        "state": "ACT",
        "price": "2200",
        "price_per_unit": "786",
        "price_unit": "G"
      },
      {
        "state": "NT",
        "price": "2200",
        "price_per_unit": "786",
        "price_unit": "G"
      }
    ]
  },
  {
    "source_url": "https://www.woolworths.com.au/shop/productdetails/1073927457/grill-society-tennessee-original-bbq-sauce-280g",
    "name": "Grill Society Tennessee Original BBQ Sauce 280g",
    "image_url": "https://cdn1.woolworths.media/content/wowproductimages/large/1073927457.jpg",
    "source_id": "Woolworths - 1073927457",
    "barcode": null,
    "shop": "Woolworths",
    "weight": "100G",
    "prices": [
      {
        "state": "NSW",
        "price": "2200",
        "price_per_unit": "786",
        "price_unit": "G"
      },
      {
        "state": "VIC",
        "price": "2200",
        "price_per_unit": "786",
        "price_unit": "G"
      },
      {
        "state": "QLD",
        "price": "2200",
        "price_per_unit": "786",
        "price_unit": "G"
      },
      {
        "state": "WA",
        "price": "2200",
        "price_per_unit": "786",
        "price_unit": "G"
      },
      {
        "state": "SA",
        "price": "2200",
        "price_per_unit": "786",
        "price_unit": "G"
      },
      {
        "state": "TAS",
        "price": "2200",
        "price_per_unit": "786",
        "price_unit": "G"
      },
      {
        "state": "ACT",
        "price": "2200",
        "price_per_unit": "786",
        "price_unit": "G"
      },
      {
        "state": "NT",
        "price": "2200",
        "price_per_unit": "786",
        "price_unit": "G"
      }
    ]
  },
  {
    "source_url": "https://www.woolworths.com.au/shop/productdetails/1074424899/grill-society-tennessee-original-bbq-sauce-2pk-280g",
    "name": "Grill Society Tennessee Original BBQ Sauce 2PK 280g",
    "image_url": "https://cdn1.woolworths.media/content/wowproductimages/large/1074424899.jpg",
    "source_id": "Woolworths - 1074424899",
    "barcode": null,
    "shop": "Woolworths",
    "weight": "1EA",
    "prices": [
      {
        "state": "NSW",
        "price": "2700",
        "price_per_unit": "2700",
        "price_unit": "EA"
      },
      {
        "state": "VIC",
        "price": "2700",
        "price_per_unit": "2700",
        "price_unit": "EA"
      },
      {
        "state": "QLD",
        "price": "2700",
        "price_per_unit": "2700",
        "price_unit": "EA"
      },
      {
        "state": "WA",
        "price": "2700",
        "price_per_unit": "2700",
        "price_unit": "EA"
      },
      {
        "state": "SA",
        "price": "2700",
        "price_per_unit": "2700",
        "price_unit": "EA"
      },
      {
        "state": "TAS",
        "price": "2700",
        "price_per_unit": "2700",
        "price_unit": "EA"
      },
      {
        "state": "ACT",
        "price": "2700",
        "price_per_unit": "2700",
        "price_unit": "EA"
      },
      {
        "state": "NT",
        "price": "2700",
        "price_per_unit": "2700",
        "price_unit": "EA"
      }
    ]
  },
  {
    "source_url": "https://www.woolworths.com.au/shop/productdetails/83563/heinz-ketchup-tomato-sauce-ketchup",
    "name": "Heinz Ketchup Tomato Sauce 500ml",
    "image_url": "https://cdn1.woolworths.media/content/wowproductimages/large/083563.jpg",
    "source_id": "Woolworths - 83563",
    "barcode": "9300657114046",
    "shop": "Woolworths",
    "weight": "100ML",
    "prices": [
      {
        "state": "NSW",
        "price": "500",
        "price_per_unit": "100",
        "price_unit": "ML"
      },
      {
        "state": "VIC",
        "price": "500",
        "price_per_unit": "100",
        "price_unit": "ML"
      },
      {
        "state": "QLD",
        "price": "500",
        "price_per_unit": "100",
        "price_unit": "ML"
      },
      {
        "state": "WA",
        "price": "500",
        "price_per_unit": "100",
        "price_unit": "ML"
      },
      {
        "state": "SA",
        "price": "500",
        "price_per_unit": "100",
        "price_unit": "ML"
      },
      {
        "state": "TAS",
        "price": "500",
        "price_per_unit": "100",
        "price_unit": "ML"
      },
      {
        "state": "ACT",
        "price": "400",
        "price_per_unit": "80",
        "price_unit": "ML"
      },
      {
        "state": "NT",
        "price": "420",
        "price_per_unit": "84",
        "price_unit": "ML"
      },
      {
        "state": "NT",
        "price": "400",
        "price_per_unit": "80",
        "price_unit": "ML"
      }
    ]
  },
  {
    "source_url": "https://www.woolworths.com.au/shop/productdetails/59852/heinz-special-burger-sauce-original-sauces",
    "name": "Heinz Special Burger Sauce Original Sauces 295ml",
    "image_url": "https://cdn1.woolworths.media/content/wowproductimages/large/059852.jpg",
    "source_id": "Woolworths - 59852",
    "barcode": "9300657300104",
    "shop": "Woolworths",
    "weight": "100ML",
    "prices": [
      {
        "state": "NSW",
        "price": "400",
        "price_per_unit": "136",
        "price_unit": "ML"
      },
      {
        "state": "VIC",
        "price": "400",
        "price_per_unit": "136",
        "price_unit": "ML"
      },
      {
        "state": "QLD",
        "price": "400",
        "price_per_unit": "136",
        "price_unit": "ML"
      },
      {
        "state": "WA",
        "price": "400",
        "price_per_unit": "136",
        "price_unit": "ML"
      },
      {
        "state": "SA",
        "price": "400",
        "price_per_unit": "136",
        "price_unit": "ML"
      },
      {
        "state": "TAS",
        "price": "350",
        "price_per_unit": "119",
        "price_unit": "ML"
      },
      {
        "state": "ACT",
        "price": "350",
        "price_per_unit": "119",
        "price_unit": "ML"
      },
      {
        "state": "NT",
        "price": "350",
        "price_per_unit": "119",
        "price_unit": "ML"
      },
      {
        "state": "NT",
        "price": "350",
        "price_per_unit": "119",
        "price_unit": "ML"
      }
    ]
  },
  {
    "source_url": "https://www.woolworths.com.au/shop/productdetails/1075975586/kiwi-style-barbecue-bbq-sauce-6-7kg-bulk",
    "name": "Kiwi Style Barbecue BBQ Sauce 6.7kg Bulk",
    "image_url": "https://cdn1.woolworths.media/content/wowproductimages/large/1075975586.jpg",
    "source_id": "Woolworths - 1075975586",
    "barcode": null,
    "shop": "Woolworths",
    "weight": "1EA",
    "prices": [
      {
        "state": "NSW",
        "price": "7495",
        "price_per_unit": "7495",
        "price_unit": "EA"
      },
      {
        "state": "VIC",
        "price": "7495",
        "price_per_unit": "7495",
        "price_unit": "EA"
      },
      {
        "state": "QLD",
        "price": "7495",
        "price_per_unit": "7495",
        "price_unit": "EA"
      },
      {
        "state": "WA",
        "price": "7495",
        "price_per_unit": "7495",
        "price_unit": "EA"
      },
      {
        "state": "SA",
        "price": "7495",
        "price_per_unit": "7495",
        "price_unit": "EA"
      },
      {
        "state": "TAS",
        "price": "7495",
        "price_per_unit": "7495",
        "price_unit": "EA"
      },
      {
        "state": "ACT",
        "price": "7495",
        "price_per_unit": "7495",
        "price_unit": "EA"
      },
      {
        "state": "ACT",
        "price": "7495",
        "price_per_unit": "7495",
        "price_unit": "EA"
      },
      {
        "state": "NT",
        "price": "7495",
        "price_per_unit": "7495",
        "price_unit": "EA"
      }
    ]
  },
  {
    "source_url": "https://www.woolworths.com.au/shop/productdetails/1075975590/kiwi-style-tomato-sauce-6-5kg-bulk",
    "name": "Kiwi Style Tomato Sauce 6.5kg Bulk",
    "image_url": "https://cdn1.woolworths.media/content/wowproductimages/large/1075975590.jpg",
    "source_id": "Woolworths - 1075975590",
    "barcode": null,
    "shop": "Woolworths",
    "weight": "1EA",
    "prices": [
      {
        "state": "NSW",
        "price": "5995",
        "price_per_unit": "5995",
        "price_unit": "EA"
      },
      {
        "state": "VIC",
        "price": "5995",
        "price_per_unit": "5995",
        "price_unit": "EA"
      },
      {
        "state": "QLD",
        "price": "5995",
        "price_per_unit": "5995",
        "price_unit": "EA"
      },
      {
        "state": "WA",
        "price": "5995",
        "price_per_unit": "5995",
        "price_unit": "EA"
      },
      {
        "state": "SA",
        "price": "5995",
        "price_per_unit": "5995",
        "price_unit": "EA"
      },
      {
        "state": "TAS",
        "price": "5995",
        "price_per_unit": "5995",
        "price_unit": "EA"
      },
      {
        "state": "ACT",
        "price": "5995",
        "price_per_unit": "5995",
        "price_unit": "EA"
      },
      {
        "state": "ACT",
        "price": "5995",
        "price_per_unit": "5995",
        "price_unit": "EA"
      },
      {
        "state": "NT",
        "price": "5995",
        "price_per_unit": "5995",
        "price_unit": "EA"
      }
    ]
  },
  {
    "source_url": "https://www.woolworths.com.au/shop/productdetails/1075557197/kraft-heinz-bbq-sauce-individual-portions-8ml-300-carton-bulk-box",
    "name": "Kraft Heinz BBQ Sauce Individual Portions 8mL 300 Carton Bulk Box",
    "image_url": "https://cdn1.woolworths.media/content/wowproductimages/large/1075557197.jpg",
    "source_id": "Woolworths - 1075557197",
    "barcode": null,
    "shop": "Woolworths",
    "weight": "100EA",
    "prices": [
      {
        "state": "NSW",
        "price": "5000",
        "price_per_unit": "1667",
        "price_unit": "EA"
      },
      {
        "state": "VIC",
        "price": "5000",
        "price_per_unit": "1667",
        "price_unit": "EA"
      },
      {
        "state": "QLD",
        "price": "5000",
        "price_per_unit": "1667",
        "price_unit": "EA"
      },
      {
        "state": "WA",
        "price": "5000",
        "price_per_unit": "1667",
        "price_unit": "EA"
      },
      {
        "state": "SA",
        "price": "5000",
        "price_per_unit": "1667",
        "price_unit": "EA"
      },
      {
        "state": "TAS",
        "price": "5000",
        "price_per_unit": "1667",
        "price_unit": "EA"
      },
      {
        "state": "ACT",
        "price": "5000",
        "price_per_unit": "1667",
        "price_unit": "EA"
      },
      {
        "state": "ACT",
        "price": "5000",
        "price_per_unit": "1667",
        "price_unit": "EA"
      },
      {
        "state": "NT",
        "price": "5000",
        "price_per_unit": "1667",
        "price_unit": "EA"
      }
    ]
  },
  {
    "source_url": "https://www.woolworths.com.au/shop/productdetails/166282/lillies-q-hot-smoky-barbeque-sauce",
    "name": "Lillies Q Hot Smoky Barbeque Sauce 595g",
    "image_url": "https://cdn1.woolworths.media/content/wowproductimages/large/166282.jpg",
    "source_id": "Woolworths - 166282",
    "barcode": "858183005004",
    "shop": "Woolworths",
    "weight": "100ML",
    "prices": [
      {
        "state": "NSW",
        "price": "1400",
        "price_per_unit": "296",
        "price_unit": "ML"
      },
      {
        "state": "SA",
        "price": "1400",
        "price_per_unit": "296",
        "price_unit": "ML"
      },
      {
        "state": "TAS",
        "price": "1400",
        "price_per_unit": "296",
        "price_unit": "ML"
      },
      {
        "state": "ACT",
        "price": "1400",
        "price_per_unit": "296",
        "price_unit": "ML"
      }
    ]
  },
  {
    "source_url": "https://www.woolworths.com.au/shop/productdetails/166222/lillies-q-smoky-barbeque-sauce",
    "name": "Lillies Q Smoky Barbeque Sauce 595g",
    "image_url": "https://cdn1.woolworths.media/content/wowproductimages/large/166222.jpg",
    "source_id": "Woolworths - 166222",
    "barcode": "858183005011",
    "shop": "Woolworths",
    "weight": "100ML",
    "prices": [
      {
        "state": "NSW",
        "price": "1400",
        "price_per_unit": "296",
        "price_unit": "ML"
      },
      {
        "state": "SA",
        "price": "1400",
        "price_per_unit": "296",
        "price_unit": "ML"
      },
      {
        "state": "TAS",
        "price": "1100",
        "price_per_unit": "233",
        "price_unit": "ML"
      },
      null
    ]
  },
  {
    "source_url": "https://www.woolworths.com.au/shop/productdetails/1075045612/lotus-biscoff-spread-smooth-caramel-1-6kg",
    "name": "Lotus Biscoff Spread Smooth Caramel 1.6kg",
    "image_url": "https://cdn1.woolworths.media/content/wowproductimages/large/1075045612.jpg",
    "source_id": "Woolworths - 1075045612",
    "barcode": null,
    "shop": "Woolworths",
    "weight": "1EA",
    "prices": [
      {
        "state": "NSW",
        "price": "5000",
        "price_per_unit": "5000",
        "price_unit": "EA"
      },
      {
        "state": "VIC",
        "price": "5000",
        "price_per_unit": "5000",
        "price_unit": "EA"
      },
      {
        "state": "QLD",
        "price": "5000",
        "price_per_unit": "5000",
        "price_unit": "EA"
      },
      {
        "state": "WA",
        "price": "5000",
        "price_per_unit": "5000",
        "price_unit": "EA"
      },
      {
        "state": "SA",
        "price": "5000",
        "price_per_unit": "5000",
        "price_unit": "EA"
      },
      {
        "state": "TAS",
        "price": "5000",
        "price_per_unit": "5000",
        "price_unit": "EA"
      },
      {
        "state": "ACT",
        "price": "5000",
        "price_per_unit": "5000",
        "price_unit": "EA"
      },
      {
        "state": "NT",
        "price": "5000",
        "price_per_unit": "5000",
        "price_unit": "EA"
      }
    ]
  },
  {
    "source_url": "https://www.woolworths.com.au/shop/productdetails/99696/masterfoods-barbecue-sauce",
    "name": "MasterFoods Barbecue Sauce 500ml",
    "image_url": "https://cdn1.woolworths.media/content/wowproductimages/large/099696.jpg",
    "source_id": "Woolworths - 99696",
    "barcode": "9310012021063",
    "shop": "Woolworths",
    "weight": "100ML",
    "prices": [
      {
        "state": "NSW",
        "price": "250",
        "price_per_unit": "50",
        "price_unit": "ML"
      },
      {
        "state": "VIC",
        "price": "250",
        "price_per_unit": "50",
        "price_unit": "ML"
      },
      {
        "state": "QLD",
        "price": "250",
        "price_per_unit": "50",
        "price_unit": "ML"
      },
      {
        "state": "WA",
        "price": "250",
        "price_per_unit": "50",
        "price_unit": "ML"
      },
      {
        "state": "SA",
        "price": "250",
        "price_per_unit": "50",
        "price_unit": "ML"
      },
      {
        "state": "TAS",
        "price": "250",
        "price_per_unit": "50",
        "price_unit": "ML"
      },
      {
        "state": "ACT",
        "price": "250",
        "price_per_unit": "50",
        "price_unit": "ML"
      },
      {
        "state": "NT",
        "price": "250",
        "price_per_unit": "50",
        "price_unit": "ML"
      }
    ]
  },
  {
    "source_url": "https://www.woolworths.com.au/shop/productdetails/1075501739/masterfoods-bbq-sauce-squeezy-individual-portions-14g-100-carton-squeeze-bulk-box",
    "name": "Masterfoods BBQ Sauce Squeezy Individual Portions 14g 100 Carton Squeeze Bulk Box",
    "image_url": "https://cdn1.woolworths.media/content/wowproductimages/large/1075501739.jpg",
    "source_id": "Woolworths - 1075501739",
    "barcode": null,
    "shop": "Woolworths",
    "weight": "1EA",
    "prices": [
      {
        "state": "NSW",
        "price": "5000",
        "price_per_unit": "50",
        "price_unit": "EA"
      },
      {
        "state": "VIC",
        "price": "5000",
        "price_per_unit": "50",
        "price_unit": "EA"
      },
      {
        "state": "QLD",
        "price": "5000",
        "price_per_unit": "50",
        "price_unit": "EA"
      },
      {
        "state": "WA",
        "price": "5000",
        "price_per_unit": "50",
        "price_unit": "EA"
      },
      {
        "state": "SA",
        "price": "5000",
        "price_per_unit": "50",
        "price_unit": "EA"
      },
      {
        "state": "TAS",
        "price": "5000",
        "price_per_unit": "50",
        "price_unit": "EA"
      },
      {
        "state": "ACT",
        "price": "5000",
        "price_per_unit": "50",
        "price_unit": "EA"
      },
      {
        "state": "NT",
        "price": "5000",
        "price_per_unit": "50",
        "price_unit": "EA"
      }
    ]
  },
  {
    "source_url": "https://www.woolworths.com.au/shop/productdetails/1075557230/masterfoods-gluten-free-bbq-sauce-4-7kg-bulk",
    "name": "Masterfoods Gluten Free BBQ Sauce 4.7kg Bulk",
    "image_url": "https://cdn1.woolworths.media/content/wowproductimages/large/1075557230.jpg",
    "source_id": "Woolworths - 1075557230",
    "barcode": null,
    "shop": "Woolworths",
    "weight": "1EA",
    "prices": [
      {
        "state": "NSW",
        "price": "5000",
        "price_per_unit": "5000",
        "price_unit": "EA"
      },
      {
        "state": "VIC",
        "price": "5000",
        "price_per_unit": "5000",
        "price_unit": "EA"
      },
      {
        "state": "QLD",
        "price": "5000",
        "price_per_unit": "5000",
        "price_unit": "EA"
      },
      {
        "state": "WA",
        "price": "5000",
        "price_per_unit": "5000",
        "price_unit": "EA"
      },
      {
        "state": "SA",
        "price": "5000",
        "price_per_unit": "5000",
        "price_unit": "EA"
      },
      {
        "state": "TAS",
        "price": "5000",
        "price_per_unit": "5000",
        "price_unit": "EA"
      },
      {
        "state": "ACT",
        "price": "5000",
        "price_per_unit": "5000",
        "price_unit": "EA"
      },
      {
        "state": "NT",
        "price": "5000",
        "price_per_unit": "5000",
        "price_unit": "EA"
      }
    ]
  },
  {
    "source_url": "https://www.woolworths.com.au/shop/productdetails/1075557228/masterfoods-gluten-free-tomato-sauce-4l-bulk",
    "name": "Masterfoods Gluten Free Tomato Sauce 4L Bulk",
    "image_url": "https://cdn1.woolworths.media/content/wowproductimages/large/1075557228.jpg",
    "source_id": "Woolworths - 1075557228",
    "barcode": null,
    "shop": "Woolworths",
    "weight": "1EA",
    "prices": [
      {
        "state": "NSW",
        "price": "5000",
        "price_per_unit": "5000",
        "price_unit": "EA"
      },
      {
        "state": "VIC",
        "price": "5000",
        "price_per_unit": "5000",
        "price_unit": "EA"
      },
      {
        "state": "QLD",
        "price": "5000",
        "price_per_unit": "5000",
        "price_unit": "EA"
      },
      {
        "state": "WA",
        "price": "5000",
        "price_per_unit": "5000",
        "price_unit": "EA"
      },
      {
        "state": "SA",
        "price": "5000",
        "price_per_unit": "5000",
        "price_unit": "EA"
      },
      {
        "state": "TAS",
        "price": "5000",
        "price_per_unit": "5000",
        "price_unit": "EA"
      },
      {
        "state": "ACT",
        "price": "5000",
        "price_per_unit": "5000",
        "price_unit": "EA"
      },
      {
        "state": "NT",
        "price": "5000",
        "price_per_unit": "5000",
        "price_unit": "EA"
      }
    ]
  },
  {
    "source_url": "https://www.woolworths.com.au/shop/productdetails/1075557233/masterfoods-professional-american-bbq-style-sauce-4-5kg-bottle-bulk",
    "name": "Masterfoods Professional American BBQ Style Sauce 4.5kg Bottle Bulk",
    "image_url": "https://cdn1.woolworths.media/content/wowproductimages/large/1075557233.jpg",
    "source_id": "Woolworths - 1075557233",
    "barcode": null,
    "shop": "Woolworths",
    "weight": "1EA",
    "prices": [
      {
        "state": "NSW",
        "price": "5995",
        "price_per_unit": "5995",
        "price_unit": "EA"
      },
      {
        "state": "VIC",
        "price": "5995",
        "price_per_unit": "5995",
        "price_unit": "EA"
      },
      {
        "state": "QLD",
        "price": "5995",
        "price_per_unit": "5995",
        "price_unit": "EA"
      },
      {
        "state": "WA",
        "price": "5995",
        "price_per_unit": "5995",
        "price_unit": "EA"
      },
      {
        "state": "SA",
        "price": "5995",
        "price_per_unit": "5995",
        "price_unit": "EA"
      },
      {
        "state": "TAS",
        "price": "5995",
        "price_per_unit": "5995",
        "price_unit": "EA"
      },
      {
        "state": "ACT",
        "price": "5995",
        "price_per_unit": "5995",
        "price_unit": "EA"
      },
      {
        "state": "NT",
        "price": "5995",
        "price_per_unit": "5995",
        "price_unit": "EA"
      }
    ]
  },
  {
    "source_url": "https://www.woolworths.com.au/shop/productdetails/608712/masterfoods-reduced-salt-sugar-tomato-sauce",
    "name": "MasterFoods Reduced Salt & Sugar Tomato Sauce 475ml",
    "image_url": "https://cdn1.woolworths.media/content/wowproductimages/large/608712.jpg",
    "source_id": "Woolworths - 608712",
    "barcode": "9310012049142",
    "shop": "Woolworths",
    "weight": "100ML",
    "prices": [
      {
        "state": "NSW",
        "price": "250",
        "price_per_unit": "53",
        "price_unit": "ML"
      },
      {
        "state": "VIC",
        "price": "250",
        "price_per_unit": "53",
        "price_unit": "ML"
      },
      {
        "state": "QLD",
        "price": "250",
        "price_per_unit": "53",
        "price_unit": "ML"
      },
      {
        "state": "WA",
        "price": "250",
        "price_per_unit": "53",
        "price_unit": "ML"
      },
      {
        "state": "SA",
        "price": "250",
        "price_per_unit": "53",
        "price_unit": "ML"
      },
      {
        "state": "TAS",
        "price": "250",
        "price_per_unit": "53",
        "price_unit": "ML"
      },
      {
        "state": "ACT",
        "price": "250",
        "price_per_unit": "53",
        "price_unit": "ML"
      },
      {
        "state": "NT",
        "price": "250",
        "price_per_unit": "53",
        "price_unit": "ML"
      }
    ]
  },
  {
    "source_url": "https://www.woolworths.com.au/shop/productdetails/388036/masterfoods-sauce-smokey-barbecue",
    "name": "Masterfoods Sauce Smokey Barbecue 500ml",
    "image_url": "https://cdn1.woolworths.media/content/wowproductimages/large/388036.jpg",
    "source_id": "Woolworths - 388036",
    "barcode": "9310012062578",
    "shop": "Woolworths",
    "weight": "100ML",
    "prices": [
      {
        "state": "NSW",
        "price": "340",
        "price_per_unit": "68",
        "price_unit": "ML"
      },
      {
        "state": "VIC",
        "price": "340",
        "price_per_unit": "68",
        "price_unit": "ML"
      },
      {
        "state": "QLD",
        "price": "340",
        "price_per_unit": "68",
        "price_unit": "ML"
      },
      {
        "state": "WA",
        "price": "340",
        "price_per_unit": "68",
        "price_unit": "ML"
      },
      {
        "state": "SA",
        "price": "340",
        "price_per_unit": "68",
        "price_unit": "ML"
      },
      {
        "state": "TAS",
        "price": "490",
        "price_per_unit": "98",
        "price_unit": "ML"
      },
      {
        "state": "ACT",
        "price": "490",
        "price_per_unit": "98",
        "price_unit": "ML"
      },
      {
        "state": "NT",
        "price": "490",
        "price_per_unit": "98",
        "price_unit": "ML"
      }
    ]
  },
  {
    "source_url": "https://www.woolworths.com.au/shop/productdetails/99633/masterfoods-tomato-sauce",
    "name": "MasterFoods Tomato Sauce 500ml",
    "image_url": "https://cdn1.woolworths.media/content/wowproductimages/large/099633.jpg",
    "source_id": "Woolworths - 99633",
    "barcode": "9310012021049",
    "shop": "Woolworths",
    "weight": "100ML",
    "prices": [
      {
        "state": "NSW",
        "price": "250",
        "price_per_unit": "50",
        "price_unit": "ML"
      },
      {
        "state": "VIC",
        "price": "250",
        "price_per_unit": "50",
        "price_unit": "ML"
      },
      {
        "state": "QLD",
        "price": "250",
        "price_per_unit": "50",
        "price_unit": "ML"
      },
      {
        "state": "WA",
        "price": "250",
        "price_per_unit": "50",
        "price_unit": "ML"
      },
      {
        "state": "SA",
        "price": "250",
        "price_per_unit": "50",
        "price_unit": "ML"
      },
      {
        "state": "TAS",
        "price": "250",
        "price_per_unit": "50",
        "price_unit": "ML"
      },
      {
        "state": "ACT",
        "price": "250",
        "price_per_unit": "50",
        "price_unit": "ML"
      },
      {
        "state": "NT",
        "price": "250",
        "price_per_unit": "50",
        "price_unit": "ML"
      }
    ]
  },
  {
    "source_url": "https://www.woolworths.com.au/shop/productdetails/1075501741/masterfoods-tomato-sauce-squeezy-individual-portions-14g-100-carton-ketchup-squeeze-bulk-box",
    "name": "Masterfoods Tomato Sauce Squeezy Individual Portions 14g 100 Carton Ketchup Squeeze Bulk Box",
    "image_url": "https://cdn1.woolworths.media/content/wowproductimages/large/1075501741.jpg",
    "source_id": "Woolworths - 1075501741",
    "barcode": null,
    "shop": "Woolworths",
    "weight": "1EA",
    "prices": [
      {
        "state": "NSW",
        "price": "3995",
        "price_per_unit": "40",
        "price_unit": "EA"
      },
      {
        "state": "VIC",
        "price": "3995",
        "price_per_unit": "40",
        "price_unit": "EA"
      },
      {
        "state": "QLD",
        "price": "3995",
        "price_per_unit": "40",
        "price_unit": "EA"
      },
      {
        "state": "WA",
        "price": "3995",
        "price_per_unit": "40",
        "price_unit": "EA"
      },
      {
        "state": "SA",
        "price": "3995",
        "price_per_unit": "40",
        "price_unit": "EA"
      },
      {
        "state": "TAS",
        "price": "3995",
        "price_per_unit": "40",
        "price_unit": "EA"
      },
      {
        "state": "ACT",
        "price": "3995",
        "price_per_unit": "40",
        "price_unit": "EA"
      },
      {
        "state": "NT",
        "price": "3995",
        "price_per_unit": "40",
        "price_unit": "EA"
      }
    ]
  },
  {
    "source_url": "https://www.woolworths.com.au/shop/productdetails/802036/sweet-baby-ray-s-hickory-brown-sugar-bbq-sauce",
    "name": "Sweet Baby Ray's Hickory & Brown Sugar Bbq Sauce 425ml",
    "image_url": "https://cdn1.woolworths.media/content/wowproductimages/large/802036.jpg",
    "source_id": "Woolworths - 802036",
    "barcode": "13409451328",
    "shop": "Woolworths",
    "weight": "100ML",
    "prices": [
      {
        "state": "NSW",
        "price": "750",
        "price_per_unit": "176",
        "price_unit": "ML"
      },
      {
        "state": "VIC",
        "price": "750",
        "price_per_unit": "176",
        "price_unit": "ML"
      },
      {
        "state": "QLD",
        "price": "750",
        "price_per_unit": "176",
        "price_unit": "ML"
      },
      {
        "state": "WA",
        "price": "750",
        "price_per_unit": "176",
        "price_unit": "ML"
      },
      {
        "state": "SA",
        "price": "750",
        "price_per_unit": "176",
        "price_unit": "ML"
      },
      {
        "state": "TAS",
        "price": "750",
        "price_per_unit": "176",
        "price_unit": "ML"
      },
      {
        "state": "NT",
        "price": "790",
        "price_per_unit": "186",
        "price_unit": "ML"
      }
    ]
  },
  {
    "source_url": "https://www.woolworths.com.au/shop/productdetails/1074496770/sweet-baby-ray-s-hickory-brown-sugar-bbq-sauce-946ml",
    "name": "Sweet Baby Ray's Hickory & Brown Sugar Bbq Sauce 946ml",
    "image_url": "https://cdn1.woolworths.media/content/wowproductimages/large/1074496770.jpg",
    "source_id": "Woolworths - 1074496770",
    "barcode": null,
    "shop": "Woolworths",
    "weight": "100ML",
    "prices": [
      {
        "state": "NSW",
        "price": "2999",
        "price_per_unit": "317",
        "price_unit": "ML"
      },
      {
        "state": "VIC",
        "price": "2999",
        "price_per_unit": "317",
        "price_unit": "ML"
      },
      {
        "state": "QLD",
        "price": "2999",
        "price_per_unit": "317",
        "price_unit": "ML"
      },
      {
        "state": "WA",
        "price": "2999",
        "price_per_unit": "317",
        "price_unit": "ML"
      },
      {
        "state": "SA",
        "price": "2999",
        "price_per_unit": "317",
        "price_unit": "ML"
      },
      {
        "state": "TAS",
        "price": "2999",
        "price_per_unit": "317",
        "price_unit": "ML"
      },
      {
        "state": "NT",
        "price": "2999",
        "price_per_unit": "317",
        "price_unit": "ML"
      }
    ]
  },
  {
    "source_url": "https://www.woolworths.com.au/shop/productdetails/1075527868/tabasco-garlic-pepper-hot-spicy-sauce-60ml-bottles-pack-12",
    "name": "Tabasco Garlic Pepper Hot Spicy Sauce 60ml Bottles Pack 12",
    "image_url": "https://cdn1.woolworths.media/content/wowproductimages/large/1075527868.jpg",
    "source_id": "Woolworths - 1075527868",
    "barcode": null,
    "shop": "Woolworths",
    "weight": "1EA",
    "prices": [
      {
        "state": "NSW",
        "price": "8995",
        "price_per_unit": "750",
        "price_unit": "EA"
      },
      {
        "state": "VIC",
        "price": "8995",
        "price_per_unit": "750",
        "price_unit": "EA"
      },
      {
        "state": "QLD",
        "price": "8995",
        "price_per_unit": "750",
        "price_unit": "EA"
      },
      {
        "state": "WA",
        "price": "8995",
        "price_per_unit": "750",
        "price_unit": "EA"
      },
      {
        "state": "SA",
        "price": "8995",
        "price_per_unit": "750",
        "price_unit": "EA"
      },
      {
        "state": "TAS",
        "price": "8995",
        "price_per_unit": "750",
        "price_unit": "EA"
      },
      {
        "state": "NT",
        "price": "8995",
        "price_per_unit": "750",
        "price_unit": "EA"
      }
    ]
  },
  {
    "source_url": "https://www.woolworths.com.au/shop/productdetails/230504/woolworths-barbecue-sauce-squeeze",
    "name": "Woolworths Barbecue Sauce Squeeze 500ml",
    "image_url": "https://cdn1.woolworths.media/content/wowproductimages/large/230504.jpg",
    "source_id": "Woolworths - 230504",
    "barcode": "9300633910129",
    "shop": "Woolworths",
    "weight": "100ML",
    "prices": [
      {
        "state": "NSW",
        "price": "210",
        "price_per_unit": "42",
        "price_unit": "ML"
      },
      {
        "state": "VIC",
        "price": "210",
        "price_per_unit": "42",
        "price_unit": "ML"
      },
      {
        "state": "QLD",
        "price": "210",
        "price_per_unit": "42",
        "price_unit": "ML"
      },
      {
        "state": "WA",
        "price": "210",
        "price_per_unit": "42",
        "price_unit": "ML"
      },
      {
        "state": "TAS",
        "price": "210",
        "price_per_unit": "42",
        "price_unit": "ML"
      },
      {
        "state": "ACT",
        "price": "210",
        "price_per_unit": "42",
        "price_unit": "ML"
      },
      {
        "state": "NT",
        "price": "210",
        "price_per_unit": "42",
        "price_unit": "ML"
      }
    ]
  },
  {
    "source_url": "https://www.woolworths.com.au/shop/productdetails/679544/woolworths-secret-burger-sauce",
    "name": "Woolworths Secret Burger Sauce 330ml",
    "image_url": "https://cdn1.woolworths.media/content/wowproductimages/large/679544.jpg",
    "source_id": "Woolworths - 679544",
    "barcode": "9339687034963",
    "shop": "Woolworths",
    "weight": "100ML",
    "prices": [
      {
        "state": "NSW",
        "price": "295",
        "price_per_unit": "89",
        "price_unit": "ML"
      },
      {
        "state": "VIC",
        "price": "295",
        "price_per_unit": "89",
        "price_unit": "ML"
      },
      {
        "state": "TAS",
        "price": "295",
        "price_per_unit": "89",
        "price_unit": "ML"
      },
      {
        "state": "NT",
        "price": "310",
        "price_per_unit": "94",
        "price_unit": "ML"
      }
    ]
  },
  {
    "source_url": "https://www.woolworths.com.au/shop/productdetails/230519/woolworths-tomato-sauce-squeeze",
    "name": "Woolworths Tomato Sauce Squeeze 500ml",
    "image_url": "https://cdn1.woolworths.media/content/wowproductimages/large/230519.jpg",
    "source_id": "Woolworths - 230519",
    "barcode": "9300633910198",
    "shop": "Woolworths",
    "weight": "100ML",
    "prices": [
      {
        "state": "NSW",
        "price": "210",
        "price_per_unit": "42",
        "price_unit": "ML"
      },
      {
        "state": "VIC",
        "price": "210",
        "price_per_unit": "42",
        "price_unit": "ML"
      },
      {
        "state": "TAS",
        "price": "210",
        "price_per_unit": "42",
        "price_unit": "ML"
      },
      {
        "state": "NT",
        "price": "210",
        "price_per_unit": "42",
        "price_unit": "ML"
      }
    ]
  },
  {
    "source_url": "https://www.woolworths.com.au/shop/productdetails/1074496797/yoshida-s-spicy-wing-rib-sauce-1-ltr",
    "name": "Yoshida's Spicy Wing & Rib Sauce 1 Ltr",
    "image_url": "https://cdn1.woolworths.media/content/wowproductimages/large/1074496797.jpg",
    "source_id": "Woolworths - 1074496797",
    "barcode": null,
    "shop": "Woolworths",
    "weight": "1EA",
    "prices": [
      null,
      null
    ]
  },
  {
    "source_url": "https://www.woolworths.com.au/shop/productdetails/9297/beerenberg-tomato-sauce",
    "name": "Beerenberg Tomato Sauce 300ml",
    "image_url": "https://cdn1.woolworths.media/content/wowproductimages/large/009297.jpg",
    "source_id": "Woolworths - 9297",
    "barcode": "9311485502103",
    "shop": "Woolworths",
    "weight": "100ML",
    "prices": [
      {
        "state": "VIC",
        "price": "640",
        "price_per_unit": "213",
        "price_unit": "ML"
      },
      {
        "state": "QLD",
        "price": "640",
        "price_per_unit": "213",
        "price_unit": "ML"
      },
      {
        "state": "WA",
        "price": "640",
        "price_per_unit": "213",
        "price_unit": "ML"
      },
      {
        "state": "SA",
        "price": "640",
        "price_per_unit": "213",
        "price_unit": "ML"
      },
      {
        "state": "TAS",
        "price": "640",
        "price_per_unit": "213",
        "price_unit": "ML"
      },
      {
        "state": "ACT",
        "price": "640",
        "price_per_unit": "213",
        "price_unit": "ML"
      },
      {
        "state": "NT",
        "price": "670",
        "price_per_unit": "223",
        "price_unit": "ML"
      }
    ]
  },
  {
    "source_url": "https://www.woolworths.com.au/shop/productdetails/880917/bull-s-eye-original-bbq-sauce",
    "name": "Bull's-Eye Original Bbq Sauce 300ml",
    "image_url": "https://cdn1.woolworths.media/content/wowproductimages/large/880917.jpg",
    "source_id": "Woolworths - 880917",
    "barcode": "9300657043605",
    "shop": "Woolworths",
    "weight": "100ML",
    "prices": [
      {
        "state": "VIC",
        "price": "400",
        "price_per_unit": "133",
        "price_unit": "ML"
      },
      {
        "state": "QLD",
        "price": "400",
        "price_per_unit": "133",
        "price_unit": "ML"
      },
      {
        "state": "WA",
        "price": "400",
        "price_per_unit": "133",
        "price_unit": "ML"
      },
      {
        "state": "SA",
        "price": "400",
        "price_per_unit": "133",
        "price_unit": "ML"
      },
      {
        "state": "TAS",
        "price": "350",
        "price_per_unit": "117",
        "price_unit": "ML"
      },
      {
        "state": "ACT",
        "price": "350",
        "price_per_unit": "117",
        "price_unit": "ML"
      },
      {
        "state": "NT",
        "price": "375",
        "price_per_unit": "125",
        "price_unit": "ML"
      }
    ]
  },
  {
    "source_url": "https://www.woolworths.com.au/shop/productdetails/390730/celebrate-health-keto-bbq-sauce",
    "name": "Celebrate Health Keto Bbq Sauce 430ml",
    "image_url": "https://cdn1.woolworths.media/content/wowproductimages/large/390730.jpg",
    "source_id": "Woolworths - 390730",
    "barcode": "9337484000617",
    "shop": "Woolworths",
    "weight": "100ML",
    "prices": [
      {
        "state": "VIC",
        "price": "570",
        "price_per_unit": "133",
        "price_unit": "ML"
      },
      {
        "state": "QLD",
        "price": "570",
        "price_per_unit": "133",
        "price_unit": "ML"
      },
      {
        "state": "WA",
        "price": "570",
        "price_per_unit": "133",
        "price_unit": "ML"
      },
      {
        "state": "SA",
        "price": "570",
        "price_per_unit": "133",
        "price_unit": "ML"
      },
      {
        "state": "TAS",
        "price": "570",
        "price_per_unit": "133",
        "price_unit": "ML"
      },
      {
        "state": "ACT",
        "price": "400",
        "price_per_unit": "93",
        "price_unit": "ML"
      },
      {
        "state": "NT",
        "price": "430",
        "price_per_unit": "100",
        "price_unit": "ML"
      }
    ]
  },
  {
    "source_url": "https://www.woolworths.com.au/shop/productdetails/388830/celebrate-health-keto-tomato-sauce",
    "name": "Celebrate Health Keto Tomato Sauce 430ml",
    "image_url": "https://cdn1.woolworths.media/content/wowproductimages/large/388830.jpg",
    "source_id": "Woolworths - 388830",
    "barcode": "9337484000594",
    "shop": "Woolworths",
    "weight": "100ML",
    "prices": [
      {
        "state": "VIC",
        "price": "570",
        "price_per_unit": "133",
        "price_unit": "ML"
      },
      {
        "state": "QLD",
        "price": "570",
        "price_per_unit": "133",
        "price_unit": "ML"
      },
      {
        "state": "WA",
        "price": "570",
        "price_per_unit": "133",
        "price_unit": "ML"
      },
      {
        "state": "SA",
        "price": "570",
        "price_per_unit": "133",
        "price_unit": "ML"
      },
      {
        "state": "TAS",
        "price": "570",
        "price_per_unit": "133",
        "price_unit": "ML"
      },
      {
        "state": "ACT",
        "price": "400",
        "price_per_unit": "93",
        "price_unit": "ML"
      },
      {
        "state": "NT",
        "price": "430",
        "price_per_unit": "100",
        "price_unit": "ML"
      }
    ]
  },
  {
    "source_url": "https://www.woolworths.com.au/shop/productdetails/34425/eta-barbecue-sauce",
    "name": "Eta Barbecue Sauce 375ml",
    "image_url": "https://cdn1.woolworths.media/content/wowproductimages/large/034425.jpg",
    "source_id": "Woolworths - 34425",
    "barcode": "93201834",
    "shop": "Woolworths",
    "weight": "100ML",
    "prices": [
      {
        "state": "VIC",
        "price": "320",
        "price_per_unit": "85",
        "price_unit": "ML"
      },
      {
        "state": "QLD",
        "price": "320",
        "price_per_unit": "85",
        "price_unit": "ML"
      },
      {
        "state": "WA",
        "price": "320",
        "price_per_unit": "85",
        "price_unit": "ML"
      },
      {
        "state": "SA",
        "price": "320",
        "price_per_unit": "85",
        "price_unit": "ML"
      },
      {
        "state": "TAS",
        "price": "250",
        "price_per_unit": "67",
        "price_unit": "ML"
      },
      {
        "state": "ACT",
        "price": "250",
        "price_per_unit": "67",
        "price_unit": "ML"
      },
      {
        "state": "NT",
        "price": "265",
        "price_per_unit": "71",
        "price_unit": "ML"
      }
    ]
  },
  {
    "source_url": "https://www.woolworths.com.au/shop/productdetails/972234/eta-smokey-bbq-sauce",
    "name": "Eta Smokey BBQ Sauce 375mL",
    "image_url": "https://cdn1.woolworths.media/content/wowproductimages/large/972234.jpg",
    "source_id": "Woolworths - 972234",
    "barcode": "93575232",
    "shop": "Woolworths",
    "weight": "100ML",
    "prices": [
      {
        "state": "VIC",
        "price": "360",
        "price_per_unit": "96",
        "price_unit": "ML"
      },
      {
        "state": "QLD",
        "price": "360",
        "price_per_unit": "96",
        "price_unit": "ML"
      },
      {
        "state": "WA",
        "price": "360",
        "price_per_unit": "96",
        "price_unit": "ML"
      },
      {
        "state": "SA",
        "price": "360",
        "price_per_unit": "96",
        "price_unit": "ML"
      },
      {
        "state": "TAS",
        "price": "300",
        "price_per_unit": "80",
        "price_unit": "ML"
      },
      {
        "state": "ACT",
        "price": "300",
        "price_per_unit": "80",
        "price_unit": "ML"
      },
      {
        "state": "NT",
        "price": "300",
        "price_per_unit": "80",
        "price_unit": "ML"
      }
    ]
  },
  {
    "source_url": "https://www.woolworths.com.au/shop/productdetails/169076/f-whitlock-sons-chipotle-barbecue-bbq-sauce",
    "name": "F. Whitlock & Sons Chipotle Barbecue Bbq Sauce 250ml",
    "image_url": "https://cdn1.woolworths.media/content/wowproductimages/large/169076.jpg",
    "source_id": "Woolworths - 169076",
    "barcode": "9419741004016",
    "shop": "Woolworths",
    "weight": "100ML",
    "prices": [
      {
        "state": "VIC",
        "price": "450",
        "price_per_unit": "180",
        "price_unit": "ML"
      },
      {
        "state": "QLD",
        "price": "450",
        "price_per_unit": "180",
        "price_unit": "ML"
      },
      {
        "state": "WA",
        "price": "450",
        "price_per_unit": "180",
        "price_unit": "ML"
      },
      {
        "state": "SA",
        "price": "450",
        "price_per_unit": "180",
        "price_unit": "ML"
      },
      {
        "state": "TAS",
        "price": "400",
        "price_per_unit": "160",
        "price_unit": "ML"
      },
      {
        "state": "ACT",
        "price": "400",
        "price_per_unit": "160",
        "price_unit": "ML"
      },
      {
        "state": "NT",
        "price": "475",
        "price_per_unit": "190",
        "price_unit": "ML"
      }
    ]
  },
  {
    "source_url": "https://www.woolworths.com.au/shop/productdetails/169354/f-whitlock-sons-smokehouse-tomato-chutney-sauce",
    "name": "F. Whitlock & Sons Smokehouse Tomato Chutney Sauce 250ml",
    "image_url": "https://cdn1.woolworths.media/content/wowproductimages/large/169354.jpg",
    "source_id": "Woolworths - 169354",
    "barcode": "9419741003996",
    "shop": "Woolworths",
    "weight": "100ML",
    "prices": [
      {
        "state": "VIC",
        "price": "450",
        "price_per_unit": "180",
        "price_unit": "ML"
      },
      {
        "state": "QLD",
        "price": "450",
        "price_per_unit": "180",
        "price_unit": "ML"
      },
      {
        "state": "WA",
        "price": "450",
        "price_per_unit": "180",
        "price_unit": "ML"
      },
      {
        "state": "SA",
        "price": "450",
        "price_per_unit": "180",
        "price_unit": "ML"
      },
      {
        "state": "TAS",
        "price": "400",
        "price_per_unit": "160",
        "price_unit": "ML"
      },
      {
        "state": "ACT",
        "price": "400",
        "price_per_unit": "160",
        "price_unit": "ML"
      },
      {
        "state": "NT",
        "price": "475",
        "price_per_unit": "190",
        "price_unit": "ML"
      }
    ]
  },
  {
    "source_url": "https://www.woolworths.com.au/shop/productdetails/757861/fountain-barbecue-bbq-sauce-reduced-sugar",
    "name": "Fountain Barbecue Bbq Sauce Reduced Sugar 500ml",
    "image_url": "https://cdn1.woolworths.media/content/wowproductimages/large/757861.jpg",
    "source_id": "Woolworths - 757861",
    "barcode": "9300681020771",
    "shop": "Woolworths",
    "weight": "100ML",
    "prices": [
      {
        "state": "VIC",
        "price": "240",
        "price_per_unit": "48",
        "price_unit": "ML"
      },
      {
        "state": "QLD",
        "price": "240",
        "price_per_unit": "48",
        "price_unit": "ML"
      },
      {
        "state": "WA",
        "price": "240",
        "price_per_unit": "48",
        "price_unit": "ML"
      },
      {
        "state": "SA",
        "price": "240",
        "price_per_unit": "48",
        "price_unit": "ML"
      },
      {
        "state": "TAS",
        "price": "240",
        "price_per_unit": "48",
        "price_unit": "ML"
      },
      {
        "state": "ACT",
        "price": "240",
        "price_per_unit": "48",
        "price_unit": "ML"
      },
      {
        "state": "NT",
        "price": "240",
        "price_per_unit": "48",
        "price_unit": "ML"
      }
    ]
  },
  {
    "source_url": "https://www.woolworths.com.au/shop/productdetails/34442/fountain-spicy-red-sauce-sauce",
    "name": "Fountain Spicy Red Sauce 250ml",
    "image_url": "https://cdn1.woolworths.media/content/wowproductimages/large/034442.jpg",
    "source_id": "Woolworths - 34442",
    "barcode": "93681117",
    "shop": "Woolworths",
    "weight": "100ML",
    "prices": [
      {
        "state": "VIC",
        "price": "380",
        "price_per_unit": "152",
        "price_unit": "ML"
      },
      {
        "state": "QLD",
        "price": "380",
        "price_per_unit": "152",
        "price_unit": "ML"
      },
      {
        "state": "WA",
        "price": "380",
        "price_per_unit": "152",
        "price_unit": "ML"
      },
      {
        "state": "SA",
        "price": "380",
        "price_per_unit": "152",
        "price_unit": "ML"
      },
      {
        "state": "TAS",
        "price": "380",
        "price_per_unit": "152",
        "price_unit": "ML"
      },
      {
        "state": "ACT",
        "price": "380",
        "price_per_unit": "152",
        "price_unit": "ML"
      },
      {
        "state": "NT",
        "price": "300",
        "price_per_unit": "120",
        "price_unit": "ML"
      }
    ]
  },
  {
    "source_url": "https://www.woolworths.com.au/shop/productdetails/34444/fountain-steak-sauce",
    "name": "Fountain Steak Sauce 250ml",
    "image_url": "https://cdn1.woolworths.media/content/wowproductimages/large/034444.jpg",
    "source_id": "Woolworths - 34444",
    "barcode": "93681124",
    "shop": "Woolworths",
    "weight": "100ML",
    "prices": [
      {
        "state": "VIC",
        "price": "380",
        "price_per_unit": "152",
        "price_unit": "ML"
      },
      {
        "state": "QLD",
        "price": "380",
        "price_per_unit": "152",
        "price_unit": "ML"
      },
      {
        "state": "WA",
        "price": "380",
        "price_per_unit": "152",
        "price_unit": "ML"
      },
      {
        "state": "SA",
        "price": "380",
        "price_per_unit": "152",
        "price_unit": "ML"
      },
      {
        "state": "TAS",
        "price": "380",
        "price_per_unit": "152",
        "price_unit": "ML"
      },
      {
        "state": "ACT",
        "price": "300",
        "price_per_unit": "120",
        "price_unit": "ML"
      },
      {
        "state": "NT",
        "price": "300",
        "price_per_unit": "120",
        "price_unit": "ML"
      }
    ]
  },
  {
    "source_url": "https://www.woolworths.com.au/shop/productdetails/757858/fountain-tomato-sauce-reduced-sugar-reduced-sugar",
    "name": "Fountain Tomato Sauce Reduced Sugar 500ml",
    "image_url": "https://cdn1.woolworths.media/content/wowproductimages/large/757858.jpg",
    "source_id": "Woolworths - 757858",
    "barcode": "9300681020535",
    "shop": "Woolworths",
    "weight": "100ML",
    "prices": [
      {
        "state": "VIC",
        "price": "240",
        "price_per_unit": "48",
        "price_unit": "ML"
      },
      {
        "state": "QLD",
        "price": "240",
        "price_per_unit": "48",
        "price_unit": "ML"
      },
      {
        "state": "WA",
        "price": "240",
        "price_per_unit": "48",
        "price_unit": "ML"
      },
      {
        "state": "SA",
        "price": "240",
        "price_per_unit": "48",
        "price_unit": "ML"
      },
      {
        "state": "TAS",
        "price": "240",
        "price_per_unit": "48",
        "price_unit": "ML"
      },
      {
        "state": "ACT",
        "price": "240",
        "price_per_unit": "48",
        "price_unit": "ML"
      },
      {
        "state": "NT",
        "price": "240",
        "price_per_unit": "48",
        "price_unit": "ML"
      }
    ]
  },
  {
    "source_url": "https://www.woolworths.com.au/shop/productdetails/169592/heinz-ketchup-sauces-tomato-sauce",
    "name": "Heinz Heinz Ketchup Sauces Tomato Sauce 1l",
    "image_url": "https://cdn1.woolworths.media/content/wowproductimages/large/169592.jpg",
    "source_id": "Woolworths - 169592",
    "barcode": "9300657016555",
    "shop": "Woolworths",
    "weight": "100ML",
    "prices": [
      {
        "state": "VIC",
        "price": "660",
        "price_per_unit": "66",
        "price_unit": "ML"
      },
      {
        "state": "QLD",
        "price": "660",
        "price_per_unit": "66",
        "price_unit": "ML"
      },
      {
        "state": "WA",
        "price": "660",
        "price_per_unit": "66",
        "price_unit": "ML"
      },
      {
        "state": "SA",
        "price": "660",
        "price_per_unit": "66",
        "price_unit": "ML"
      },
      {
        "state": "TAS",
        "price": "590",
        "price_per_unit": "59",
        "price_unit": "ML"
      },
      {
        "state": "ACT",
        "price": "590",
        "price_per_unit": "59",
        "price_unit": "ML"
      },
      {
        "state": "NT",
        "price": "620",
        "price_per_unit": "62",
        "price_unit": "ML"
      },
      {
        "state": "NT",
        "price": "590",
        "price_per_unit": "59",
        "price_unit": "ML"
      }
    ]
  },
  {
    "source_url": "https://www.woolworths.com.au/shop/productdetails/844371/heinz-ketchup-tomato-sauce-tomato-ketchup",
    "name": "Heinz Ketchup Tomato Sauce 220ml",
    "image_url": "https://cdn1.woolworths.media/content/wowproductimages/large/844371.jpg",
    "source_id": "Woolworths - 844371",
    "barcode": "9300657116125",
    "shop": "Woolworths",
    "weight": "100ML",
    "prices": [
      {
        "state": "VIC",
        "price": "200",
        "price_per_unit": "91",
        "price_unit": "ML"
      },
      {
        "state": "QLD",
        "price": "200",
        "price_per_unit": "91",
        "price_unit": "ML"
      },
      {
        "state": "WA",
        "price": "200",
        "price_per_unit": "91",
        "price_unit": "ML"
      },
      {
        "state": "SA",
        "price": "200",
        "price_per_unit": "91",
        "price_unit": "ML"
      },
      {
        "state": "TAS",
        "price": "250",
        "price_per_unit": "114",
        "price_unit": "ML"
      },
      {
        "state": "ACT",
        "price": "250",
        "price_per_unit": "114",
        "price_unit": "ML"
      },
      {
        "state": "NT",
        "price": "265",
        "price_per_unit": "120",
        "price_unit": "ML"
      },
      {
        "state": "NT",
        "price": "250",
        "price_per_unit": "114",
        "price_unit": "ML"
      }
    ]
  },
  {
    "source_url": "https://www.woolworths.com.au/shop/productdetails/607577/heinz-ketchup-tomato-sauce-50-less-added-sugar-salt",
    "name": "Heinz Ketchup Tomato Sauce 50% Less Added Sugar & Salt 500ml",
    "image_url": "https://cdn1.woolworths.media/content/wowproductimages/large/607577.jpg",
    "source_id": "Woolworths - 607577",
    "barcode": "9300657114411",
    "shop": "Woolworths",
    "weight": "100ML",
    "prices": [
      {
        "state": "VIC",
        "price": "500",
        "price_per_unit": "100",
        "price_unit": "ML"
      },
      {
        "state": "QLD",
        "price": "500",
        "price_per_unit": "100",
        "price_unit": "ML"
      },
      {
        "state": "WA",
        "price": "500",
        "price_per_unit": "100",
        "price_unit": "ML"
      },
      {
        "state": "SA",
        "price": "500",
        "price_per_unit": "100",
        "price_unit": "ML"
      },
      {
        "state": "TAS",
        "price": "500",
        "price_per_unit": "100",
        "price_unit": "ML"
      },
      {
        "state": "ACT",
        "price": "400",
        "price_per_unit": "80",
        "price_unit": "ML"
      },
      {
        "state": "NT",
        "price": "420",
        "price_per_unit": "84",
        "price_unit": "ML"
      },
      {
        "state": "NT",
        "price": "400",
        "price_per_unit": "80",
        "price_unit": "ML"
      }
    ]
  },
  {
    "source_url": "https://www.woolworths.com.au/shop/productdetails/307263/heinz-organic-ketchup-tomato-sauce-ketchup-organic",
    "name": "Heinz Organic Ketchup Tomato Sauce 500ml",
    "image_url": "https://cdn1.woolworths.media/content/wowproductimages/large/307263.jpg",
    "source_id": "Woolworths - 307263",
    "barcode": "9300657114053",
    "shop": "Woolworths",
    "weight": "100ML",
    "prices": [
      {
        "state": "VIC",
        "price": "500",
        "price_per_unit": "100",
        "price_unit": "ML"
      },
      {
        "state": "QLD",
        "price": "500",
        "price_per_unit": "100",
        "price_unit": "ML"
      },
      {
        "state": "WA",
        "price": "500",
        "price_per_unit": "100",
        "price_unit": "ML"
      },
      {
        "state": "SA",
        "price": "500",
        "price_per_unit": "100",
        "price_unit": "ML"
      },
      {
        "state": "TAS",
        "price": "500",
        "price_per_unit": "100",
        "price_unit": "ML"
      },
      null,
      {
        "state": "NT",
        "price": "630",
        "price_per_unit": "126",
        "price_unit": "ML"
      },
      {
        "state": "NT",
        "price": "600",
        "price_per_unit": "120",
        "price_unit": "ML"
      }
    ]
  },
  {
    "source_url": "https://www.woolworths.com.au/shop/productdetails/683110/heinz-smokey-bbq-sauce-barbecue-sauce",
    "name": "Heinz Smokey Bbq Sauce Barbecue Sauce 500ml",
    "image_url": "https://cdn1.woolworths.media/content/wowproductimages/large/683110.jpg",
    "source_id": "Woolworths - 683110",
    "barcode": "9300657155766",
    "shop": "Woolworths",
    "weight": "100ML",
    "prices": [
      {
        "state": "VIC",
        "price": "500",
        "price_per_unit": "100",
        "price_unit": "ML"
      },
      {
        "state": "QLD",
        "price": "500",
        "price_per_unit": "100",
        "price_unit": "ML"
      },
      {
        "state": "WA",
        "price": "500",
        "price_per_unit": "100",
        "price_unit": "ML"
      },
      {
        "state": "SA",
        "price": "500",
        "price_per_unit": "100",
        "price_unit": "ML"
      },
      {
        "state": "TAS",
        "price": "500",
        "price_per_unit": "100",
        "price_unit": "ML"
      },
      {
        "state": "ACT",
        "price": "400",
        "price_per_unit": "80",
        "price_unit": "ML"
      },
      {
        "state": "NT",
        "price": "420",
        "price_per_unit": "84",
        "price_unit": "ML"
      },
      {
        "state": "NT",
        "price": "400",
        "price_per_unit": "80",
        "price_unit": "ML"
      }
    ]
  },
  {
    "source_url": "https://www.woolworths.com.au/shop/productdetails/911414/heinz-tomato-ketchup-pickle-flavoured-sauce",
    "name": "Heinz Tomato Ketchup Pickle Flavoured Sauce 500mL",
    "image_url": "https://cdn1.woolworths.media/content/wowproductimages/large/911414.jpg",
    "source_id": "Woolworths - 911414",
    "barcode": "9300657788711",
    "shop": "Woolworths",
    "weight": "100ML",
    "prices": [
      {
        "state": "VIC",
        "price": "500",
        "price_per_unit": "100",
        "price_unit": "ML"
      },
      {
        "state": "QLD",
        "price": "500",
        "price_per_unit": "100",
        "price_unit": "ML"
      },
      {
        "state": "WA",
        "price": "500",
        "price_per_unit": "100",
        "price_unit": "ML"
      },
      {
        "state": "SA",
        "price": "500",
        "price_per_unit": "100",
        "price_unit": "ML"
      },
      {
        "state": "TAS",
        "price": "500",
        "price_per_unit": "100",
        "price_unit": "ML"
      },
      {
        "state": "ACT",
        "price": "400",
        "price_per_unit": "80",
        "price_unit": "ML"
      },
      {
        "state": "NT",
        "price": "420",
        "price_per_unit": "84",
        "price_unit": "ML"
      },
      {
        "state": "NT",
        "price": "400",
        "price_per_unit": "80",
        "price_unit": "ML"
      }
    ]
  },
  {
    "source_url": "https://www.woolworths.com.au/shop/productdetails/728546/hp-original-barbecue-bbq-sauce-99-fat-free-brown-sauce",
    "name": "HP Original Barbecue Bbq Sauce 99% Fat Free Brown Sauce 390ml",
    "image_url": "https://cdn1.woolworths.media/content/wowproductimages/large/728546.jpg",
    "source_id": "Woolworths - 728546",
    "barcode": "9300657116408",
    "shop": "Woolworths",
    "weight": "100ML",
    "prices": [
      {
        "state": "VIC",
        "price": "660",
        "price_per_unit": "169",
        "price_unit": "ML"
      },
      {
        "state": "QLD",
        "price": "660",
        "price_per_unit": "169",
        "price_unit": "ML"
      },
      {
        "state": "WA",
        "price": "660",
        "price_per_unit": "169",
        "price_unit": "ML"
      },
      {
        "state": "SA",
        "price": "660",
        "price_per_unit": "169",
        "price_unit": "ML"
      },
      {
        "state": "TAS",
        "price": "660",
        "price_per_unit": "169",
        "price_unit": "ML"
      },
      {
        "state": "ACT",
        "price": "660",
        "price_per_unit": "169",
        "price_unit": "ML"
      },
      {
        "state": "NT",
        "price": "660",
        "price_per_unit": "169",
        "price_unit": "ML"
      }
    ]
  },
  {
    "source_url": "https://www.woolworths.com.au/shop/productdetails/27189/beerenberg-bbq-sauce",
    "name": "Beerenberg Bbq Sauce 300ml",
    "image_url": "https://cdn1.woolworths.media/content/wowproductimages/large/027189.jpg",
    "source_id": "Woolworths - 27189",
    "barcode": "9311485504862",
    "shop": "Woolworths",
    "weight": "100ML",
    "prices": [
      {
        "state": "VIC",
        "price": "640",
        "price_per_unit": "213",
        "price_unit": "ML"
      },
      {
        "state": "QLD",
        "price": "640",
        "price_per_unit": "213",
        "price_unit": "ML"
      },
      {
        "state": "WA",
        "price": "640",
        "price_per_unit": "213",
        "price_unit": "ML"
      },
      {
        "state": "SA",
        "price": "640",
        "price_per_unit": "213",
        "price_unit": "ML"
      },
      {
        "state": "TAS",
        "price": "640",
        "price_per_unit": "213",
        "price_unit": "ML"
      },
      {
        "state": "ACT",
        "price": "640",
        "price_per_unit": "213",
        "price_unit": "ML"
      },
      {
        "state": "NT",
        "price": "670",
        "price_per_unit": "223",
        "price_unit": "ML"
      }
    ]
  },
  {
    "source_url": "https://www.woolworths.com.au/shop/productdetails/164690/beerenberg-chipotle-ranch-sauce",
    "name": "Beerenberg Chipotle Ranch Sauce 300ml",
    "image_url": "https://cdn1.woolworths.media/content/wowproductimages/large/164690.jpg",
    "source_id": "Woolworths - 164690",
    "barcode": "9311485004133",
    "shop": "Woolworths",
    "weight": "100ML",
    "prices": [
      {
        "state": "VIC",
        "price": "740",
        "price_per_unit": "247",
        "price_unit": "ML"
      },
      {
        "state": "QLD",
        "price": "740",
        "price_per_unit": "247",
        "price_unit": "ML"
      },
      {
        "state": "WA",
        "price": "740",
        "price_per_unit": "247",
        "price_unit": "ML"
      },
      {
        "state": "SA",
        "price": "740",
        "price_per_unit": "247",
        "price_unit": "ML"
      },
      {
        "state": "ACT",
        "price": "740",
        "price_per_unit": "247",
        "price_unit": "ML"
      }
    ]
  },
  {
    "source_url": "https://www.woolworths.com.au/shop/productdetails/475350/beerenberg-roadhouse-steak-sauce",
    "name": "Beerenberg Roadhouse Steak Sauce 300ml",
    "image_url": "https://cdn1.woolworths.media/content/wowproductimages/large/475350.jpg",
    "source_id": "Woolworths - 475350",
    "barcode": "9311485003013",
    "shop": "Woolworths",
    "weight": "100ML",
    "prices": [
      {
        "state": "VIC",
        "price": "740",
        "price_per_unit": "247",
        "price_unit": "ML"
      },
      {
        "state": "QLD",
        "price": "740",
        "price_per_unit": "247",
        "price_unit": "ML"
      },
      {
        "state": "WA",
        "price": "740",
        "price_per_unit": "247",
        "price_unit": "ML"
      },
      {
        "state": "SA",
        "price": "740",
        "price_per_unit": "247",
        "price_unit": "ML"
      },
      {
        "state": "ACT",
        "price": "740",
        "price_per_unit": "247",
        "price_unit": "ML"
      }
    ]
  },
  {
    "source_url": "https://www.woolworths.com.au/shop/productdetails/387350/masterfoods-aussie-farmers-tomato-sauce",
    "name": "MasterFoods Aussie Farmers Tomato Sauce 500ml",
    "image_url": "https://cdn1.woolworths.media/content/wowproductimages/large/387350.jpg",
    "source_id": "Woolworths - 387350",
    "barcode": "9310012062554",
    "shop": "Woolworths",
    "weight": "100ML",
    "prices": [
      {
        "state": "VIC",
        "price": "340",
        "price_per_unit": "68",
        "price_unit": "ML"
      },
      {
        "state": "QLD",
        "price": "340",
        "price_per_unit": "68",
        "price_unit": "ML"
      },
      {
        "state": "WA",
        "price": "340",
        "price_per_unit": "68",
        "price_unit": "ML"
      },
      {
        "state": "SA",
        "price": "340",
        "price_per_unit": "68",
        "price_unit": "ML"
      },
      {
        "state": "TAS",
        "price": "340",
        "price_per_unit": "68",
        "price_unit": "ML"
      },
      {
        "state": "ACT",
        "price": "490",
        "price_per_unit": "98",
        "price_unit": "ML"
      },
      {
        "state": "NT",
        "price": "490",
        "price_per_unit": "98",
        "price_unit": "ML"
      }
    ]
  },
  {
    "source_url": "https://www.woolworths.com.au/shop/productdetails/608711/masterfoods-barbecue-sauce-reduced-salt-sugar",
    "name": "MasterFoods Barbecue Sauce Reduced Salt & Sugar 475ml",
    "image_url": "https://cdn1.woolworths.media/content/wowproductimages/large/608711.jpg",
    "source_id": "Woolworths - 608711",
    "barcode": "9310012049173",
    "shop": "Woolworths",
    "weight": "100ML",
    "prices": [
      {
        "state": "VIC",
        "price": "250",
        "price_per_unit": "53",
        "price_unit": "ML"
      },
      {
        "state": "QLD",
        "price": "250",
        "price_per_unit": "53",
        "price_unit": "ML"
      },
      {
        "state": "WA",
        "price": "250",
        "price_per_unit": "53",
        "price_unit": "ML"
      },
      {
        "state": "SA",
        "price": "250",
        "price_per_unit": "53",
        "price_unit": "ML"
      },
      {
        "state": "TAS",
        "price": "250",
        "price_per_unit": "53",
        "price_unit": "ML"
      },
      {
        "state": "ACT",
        "price": "250",
        "price_per_unit": "53",
        "price_unit": "ML"
      },
      {
        "state": "NT",
        "price": "250",
        "price_per_unit": "53",
        "price_unit": "ML"
      }
    ]
  },
  {
    "source_url": "https://www.woolworths.com.au/shop/productdetails/171282/mingle-better-tangy-bbq-sauce-pouch",
    "name": "Mingle Better Tangy Bbq Sauce Pouch 250g",
    "image_url": "https://cdn1.woolworths.media/content/wowproductimages/large/171282.jpg",
    "source_id": "Woolworths - 171282",
    "barcode": "9350465000338",
    "shop": "Woolworths",
    "weight": "100G",
    "prices": [
      {
        "state": "VIC",
        "price": "595",
        "price_per_unit": "238",
        "price_unit": "G"
      },
      {
        "state": "QLD",
        "price": "595",
        "price_per_unit": "238",
        "price_unit": "G"
      },
      {
        "state": "WA",
        "price": "595",
        "price_per_unit": "238",
        "price_unit": "G"
      },
      {
        "state": "SA",
        "price": "595",
        "price_per_unit": "238",
        "price_unit": "G"
      },
      {
        "state": "TAS",
        "price": "395",
        "price_per_unit": "158",
        "price_unit": "G"
      },
      {
        "state": "ACT",
        "price": "395",
        "price_per_unit": "158",
        "price_unit": "G"
      },
      {
        "state": "NT",
        "price": "395",
        "price_per_unit": "158",
        "price_unit": "G"
      }
    ]
  },
  {
    "source_url": "https://www.woolworths.com.au/shop/productdetails/170497/mingle-better-tangy-tomato-sauce-pouch",
    "name": "Mingle Better Tangy Tomato Sauce Pouch 250g",
    "image_url": "https://cdn1.woolworths.media/content/wowproductimages/large/170497.jpg",
    "source_id": "Woolworths - 170497",
    "barcode": "9350465000321",
    "shop": "Woolworths",
    "weight": "100G",
    "prices": [
      {
        "state": "VIC",
        "price": "595",
        "price_per_unit": "238",
        "price_unit": "G"
      },
      {
        "state": "QLD",
        "price": "595",
        "price_per_unit": "238",
        "price_unit": "G"
      },
      {
        "state": "WA",
        "price": "595",
        "price_per_unit": "238",
        "price_unit": "G"
      },
      {
        "state": "SA",
        "price": "595",
        "price_per_unit": "238",
        "price_unit": "G"
      },
      {
        "state": "TAS",
        "price": "395",
        "price_per_unit": "158",
        "price_unit": "G"
      },
      {
        "state": "ACT",
        "price": "395",
        "price_per_unit": "158",
        "price_unit": "G"
      },
      {
        "state": "NT",
        "price": "395",
        "price_per_unit": "158",
        "price_unit": "G"
      }
    ]
  },
  {
    "source_url": "https://www.woolworths.com.au/shop/productdetails/313984/mutti-baby-roma-naturally-sweet-tomato-sauce",
    "name": "Mutti Baby Roma Naturally Sweet Tomato Sauce 268ml",
    "image_url": "https://cdn1.woolworths.media/content/wowproductimages/large/313984.jpg",
    "source_id": "Woolworths - 313984",
    "barcode": "8005110004650",
    "shop": "Woolworths",
    "weight": "100ML",
    "prices": [
      {
        "state": "VIC",
        "price": "520",
        "price_per_unit": "194",
        "price_unit": "ML"
      },
      {
        "state": "QLD",
        "price": "520",
        "price_per_unit": "194",
        "price_unit": "ML"
      },
      {
        "state": "WA",
        "price": "520",
        "price_per_unit": "194",
        "price_unit": "ML"
      },
      {
        "state": "SA",
        "price": "520",
        "price_per_unit": "194",
        "price_unit": "ML"
      },
      {
        "state": "TAS",
        "price": "520",
        "price_per_unit": "194",
        "price_unit": "ML"
      },
      {
        "state": "ACT",
        "price": "520",
        "price_per_unit": "194",
        "price_unit": "ML"
      },
      {
        "state": "NT",
        "price": "520",
        "price_per_unit": "194",
        "price_unit": "ML"
      }
    ]
  },
  {
    "source_url": "https://www.woolworths.com.au/shop/productdetails/316283/mutti-classic-rich-bold-tomato-sauce",
    "name": "Mutti Classic Rich & Bold Tomato Sauce 268ml",
    "image_url": "https://cdn1.woolworths.media/content/wowproductimages/large/316283.jpg",
    "source_id": "Woolworths - 316283",
    "barcode": "8005110004674",
    "shop": "Woolworths",
    "weight": "100ML",
    "prices": [
      {
        "state": "VIC",
        "price": "520",
        "price_per_unit": "194",
        "price_unit": "ML"
      },
      {
        "state": "QLD",
        "price": "520",
        "price_per_unit": "194",
        "price_unit": "ML"
      },
      {
        "state": "WA",
        "price": "520",
        "price_per_unit": "194",
        "price_unit": "ML"
      },
      {
        "state": "SA",
        "price": "520",
        "price_per_unit": "194",
        "price_unit": "ML"
      },
      {
        "state": "TAS",
        "price": "520",
        "price_per_unit": "194",
        "price_unit": "ML"
      },
      {
        "state": "ACT",
        "price": "520",
        "price_per_unit": "194",
        "price_unit": "ML"
      },
      {
        "state": "NT",
        "price": "520",
        "price_per_unit": "194",
        "price_unit": "ML"
      }
    ]
  },
  {
    "source_url": "https://www.woolworths.com.au/shop/productdetails/940409/mutti-smoky-barbecue-sauce",
    "name": "Mutti Smoky Barbecue Sauce 268mL",
    "image_url": "https://cdn1.woolworths.media/content/wowproductimages/large/940409.jpg",
    "source_id": "Woolworths - 940409",
    "barcode": "8005110005558",
    "shop": "Woolworths",
    "weight": "100ML",
    "prices": [
      {
        "state": "VIC",
        "price": "520",
        "price_per_unit": "194",
        "price_unit": "ML"
      },
      {
        "state": "QLD",
        "price": "520",
        "price_per_unit": "194",
        "price_unit": "ML"
      },
      {
        "state": "WA",
        "price": "520",
        "price_per_unit": "194",
        "price_unit": "ML"
      },
      {
        "state": "SA",
        "price": "520",
        "price_per_unit": "194",
        "price_unit": "ML"
      },
      {
        "state": "TAS",
        "price": "520",
        "price_per_unit": "194",
        "price_unit": "ML"
      },
      {
        "state": "ACT",
        "price": "520",
        "price_per_unit": "194",
        "price_unit": "ML"
      },
      {
        "state": "NT",
        "price": "520",
        "price_per_unit": "194",
        "price_unit": "ML"
      }
    ]
  },
  {
    "source_url": "https://www.woolworths.com.au/shop/productdetails/956178/nando-s-peri-bbq-sauce-mild",
    "name": "Nando's Peri BBQ Sauce Mild 275g",
    "image_url": "https://cdn1.woolworths.media/content/wowproductimages/large/956178.jpg",
    "source_id": "Woolworths - 956178",
    "barcode": "6003770013113",
    "shop": "Woolworths",
    "weight": "100G",
    "prices": [
      {
        "state": "VIC",
        "price": "540",
        "price_per_unit": "196",
        "price_unit": "G"
      },
      {
        "state": "QLD",
        "price": "540",
        "price_per_unit": "196",
        "price_unit": "G"
      },
      {
        "state": "WA",
        "price": "540",
        "price_per_unit": "196",
        "price_unit": "G"
      },
      {
        "state": "SA",
        "price": "540",
        "price_per_unit": "196",
        "price_unit": "G"
      },
      {
        "state": "TAS",
        "price": "540",
        "price_per_unit": "196",
        "price_unit": "G"
      },
      {
        "state": "ACT",
        "price": "540",
        "price_per_unit": "196",
        "price_unit": "G"
      },
      {
        "state": "NT",
        "price": "540",
        "price_per_unit": "196",
        "price_unit": "G"
      }
    ]
  },
  {
    "source_url": "https://www.woolworths.com.au/shop/productdetails/742407/ozesauce-tomato-sauce",
    "name": "Ozesauce Tomato Sauce 500ml",
    "image_url": "https://cdn1.woolworths.media/content/wowproductimages/large/742407.jpg",
    "source_id": "Woolworths - 742407",
    "barcode": "9337944000331",
    "shop": "Woolworths",
    "weight": "100ML",
    "prices": [
      {
        "state": "VIC",
        "price": "360",
        "price_per_unit": "72",
        "price_unit": "ML"
      },
      {
        "state": "QLD",
        "price": "360",
        "price_per_unit": "72",
        "price_unit": "ML"
      },
      {
        "state": "WA",
        "price": "360",
        "price_per_unit": "72",
        "price_unit": "ML"
      },
      {
        "state": "SA",
        "price": "360",
        "price_per_unit": "72",
        "price_unit": "ML"
      },
      {
        "state": "TAS",
        "price": "360",
        "price_per_unit": "72",
        "price_unit": "ML"
      },
      {
        "state": "ACT",
        "price": "360",
        "price_per_unit": "72",
        "price_unit": "ML"
      },
      {
        "state": "NT",
        "price": "360",
        "price_per_unit": "72",
        "price_unit": "ML"
      }
    ]
  },
  {
    "source_url": "https://www.woolworths.com.au/shop/productdetails/694025/praise-burger-sauce-aioli",
    "name": "Praise Burger Sauce Aioli 250ml",
    "image_url": "https://cdn1.woolworths.media/content/wowproductimages/large/694025.jpg",
    "source_id": "Woolworths - 694025",
    "barcode": "9310047217790",
    "shop": "Woolworths",
    "weight": "100ML",
    "prices": [
      {
        "state": "VIC",
        "price": "300",
        "price_per_unit": "120",
        "price_unit": "ML"
      },
      {
        "state": "QLD",
        "price": "300",
        "price_per_unit": "120",
        "price_unit": "ML"
      },
      {
        "state": "WA",
        "price": "300",
        "price_per_unit": "120",
        "price_unit": "ML"
      },
      {
        "state": "SA",
        "price": "300",
        "price_per_unit": "120",
        "price_unit": "ML"
      },
      {
        "state": "TAS",
        "price": "450",
        "price_per_unit": "180",
        "price_unit": "ML"
      },
      {
        "state": "ACT",
        "price": "450",
        "price_per_unit": "180",
        "price_unit": "ML"
      },
      {
        "state": "NT",
        "price": "420",
        "price_per_unit": "168",
        "price_unit": "ML"
      }
    ]
  },
  {
    "source_url": "https://www.woolworths.com.au/shop/productdetails/972551/rosella-bbq-sauce-with-caramelised-onion",
    "name": "Rosella BBQ Sauce With Caramelised Onion 250mL",
    "image_url": "https://cdn1.woolworths.media/content/wowproductimages/large/972551.jpg",
    "source_id": "Woolworths - 972551",
    "barcode": "9300660447285",
    "shop": "Woolworths",
    "weight": "100ML",
    "prices": [
      {
        "state": "VIC",
        "price": "450",
        "price_per_unit": "180",
        "price_unit": "ML"
      },
      {
        "state": "QLD",
        "price": "450",
        "price_per_unit": "180",
        "price_unit": "ML"
      },
      {
        "state": "WA",
        "price": "450",
        "price_per_unit": "180",
        "price_unit": "ML"
      },
      {
        "state": "SA",
        "price": "450",
        "price_per_unit": "180",
        "price_unit": "ML"
      },
      {
        "state": "TAS",
        "price": "350",
        "price_per_unit": "140",
        "price_unit": "ML"
      },
      {
        "state": "ACT",
        "price": "350",
        "price_per_unit": "140",
        "price_unit": "ML"
      },
      {
        "state": "NT",
        "price": "375",
        "price_per_unit": "150",
        "price_unit": "ML"
      }
    ]
  },
  {
    "source_url": "https://www.woolworths.com.au/shop/productdetails/61679/rosella-tomato-sauce-glass",
    "name": "Rosella Tomato Sauce Glass 580ml",
    "image_url": "https://cdn1.woolworths.media/content/wowproductimages/large/061679.jpg",
    "source_id": "Woolworths - 61679",
    "barcode": "9300660446561",
    "shop": "Woolworths",
    "weight": "100ML",
    "prices": [
      {
        "state": "VIC",
        "price": "420",
        "price_per_unit": "72",
        "price_unit": "ML"
      },
      {
        "state": "QLD",
        "price": "420",
        "price_per_unit": "72",
        "price_unit": "ML"
      },
      {
        "state": "WA",
        "price": "420",
        "price_per_unit": "72",
        "price_unit": "ML"
      },
      {
        "state": "SA",
        "price": "420",
        "price_per_unit": "72",
        "price_unit": "ML"
      },
      {
        "state": "TAS",
        "price": "420",
        "price_per_unit": "72",
        "price_unit": "ML"
      },
      {
        "state": "ACT",
        "price": "420",
        "price_per_unit": "72",
        "price_unit": "ML"
      },
      {
        "state": "NT",
        "price": "440",
        "price_per_unit": "76",
        "price_unit": "ML"
      }
    ]
  },
  {
    "source_url": "https://www.woolworths.com.au/shop/productdetails/207915/rosella-tomato-sauce-squeezie",
    "name": "Rosella Tomato Sauce Squeezie 500ml",
    "image_url": "https://cdn1.woolworths.media/content/wowproductimages/large/207915.jpg",
    "source_id": "Woolworths - 207915",
    "barcode": "9300660444451",
    "shop": "Woolworths",
    "weight": "100ML",
    "prices": [
      {
        "state": "VIC",
        "price": "375",
        "price_per_unit": "75",
        "price_unit": "ML"
      },
      {
        "state": "QLD",
        "price": "375",
        "price_per_unit": "75",
        "price_unit": "ML"
      },
      {
        "state": "WA",
        "price": "375",
        "price_per_unit": "75",
        "price_unit": "ML"
      },
      {
        "state": "SA",
        "price": "375",
        "price_per_unit": "75",
        "price_unit": "ML"
      },
      {
        "state": "TAS",
        "price": "375",
        "price_per_unit": "75",
        "price_unit": "ML"
      },
      {
        "state": "ACT",
        "price": "300",
        "price_per_unit": "60",
        "price_unit": "ML"
      },
      {
        "state": "NT",
        "price": "315",
        "price_per_unit": "63",
        "price_unit": "ML"
      }
    ]
  },
  {
    "source_url": "https://www.woolworths.com.au/shop/productdetails/972483/rosella-tomato-sauce-with-a-kick-of-hot-chipotle",
    "name": "Rosella Tomato Sauce With A Kick Of Hot Chipotle 250mL",
    "image_url": "https://cdn1.woolworths.media/content/wowproductimages/large/972483.jpg",
    "source_id": "Woolworths - 972483",
    "barcode": "9300660447278",
    "shop": "Woolworths",
    "weight": "100ML",
    "prices": [
      {
        "state": "VIC",
        "price": "450",
        "price_per_unit": "180",
        "price_unit": "ML"
      },
      {
        "state": "QLD",
        "price": "450",
        "price_per_unit": "180",
        "price_unit": "ML"
      },
      {
        "state": "WA",
        "price": "450",
        "price_per_unit": "180",
        "price_unit": "ML"
      },
      {
        "state": "SA",
        "price": "450",
        "price_per_unit": "180",
        "price_unit": "ML"
      },
      {
        "state": "TAS",
        "price": "350",
        "price_per_unit": "140",
        "price_unit": "ML"
      },
      {
        "state": "ACT",
        "price": "350",
        "price_per_unit": "140",
        "price_unit": "ML"
      },
      {
        "state": "NT",
        "price": "375",
        "price_per_unit": "150",
        "price_unit": "ML"
      }
    ]
  },
  {
    "source_url": "https://www.woolworths.com.au/shop/productdetails/733363/stubb-s-hickory-bourbon-bbq-sauce-sauce",
    "name": "Stubb's Hickory Bourbon Bbq Sauce Sauce 510g",
    "image_url": "https://cdn1.woolworths.media/content/wowproductimages/large/733363.jpg",
    "source_id": "Woolworths - 733363",
    "barcode": "734756000082",
    "shop": "Woolworths",
    "weight": "100G",
    "prices": [
      {
        "state": "VIC",
        "price": "750",
        "price_per_unit": "147",
        "price_unit": "G"
      },
      {
        "state": "QLD",
        "price": "750",
        "price_per_unit": "147",
        "price_unit": "G"
      },
      {
        "state": "WA",
        "price": "750",
        "price_per_unit": "147",
        "price_unit": "G"
      },
      {
        "state": "SA",
        "price": "750",
        "price_per_unit": "147",
        "price_unit": "G"
      },
      {
        "state": "TAS",
        "price": "650",
        "price_per_unit": "127",
        "price_unit": "G"
      },
      {
        "state": "ACT",
        "price": "650",
        "price_per_unit": "127",
        "price_unit": "G"
      },
      {
        "state": "NT",
        "price": "690",
        "price_per_unit": "135",
        "price_unit": "G"
      }
    ]
  },
  {
    "source_url": "https://www.woolworths.com.au/shop/productdetails/733355/stubb-s-original-bbq-sauce-sauce",
    "name": "Stubb's Original Bbq Sauce Sauce 510g",
    "image_url": "https://cdn1.woolworths.media/content/wowproductimages/large/733355.jpg",
    "source_id": "Woolworths - 733355",
    "barcode": "734756000020",
    "shop": "Woolworths",
    "weight": "100G",
    "prices": [
      {
        "state": "VIC",
        "price": "750",
        "price_per_unit": "147",
        "price_unit": "G"
      },
      {
        "state": "QLD",
        "price": "750",
        "price_per_unit": "147",
        "price_unit": "G"
      },
      {
        "state": "WA",
        "price": "750",
        "price_per_unit": "147",
        "price_unit": "G"
      },
      {
        "state": "SA",
        "price": "750",
        "price_per_unit": "147",
        "price_unit": "G"
      },
      {
        "state": "TAS",
        "price": "650",
        "price_per_unit": "127",
        "price_unit": "G"
      },
      {
        "state": "ACT",
        "price": "650",
        "price_per_unit": "127",
        "price_unit": "G"
      },
      {
        "state": "NT",
        "price": "690",
        "price_per_unit": "135",
        "price_unit": "G"
      }
    ]
  },
  {
    "source_url": "https://www.woolworths.com.au/shop/productdetails/95915/stubb-s-sticky-sweet-bbq-sauce",
    "name": "Stubb's Sticky Sweet Bbq Sauce 510g",
    "image_url": "https://cdn1.woolworths.media/content/wowproductimages/large/095915.jpg",
    "source_id": "Woolworths - 95915",
    "barcode": "734756000105",
    "shop": "Woolworths",
    "weight": "100G",
    "prices": [
      {
        "state": "VIC",
        "price": "750",
        "price_per_unit": "147",
        "price_unit": "G"
      },
      {
        "state": "QLD",
        "price": "750",
        "price_per_unit": "147",
        "price_unit": "G"
      },
      {
        "state": "WA",
        "price": "750",
        "price_per_unit": "147",
        "price_unit": "G"
      },
      {
        "state": "SA",
        "price": "750",
        "price_per_unit": "147",
        "price_unit": "G"
      },
      {
        "state": "TAS",
        "price": "650",
        "price_per_unit": "127",
        "price_unit": "G"
      },
      {
        "state": "ACT",
        "price": "650",
        "price_per_unit": "127",
        "price_unit": "G"
      }
    ]
  },
  {
    "source_url": "https://www.woolworths.com.au/shop/productdetails/377119/sweet-baby-ray-s-bbq-sauce",
    "name": "Sweet Baby Ray's BBQ Sauce 425mL",
    "image_url": "https://cdn1.woolworths.media/content/wowproductimages/large/377119.jpg",
    "source_id": "Woolworths - 377119",
    "barcode": "13409516065",
    "shop": "Woolworths",
    "weight": "100ML",
    "prices": [
      {
        "state": "VIC",
        "price": "750",
        "price_per_unit": "176",
        "price_unit": "ML"
      },
      {
        "state": "QLD",
        "price": "750",
        "price_per_unit": "176",
        "price_unit": "ML"
      },
      {
        "state": "WA",
        "price": "750",
        "price_per_unit": "176",
        "price_unit": "ML"
      },
      {
        "state": "SA",
        "price": "750",
        "price_per_unit": "176",
        "price_unit": "ML"
      },
      {
        "state": "TAS",
        "price": "750",
        "price_per_unit": "176",
        "price_unit": "ML"
      },
      {
        "state": "NT",
        "price": "790",
        "price_per_unit": "186",
        "price_unit": "ML"
      }
    ]
  },
  {
    "source_url": "https://www.woolworths.com.au/shop/productdetails/340189/three-threes-bbq-rib-sauce",
    "name": "Three Threes Bbq Rib Sauce 275ml",
    "image_url": "https://cdn1.woolworths.media/content/wowproductimages/large/340189.jpg",
    "source_id": "Woolworths - 340189",
    "barcode": "9310480334061",
    "shop": "Woolworths",
    "weight": "100ML",
    "prices": [
      {
        "state": "VIC",
        "price": "275",
        "price_per_unit": "100",
        "price_unit": "ML"
      },
      {
        "state": "QLD",
        "price": "275",
        "price_per_unit": "100",
        "price_unit": "ML"
      },
      {
        "state": "WA",
        "price": "275",
        "price_per_unit": "100",
        "price_unit": "ML"
      },
      {
        "state": "ACT",
        "price": "330",
        "price_per_unit": "120",
        "price_unit": "ML"
      }
    ]
  },
  {
    "source_url": "https://www.woolworths.com.au/shop/productdetails/353695/three-threes-tomato-sauce",
    "name": "Three Threes Tomato Sauce 275ml",
    "image_url": "https://cdn1.woolworths.media/content/wowproductimages/large/353695.jpg",
    "source_id": "Woolworths - 353695",
    "barcode": "9310480334054",
    "shop": "Woolworths",
    "weight": "100ML",
    "prices": [
      {
        "state": "ACT",
        "price": "330",
        "price_per_unit": "120",
        "price_unit": "ML"
      }
    ]
  },
  {
    "source_url": "https://www.woolworths.com.au/shop/productdetails/73863/woolworths-barbecue-sauce",
    "name": "Woolworths Barbecue Sauce 2l",
    "image_url": "https://cdn1.woolworths.media/content/wowproductimages/large/073863.jpg",
    "source_id": "Woolworths - 73863",
    "barcode": "9300633606343",
    "shop": "Woolworths",
    "weight": "100ML",
    "prices": [
      {
        "state": "VIC",
        "price": "530",
        "price_per_unit": "27",
        "price_unit": "ML"
      },
      {
        "state": "QLD",
        "price": "530",
        "price_per_unit": "27",
        "price_unit": "ML"
      },
      {
        "state": "WA",
        "price": "530",
        "price_per_unit": "27",
        "price_unit": "ML"
      },
      {
        "state": "TAS",
        "price": "530",
        "price_per_unit": "27",
        "price_unit": "ML"
      },
      {
        "state": "ACT",
        "price": "530",
        "price_per_unit": "27",
        "price_unit": "ML"
      },
      {
        "state": "NT",
        "price": "555",
        "price_per_unit": "28",
        "price_unit": "ML"
      }
    ]
  },
  {
    "source_url": "https://www.woolworths.com.au/shop/productdetails/911428/woolworths-smokey-barbecue-sauce",
    "name": "Woolworths Smokey Barbecue Sauce 500mL",
    "image_url": "https://cdn1.woolworths.media/content/wowproductimages/large/911428.jpg",
    "source_id": "Woolworths - 911428",
    "barcode": "9339687389759",
    "shop": "Woolworths",
    "weight": "100ML",
    "prices": [
      {
        "state": "VIC",
        "price": "300",
        "price_per_unit": "60",
        "price_unit": "ML"
      },
      {
        "state": "TAS",
        "price": "300",
        "price_per_unit": "60",
        "price_unit": "ML"
      },
      {
        "state": "NT",
        "price": "315",
        "price_per_unit": "63",
        "price_unit": "ML"
      }
    ]
  },
  {
    "source_url": "https://www.woolworths.com.au/shop/productdetails/18040/woolworths-tomato-sauce",
    "name": "Woolworths Tomato Sauce 2l",
    "image_url": "https://cdn1.woolworths.media/content/wowproductimages/large/018040.jpg",
    "source_id": "Woolworths - 18040",
    "barcode": "9300633180409",
    "shop": "Woolworths",
    "weight": "100ML",
    "prices": [
      {
        "state": "VIC",
        "price": "530",
        "price_per_unit": "27",
        "price_unit": "ML"
      },
      {
        "state": "TAS",
        "price": "530",
        "price_per_unit": "27",
        "price_unit": "ML"
      },
      {
        "state": "NT",
        "price": "555",
        "price_per_unit": "28",
        "price_unit": "ML"
      }
    ]
  },
  {
    "source_url": "https://www.woolworths.com.au/shop/productdetails/353727/beerenberg-sticky-rib-sauce",
    "name": "Beerenberg Sticky Rib Sauce 300ml",
    "image_url": "https://cdn1.woolworths.media/content/wowproductimages/large/353727.jpg",
    "source_id": "Woolworths - 353727",
    "barcode": "9311485001750",
    "shop": "Woolworths",
    "weight": "100ML",
    "prices": [
      {
        "state": "SA",
        "price": "640",
        "price_per_unit": "213",
        "price_unit": "ML"
      }
    ]
  },
  {
    "source_url": "https://www.woolworths.com.au/shop/productdetails/249217/spring-gully-homestyle-tomato-sauce-gluten-free",
    "name": "Spring Gully Homestyle Tomato Sauce Gluten Free 245ml",
    "image_url": "https://cdn1.woolworths.media/content/wowproductimages/large/249217.jpg",
    "source_id": "Woolworths - 249217",
    "barcode": "9300733004438",
    "shop": "Woolworths",
    "weight": "100ML",
    "prices": [
      {
        "state": "SA",
        "price": "400",
        "price_per_unit": "163",
        "price_unit": "ML"
      }
    ]
  },
  {
    "source_url": "https://www.woolworths.com.au/shop/productdetails/128104/good-sauce-bbq",
    "name": "Good Sauce Bbq 270g",
    "image_url": "https://cdn1.woolworths.media/content/wowproductimages/large/128104.jpg",
    "source_id": "Woolworths - 128104",
    "barcode": "784927404096",
    "shop": "Woolworths",
    "weight": "100G",
    "prices": [
      {
        "state": "ACT",
        "price": "700",
        "price_per_unit": "259",
        "price_unit": "G"
      }
    ]
  },
  {
    "source_url": "https://www.woolworths.com.au/shop/productdetails/128053/good-sauce-tomato-ketchup",
    "name": "Good Sauce Tomato Ketchup 270g",
    "image_url": "https://cdn1.woolworths.media/content/wowproductimages/large/128053.jpg",
    "source_id": "Woolworths - 128053",
    "barcode": "784927404089",
    "shop": "Woolworths",
    "weight": "100G",
    "prices": [
      {
        "state": "ACT",
        "price": "700",
        "price_per_unit": "259",
        "price_unit": "G"
      }
    ]
  }
]