[
  {
    "source_url": "https://www.woolworths.com.au/shop/productdetails/95611/coco-earth-butter-chicken-with-basmati-rice",
    "name": "Coco Earth Butter Chicken With Basmati Rice 400g",
    "image_url": "https://cdn1.woolworths.media/content/wowproductimages/large/095611.jpg",
    "source_id": "Woolworths - 95611",
    "barcode": "9349580002402",
    "shop": "Woolworths",
    "weight": "100G",
    "prices": [
      {
        "state": "NSW",
        "price": "600",
        "price_per_unit": "150",
        "price_unit": "G"
      },
      {
        "state": "VIC",
        "price": "600",
        "price_per_unit": "150",
        "price_unit": "G"
      },
      {
        "state": "QLD",
        "price": "600",
        "price_per_unit": "150",
        "price_unit": "G"
      },
      {
        "state": "WA",
        "price": "600",
        "price_per_unit": "150",
        "price_unit": "G"
      },
      {
        "state": "SA",
        "price": "600",
        "price_per_unit": "150",
        "price_unit": "G"
      },
      {
        "state": "TAS",
        "price": "600",
        "price_per_unit": "150",
        "price_unit": "G"
      },
      {
        "state": "ACT",
        "price": "600",
        "price_per_unit": "150",
        "price_unit": "G"
      },
      {
        "state": "NT",
        "price": "630",
        "price_per_unit": "158",
        "price_unit": "G"
      }
    ]
  },
  {
    "source_url": "https://www.woolworths.com.au/shop/productdetails/161622/coco-earth-butter-chicken-with-naan",
    "name": "Coco Earth Butter Chicken With Naan 360g",
    "image_url": "https://cdn1.woolworths.media/content/wowproductimages/large/161622.jpg",
    "source_id": "Woolworths - 161622",
    "barcode": "9349580003362",
    "shop": "Woolworths",
    "weight": "100G",
    "prices": [
      {
        "state": "NSW",
        "price": "500",
        "price_per_unit": "139",
        "price_unit": "G"
      },
      {
        "state": "VIC",
        "price": "500",
        "price_per_unit": "139",
        "price_unit": "G"
      },
      {
        "state": "QLD",
        "price": "500",
        "price_per_unit": "139",
        "price_unit": "G"
      },
      {
        "state": "WA",
        "price": "500",
        "price_per_unit": "139",
        "price_unit": "G"
      },
      {
        "state": "SA",
        "price": "500",
        "price_per_unit": "139",
        "price_unit": "G"
      },
      {
        "state": "TAS",
        "price": "500",
        "price_per_unit": "139",
        "price_unit": "G"
      },
      {
        "state": "ACT",
        "price": "700",
        "price_per_unit": "194",
        "price_unit": "G"
      },
      {
        "state": "NT",
        "price": "735",
        "price_per_unit": "204",
        "price_unit": "G"
      }
    ]
  },
  {
    "source_url": "https://www.woolworths.com.au/shop/productdetails/95942/coco-earth-yellow-dahl-with-long-grain-rice",
    "name": "Coco Earth Yellow Dahl With Long Grain Rice 400g",
    "image_url": "https://cdn1.woolworths.media/content/wowproductimages/large/095942.jpg",
    "source_id": "Woolworths - 95942",
    "barcode": "9349580002471",
    "shop": "Woolworths",
    "weight": "100G",
    "prices": [
      {
        "state": "VIC",
        "price": "600",
        "price_per_unit": "150",
        "price_unit": "G"
      },
      {
        "state": "QLD",
        "price": "600",
        "price_per_unit": "150",
        "price_unit": "G"
      },
      {
        "state": "WA",
        "price": "600",
        "price_per_unit": "150",
        "price_unit": "G"
      },
      {
        "state": "SA",
        "price": "600",
        "price_per_unit": "150",
        "price_unit": "G"
      },
      {
        "state": "TAS",
        "price": "600",
        "price_per_unit": "150",
        "price_unit": "G"
      },
      {
        "state": "ACT",
        "price": "600",
        "price_per_unit": "150",
        "price_unit": "G"
      },
      {
        "state": "NT",
        "price": "630",
        "price_per_unit": "158",
        "price_unit": "G"
      }
    ]
  },
  {
    "source_url": "https://www.woolworths.com.au/shop/productdetails/145951/continental-classics-chicken-rice",
    "name": "Continental Classics Chicken Rice 190g",
    "image_url": "https://cdn1.woolworths.media/content/wowproductimages/large/145951.jpg",
    "source_id": "Woolworths - 145951",
    "barcode": "9300667022928",
    "shop": "Woolworths",
    "weight": "100G",
    "prices": [
      {
        "state": "NSW",
        "price": "400",
        "price_per_unit": "211",
        "price_unit": "G"
      },
      {
        "state": "SA",
        "price": "400",
        "price_per_unit": "211",
        "price_unit": "G"
      },
      {
        "state": "TAS",
        "price": "400",
        "price_per_unit": "211",
        "price_unit": "G"
      },
      {
        "state": "ACT",
        "price": "400",
        "price_per_unit": "211",
        "price_unit": "G"
      },
      {
        "state": "NT",
        "price": "420",
        "price_per_unit": "221",
        "price_unit": "G"
      }
    ]
  },
  {
    "source_url": "https://www.woolworths.com.au/shop/productdetails/761509/continental-classics-creamy-pasta-sauce-bacon-carbonara-family-pack",
    "name": "Continental Classics Creamy Pasta Sauce Bacon Carbonara Family Pack 145g",
    "image_url": "https://cdn1.woolworths.media/content/wowproductimages/large/761509.jpg",
    "source_id": "Woolworths - 761509",
    "barcode": "9300830018390",
    "shop": "Woolworths",
    "weight": "100G",
    "prices": [
      {
        "state": "NSW",
        "price": "380",
        "price_per_unit": "262",
        "price_unit": "G"
      },
      {
        "state": "VIC",
        "price": "380",
        "price_per_unit": "262",
        "price_unit": "G"
      },
      {
        "state": "QLD",
        "price": "380",
        "price_per_unit": "262",
        "price_unit": "G"
      },
      {
        "state": "WA",
        "price": "380",
        "price_per_unit": "262",
        "price_unit": "G"
      },
      {
        "state": "SA",
        "price": "380",
        "price_per_unit": "262",
        "price_unit": "G"
      },
      {
        "state": "TAS",
        "price": "380",
        "price_per_unit": "262",
        "price_unit": "G"
      },
      {
        "state": "ACT",
        "price": "380",
        "price_per_unit": "262",
        "price_unit": "G"
      },
      {
        "state": "NT",
        "price": "400",
        "price_per_unit": "276",
        "price_unit": "G"
      }
    ]
  },
  {
    "source_url": "https://www.woolworths.com.au/shop/productdetails/62965/continental-classics-fried-rice-oriental",
    "name": "Continental Classics Fried Rice Oriental 115g",
    "image_url": "https://cdn1.woolworths.media/content/wowproductimages/large/062965.jpg",
    "source_id": "Woolworths - 62965",
    "barcode": "9300667028777",
    "shop": "Woolworths",
    "weight": "100G",
    "prices": [
      {
        "state": "NSW",
        "price": "320",
        "price_per_unit": "278",
        "price_unit": "G"
      },
      {
        "state": "VIC",
        "price": "320",
        "price_per_unit": "278",
        "price_unit": "G"
      },
      {
        "state": "QLD",
        "price": "320",
        "price_per_unit": "278",
        "price_unit": "G"
      },
      {
        "state": "WA",
        "price": "320",
        "price_per_unit": "278",
        "price_unit": "G"
      },
      {
        "state": "SA",
        "price": "320",
        "price_per_unit": "278",
        "price_unit": "G"
      },
      {
        "state": "TAS",
        "price": "320",
        "price_per_unit": "278",
        "price_unit": "G"
      },
      {
        "state": "ACT",
        "price": "320",
        "price_per_unit": "278",
        "price_unit": "G"
      },
      {
        "state": "NT",
        "price": "335",
        "price_per_unit": "291",
        "price_unit": "G"
      }
    ]
  },
  {
    "source_url": "https://www.woolworths.com.au/shop/productdetails/79602/continental-classics-fried-rice-oriental-family-pack",
    "name": "Continental Classics Fried Rice Oriental Family Pack 180g",
    "image_url": "https://cdn1.woolworths.media/content/wowproductimages/large/079602.jpg",
    "source_id": "Woolworths - 79602",
    "barcode": "9300667028821",
    "shop": "Woolworths",
    "weight": "100G",
    "prices": [
      {
        "state": "NSW",
        "price": "400",
        "price_per_unit": "222",
        "price_unit": "G"
      },
      {
        "state": "VIC",
        "price": "400",
        "price_per_unit": "222",
        "price_unit": "G"
      },
      {
        "state": "QLD",
        "price": "400",
        "price_per_unit": "222",
        "price_unit": "G"
      },
      {
        "state": "WA",
        "price": "400",
        "price_per_unit": "222",
        "price_unit": "G"
      },
      {
        "state": "SA",
        "price": "400",
        "price_per_unit": "222",
        "price_unit": "G"
      },
      {
        "state": "TAS",
        "price": "400",
        "price_per_unit": "222",
        "price_unit": "G"
      },
      {
        "state": "ACT",
        "price": "400",
        "price_per_unit": "222",
        "price_unit": "G"
      },
      {
        "state": "NT",
        "price": "420",
        "price_per_unit": "233",
        "price_unit": "G"
      }
    ]
  },
  {
    "source_url": "https://www.woolworths.com.au/shop/productdetails/230945/continental-classics-pasta-sauce-alfredo-alfredo-serves-2",
    "name": "Continental Classics Pasta & Sauce Alfredo 85 g",
    "image_url": "https://cdn1.woolworths.media/content/wowproductimages/large/230945.jpg",
    "source_id": "Woolworths - 230945",
    "barcode": "9300667035089",
    "shop": "Woolworths",
    "weight": "100G",
    "prices": [
      {
        "state": "NSW",
        "price": "300",
        "price_per_unit": "353",
        "price_unit": "G"
      },
      {
        "state": "VIC",
        "price": "300",
        "price_per_unit": "353",
        "price_unit": "G"
      },
      {
        "state": "QLD",
        "price": "300",
        "price_per_unit": "353",
        "price_unit": "G"
      },
      {
        "state": "WA",
        "price": "300",
        "price_per_unit": "353",
        "price_unit": "G"
      },
      {
        "state": "SA",
        "price": "300",
        "price_per_unit": "353",
        "price_unit": "G"
      },
      {
        "state": "TAS",
        "price": "300",
        "price_per_unit": "353",
        "price_unit": "G"
      },
      {
        "state": "ACT",
        "price": "300",
        "price_per_unit": "353",
        "price_unit": "G"
      },
      {
        "state": "NT",
        "price": "315",
        "price_per_unit": "371",
        "price_unit": "G"
      }
    ]
  },
  {
    "source_url": "https://www.woolworths.com.au/shop/productdetails/761526/continental-classics-pasta-sauce-alfredo-family-pack",
    "name": "Continental Classics Pasta & Sauce Alfredo Family Pack 145g",
    "image_url": "https://cdn1.woolworths.media/content/wowproductimages/large/761526.jpg",
    "source_id": "Woolworths - 761526",
    "barcode": "9300830018406",
    "shop": "Woolworths",
    "weight": "100G",
    "prices": [
      {
        "state": "NSW",
        "price": "380",
        "price_per_unit": "262",
        "price_unit": "G"
      },
      {
        "state": "VIC",
        "price": "380",
        "price_per_unit": "262",
        "price_unit": "G"
      },
      {
        "state": "QLD",
        "price": "380",
        "price_per_unit": "262",
        "price_unit": "G"
      },
      {
        "state": "WA",
        "price": "380",
        "price_per_unit": "262",
        "price_unit": "G"
      },
      {
        "state": "SA",
        "price": "380",
        "price_per_unit": "262",
        "price_unit": "G"
      },
      {
        "state": "TAS",
        "price": "380",
        "price_per_unit": "262",
        "price_unit": "G"
      },
      {
        "state": "ACT",
        "price": "380",
        "price_per_unit": "262",
        "price_unit": "G"
      },
      {
        "state": "NT",
        "price": "400",
        "price_per_unit": "276",
        "price_unit": "G"
      }
    ]
  },
  {
    "source_url": "https://www.woolworths.com.au/shop/productdetails/230946/continental-classics-pasta-sauce-creamy-bacon-carbonara",
    "name": "Continental Classics Pasta & Sauce Creamy Bacon Carbonara 85g",
    "image_url": "https://cdn1.woolworths.media/content/wowproductimages/large/230946.jpg",
    "source_id": "Woolworths - 230946",
    "barcode": "9300667035065",
    "shop": "Woolworths",
    "weight": "100G",
    "prices": [
      {
        "state": "NSW",
        "price": "300",
        "price_per_unit": "353",
        "price_unit": "G"
      },
      {
        "state": "VIC",
        "price": "300",
        "price_per_unit": "353",
        "price_unit": "G"
      },
      {
        "state": "QLD",
        "price": "300",
        "price_per_unit": "353",
        "price_unit": "G"
      },
      {
        "state": "WA",
        "price": "300",
        "price_per_unit": "353",
        "price_unit": "G"
      },
      {
        "state": "SA",
        "price": "300",
        "price_per_unit": "353",
        "price_unit": "G"
      },
      {
        "state": "TAS",
        "price": "300",
        "price_per_unit": "353",
        "price_unit": "G"
      },
      {
        "state": "ACT",
        "price": "300",
        "price_per_unit": "353",
        "price_unit": "G"
      },
      {
        "state": "NT",
        "price": "315",
        "price_per_unit": "371",
        "price_unit": "G"
      }
    ]
  },
  {
    "source_url": "https://www.woolworths.com.au/shop/productdetails/230941/continental-classics-pasta-sauce-macaroni-cheese-serves-2",
    "name": "Continental Classics Pasta & Sauce Macaroni Cheese Serves 2 105 g",
    "image_url": "https://cdn1.woolworths.media/content/wowproductimages/large/230941.jpg",
    "source_id": "Woolworths - 230941",
    "barcode": "9300830018451",
    "shop": "Woolworths",
    "weight": "100G",
    "prices": [
      {
        "state": "NSW",
        "price": "300",
        "price_per_unit": "261",
        "price_unit": "G"
      },
      {
        "state": "VIC",
        "price": "300",
        "price_per_unit": "261",
        "price_unit": "G"
      },
      {
        "state": "QLD",
        "price": "300",
        "price_per_unit": "261",
        "price_unit": "G"
      },
      {
        "state": "WA",
        "price": "300",
        "price_per_unit": "261",
        "price_unit": "G"
      },
      {
        "state": "SA",
        "price": "300",
        "price_per_unit": "261",
        "price_unit": "G"
      },
      {
        "state": "TAS",
        "price": "300",
        "price_per_unit": "261",
        "price_unit": "G"
      },
      {
        "state": "ACT",
        "price": "300",
        "price_per_unit": "261",
        "price_unit": "G"
      },
      {
        "state": "NT",
        "price": "315",
        "price_per_unit": "274",
        "price_unit": "G"
      }
    ]
  },
  {
    "source_url": "https://www.woolworths.com.au/shop/productdetails/141917/continental-classics-rice-chicken",
    "name": "Continental Classics Rice Chicken 120g",
    "image_url": "https://cdn1.woolworths.media/content/wowproductimages/large/141917.jpg",
    "source_id": "Woolworths - 141917",
    "barcode": "9300667022416",
    "shop": "Woolworths",
    "weight": "100G",
    "prices": [
      {
        "state": "NSW",
        "price": "320",
        "price_per_unit": "267",
        "price_unit": "G"
      },
      {
        "state": "VIC",
        "price": "320",
        "price_per_unit": "267",
        "price_unit": "G"
      },
      {
        "state": "QLD",
        "price": "320",
        "price_per_unit": "267",
        "price_unit": "G"
      },
      {
        "state": "WA",
        "price": "320",
        "price_per_unit": "267",
        "price_unit": "G"
      },
      {
        "state": "SA",
        "price": "320",
        "price_per_unit": "267",
        "price_unit": "G"
      },
      {
        "state": "TAS",
        "price": "320",
        "price_per_unit": "267",
        "price_unit": "G"
      },
      {
        "state": "ACT",
        "price": "320",
        "price_per_unit": "267",
        "price_unit": "G"
      },
      {
        "state": "NT",
        "price": "335",
        "price_per_unit": "279",
        "price_unit": "G"
      }
    ]
  },
  {
    "source_url": "https://www.woolworths.com.au/shop/productdetails/107521/continental-snack-pot-cheese-bacon-pasta-serves-1",
    "name": "Continental Snack Pot Cheese & Bacon Pasta Serves 1 70g",
    "image_url": "https://cdn1.woolworths.media/content/wowproductimages/large/107521.jpg",
    "source_id": "Woolworths - 107521",
    "barcode": "9300830059188",
    "shop": "Woolworths",
    "weight": "100G",
    "prices": [
      {
        "state": "NSW",
        "price": "200",
        "price_per_unit": "286",
        "price_unit": "G"
      },
      {
        "state": "VIC",
        "price": "200",
        "price_per_unit": "286",
        "price_unit": "G"
      },
      {
        "state": "QLD",
        "price": "200",
        "price_per_unit": "286",
        "price_unit": "G"
      },
      {
        "state": "WA",
        "price": "200",
        "price_per_unit": "286",
        "price_unit": "G"
      },
      {
        "state": "SA",
        "price": "200",
        "price_per_unit": "286",
        "price_unit": "G"
      },
      {
        "state": "TAS",
        "price": "300",
        "price_per_unit": "429",
        "price_unit": "G"
      },
      {
        "state": "ACT",
        "price": "300",
        "price_per_unit": "429",
        "price_unit": "G"
      },
      {
        "state": "NT",
        "price": "315",
        "price_per_unit": "450",
        "price_unit": "G"
      }
    ]
  },
  {
    "source_url": "https://www.woolworths.com.au/shop/productdetails/333786/continental-vegan-carbonara-pasta-sauce",
    "name": "Continental Vegan Carbonara Pasta & Sauce 85g",
    "image_url": "https://cdn1.woolworths.media/content/wowproductimages/large/333786.jpg",
    "source_id": "Woolworths - 333786",
    "barcode": "9300830081646",
    "shop": "Woolworths",
    "weight": "100G",
    "prices": [
      {
        "state": "NSW",
        "price": "350",
        "price_per_unit": "412",
        "price_unit": "G"
      },
      {
        "state": "SA",
        "price": "350",
        "price_per_unit": "412",
        "price_unit": "G"
      },
      {
        "state": "NT",
        "price": "350",
        "price_per_unit": "412",
        "price_unit": "G"
      }
    ]
  },
  {
    "source_url": "https://www.woolworths.com.au/shop/productdetails/221810/fine-fettle-zucchini-noodles",
    "name": "Fine Fettle Zucchini Noodles 20g",
    "image_url": "https://cdn1.woolworths.media/content/wowproductimages/large/221810.jpg",
    "source_id": "Woolworths - 221810",
    "barcode": "9345062002168",
    "shop": "Woolworths",
    "weight": "100G",
    "prices": [
      {
        "state": "NSW",
        "price": "700",
        "price_per_unit": "3500",
        "price_unit": "G"
      },
      {
        "state": "VIC",
        "price": "700",
        "price_per_unit": "3500",
        "price_unit": "G"
      },
      {
        "state": "ACT",
        "price": "700",
        "price_per_unit": "3500",
        "price_unit": "G"
      },
      {
        "state": "ACT",
        "price": "700",
        "price_per_unit": "3500",
        "price_unit": "G"
      }
    ]
  },
  {
    "source_url": "https://www.woolworths.com.au/shop/productdetails/224784/fodmapped-for-you-roasted-pumpkin-spinach-feta",
    "name": "Fodmapped For You Roasted Pumpkin Spinach & Feta 500g",
    "image_url": "https://cdn1.woolworths.media/content/wowproductimages/large/224784.jpg",
    "source_id": "Woolworths - 224784",
    "barcode": "9345625001713",
    "shop": "Woolworths",
    "weight": "100G",
    "prices": [
      {
        "state": "NSW",
        "price": "710",
        "price_per_unit": "142",
        "price_unit": "G"
      },
      {
        "state": "VIC",
        "price": "710",
        "price_per_unit": "142",
        "price_unit": "G"
      },
      {
        "state": "ACT",
        "price": "710",
        "price_per_unit": "142",
        "price_unit": "G"
      },
      {
        "state": "NT",
        "price": "710",
        "price_per_unit": "142",
        "price_unit": "G"
      },
      {
        "state": "ACT",
        "price": "890",
        "price_per_unit": "178",
        "price_unit": "G"
      },
      {
        "state": "NT",
        "price": "890",
        "price_per_unit": "178",
        "price_unit": "G"
      }
    ]
  },
  {
    "source_url": "https://www.woolworths.com.au/shop/productdetails/805178/hart-soul-panang-curry",
    "name": "Hart & Soul Panang Curry 250g",
    "image_url": "https://cdn1.woolworths.media/content/wowproductimages/large/805178.jpg",
    "source_id": "Woolworths - 805178",
    "barcode": "9350007000062",
    "shop": "Woolworths",
    "weight": "100G",
    "prices": [
      {
        "state": "NSW",
        "price": "550",
        "price_per_unit": "220",
        "price_unit": "G"
      },
      {
        "state": "VIC",
        "price": "550",
        "price_per_unit": "220",
        "price_unit": "G"
      },
      {
        "state": "QLD",
        "price": "550",
        "price_per_unit": "220",
        "price_unit": "G"
      },
      {
        "state": "WA",
        "price": "550",
        "price_per_unit": "220",
        "price_unit": "G"
      },
      {
        "state": "SA",
        "price": "550",
        "price_per_unit": "220",
        "price_unit": "G"
      },
      {
        "state": "TAS",
        "price": "550",
        "price_per_unit": "220",
        "price_unit": "G"
      },
      {
        "state": "ACT",
        "price": "550",
        "price_per_unit": "220",
        "price_unit": "G"
      },
      {
        "state": "NT",
        "price": "580",
        "price_per_unit": "232",
        "price_unit": "G"
      }
    ]
  },
  {
    "source_url": "https://www.woolworths.com.au/shop/productdetails/563133/hart-soul-satay-chicken-saucy-noodles-box",
    "name": "Hart & Soul Satay Chicken Saucy Noodles Box 330g",
    "image_url": "https://cdn1.woolworths.media/content/wowproductimages/large/563133.jpg",
    "source_id": "Woolworths - 563133",
    "barcode": "9300602384999",
    "shop": "Woolworths",
    "weight": "100G",
    "prices": [
      {
        "state": "NSW",
        "price": "550",
        "price_per_unit": "167",
        "price_unit": "G"
      },
      {
        "state": "VIC",
        "price": "550",
        "price_per_unit": "167",
        "price_unit": "G"
      },
      {
        "state": "QLD",
        "price": "550",
        "price_per_unit": "167",
        "price_unit": "G"
      },
      {
        "state": "WA",
        "price": "550",
        "price_per_unit": "167",
        "price_unit": "G"
      },
      {
        "state": "SA",
        "price": "550",
        "price_per_unit": "167",
        "price_unit": "G"
      },
      {
        "state": "TAS",
        "price": "550",
        "price_per_unit": "167",
        "price_unit": "G"
      },
      {
        "state": "ACT",
        "price": "550",
        "price_per_unit": "167",
        "price_unit": "G"
      },
      {
        "state": "NT",
        "price": "578",
        "price_per_unit": "175",
        "price_unit": "G"
      }
    ]
  },
  {
    "source_url": "https://www.woolworths.com.au/shop/productdetails/229586/miguel-maestre-chicken-chorizo-paella-kit",
    "name": "Miguel Maestre Chicken & Chorizo Paella Kit 562g",
    "image_url": "https://cdn1.woolworths.media/content/wowproductimages/large/229586.jpg",
    "source_id": "Woolworths - 229586",
    "barcode": "9350566001333",
    "shop": "Woolworths",
    "weight": "100G",
    "prices": [
      {
        "state": "NSW",
        "price": "1200",
        "price_per_unit": "214",
        "price_unit": "G"
      },
      {
        "state": "TAS",
        "price": "1200",
        "price_per_unit": "214",
        "price_unit": "G"
      },
      {
        "state": "ACT",
        "price": "1200",
        "price_per_unit": "214",
        "price_unit": "G"
      }
    ]
  },
  {
    "source_url": "https://www.woolworths.com.au/shop/productdetails/200783/san-remo-la-pasta-alfredo-single-snack",
    "name": "San Remo La Pasta Alfredo Single Snack 80g",
    "image_url": "https://cdn1.woolworths.media/content/wowproductimages/large/200783.jpg",
    "source_id": "Woolworths - 200783",
    "barcode": "9310155512503",
    "shop": "Woolworths",
    "weight": "100G",
    "prices": [
      {
        "state": "NSW",
        "price": "140",
        "price_per_unit": "175",
        "price_unit": "G"
      },
      {
        "state": "VIC",
        "price": "140",
        "price_per_unit": "175",
        "price_unit": "G"
      },
      {
        "state": "QLD",
        "price": "140",
        "price_per_unit": "175",
        "price_unit": "G"
      },
      {
        "state": "WA",
        "price": "140",
        "price_per_unit": "175",
        "price_unit": "G"
      },
      {
        "state": "SA",
        "price": "140",
        "price_per_unit": "175",
        "price_unit": "G"
      },
      {
        "state": "TAS",
        "price": "140",
        "price_per_unit": "175",
        "price_unit": "G"
      },
      {
        "state": "ACT",
        "price": "140",
        "price_per_unit": "175",
        "price_unit": "G"
      },
      {
        "state": "NT",
        "price": "140",
        "price_per_unit": "175",
        "price_unit": "G"
      }
    ]
  },
  {
    "source_url": "https://www.woolworths.com.au/shop/productdetails/200784/san-remo-la-pasta-carbonara-single-snack",
    "name": "San Remo La Pasta Carbonara Single Snack 80g",
    "image_url": "https://cdn1.woolworths.media/content/wowproductimages/large/200784.jpg",
    "source_id": "Woolworths - 200784",
    "barcode": "9310155000833",
    "shop": "Woolworths",
    "weight": "100G",
    "prices": [
      {
        "state": "NSW",
        "price": "140",
        "price_per_unit": "175",
        "price_unit": "G"
      },
      {
        "state": "SA",
        "price": "140",
        "price_per_unit": "175",
        "price_unit": "G"
      },
      {
        "state": "NT",
        "price": "140",
        "price_per_unit": "175",
        "price_unit": "G"
      }
    ]
  },
  {
    "source_url": "https://www.woolworths.com.au/shop/productdetails/96731/san-remo-la-pasta-creamy-bacon-single-snack",
    "name": "San Remo La Pasta Creamy Bacon Single Snack 80g",
    "image_url": "https://cdn1.woolworths.media/content/wowproductimages/large/096731.jpg",
    "source_id": "Woolworths - 96731",
    "barcode": "9310155000888",
    "shop": "Woolworths",
    "weight": "100G",
    "prices": [
      {
        "state": "NSW",
        "price": "140",
        "price_per_unit": "175",
        "price_unit": "G"
      },
      {
        "state": "VIC",
        "price": "140",
        "price_per_unit": "175",
        "price_unit": "G"
      },
      {
        "state": "QLD",
        "price": "140",
        "price_per_unit": "175",
        "price_unit": "G"
      },
      {
        "state": "WA",
        "price": "140",
        "price_per_unit": "175",
        "price_unit": "G"
      },
      {
        "state": "SA",
        "price": "140",
        "price_per_unit": "175",
        "price_unit": "G"
      },
      {
        "state": "TAS",
        "price": "140",
        "price_per_unit": "175",
        "price_unit": "G"
      },
      {
        "state": "ACT",
        "price": "140",
        "price_per_unit": "175",
        "price_unit": "G"
      },
      {
        "state": "NT",
        "price": "140",
        "price_per_unit": "175",
        "price_unit": "G"
      }
    ]
  },
  {
    "source_url": "https://www.woolworths.com.au/shop/productdetails/48645/san-remo-la-pasta-macaroni-cheese-single-snack",
    "name": "San Remo La Pasta Macaroni Cheese Single Snack 80g",
    "image_url": "https://cdn1.woolworths.media/content/wowproductimages/large/048645.jpg",
    "source_id": "Woolworths - 48645",
    "barcode": "9310155939508",
    "shop": "Woolworths",
    "weight": "100G",
    "prices": [
      {
        "state": "NSW",
        "price": "140",
        "price_per_unit": "175",
        "price_unit": "G"
      },
      {
        "state": "VIC",
        "price": "140",
        "price_per_unit": "175",
        "price_unit": "G"
      },
      {
        "state": "QLD",
        "price": "140",
        "price_per_unit": "175",
        "price_unit": "G"
      },
      {
        "state": "WA",
        "price": "140",
        "price_per_unit": "175",
        "price_unit": "G"
      },
      {
        "state": "SA",
        "price": "140",
        "price_per_unit": "175",
        "price_unit": "G"
      },
      {
        "state": "TAS",
        "price": "140",
        "price_per_unit": "175",
        "price_unit": "G"
      },
      {
        "state": "ACT",
        "price": "140",
        "price_per_unit": "175",
        "price_unit": "G"
      },
      {
        "state": "NT",
        "price": "140",
        "price_per_unit": "175",
        "price_unit": "G"
      }
    ]
  },
  {
    "source_url": "https://www.woolworths.com.au/shop/productdetails/804686/sirena-chicken-pesto-pasta",
    "name": "Sirena Chicken Pesto Pasta 190g",
    "image_url": "https://cdn1.woolworths.media/content/wowproductimages/large/804686.jpg",
    "source_id": "Woolworths - 804686",
    "barcode": "9350177001098",
    "shop": "Woolworths",
    "weight": "100G",
    "prices": [
      {
        "state": "NSW",
        "price": "330",
        "price_per_unit": "174",
        "price_unit": "G"
      },
      {
        "state": "VIC",
        "price": "330",
        "price_per_unit": "174",
        "price_unit": "G"
      },
      {
        "state": "QLD",
        "price": "330",
        "price_per_unit": "174",
        "price_unit": "G"
      },
      {
        "state": "WA",
        "price": "330",
        "price_per_unit": "174",
        "price_unit": "G"
      },
      {
        "state": "SA",
        "price": "330",
        "price_per_unit": "174",
        "price_unit": "G"
      },
      {
        "state": "TAS",
        "price": "430",
        "price_per_unit": "226",
        "price_unit": "G"
      },
      {
        "state": "ACT",
        "price": "430",
        "price_per_unit": "226",
        "price_unit": "G"
      },
      {
        "state": "NT",
        "price": "450",
        "price_per_unit": "237",
        "price_unit": "G"
      }
    ]
  },
  {
    "source_url": "https://www.woolworths.com.au/shop/productdetails/217601/sirena-fried-rice-with-chicken",
    "name": "Sirena Fried Rice With Chicken 190g",
    "image_url": "https://cdn1.woolworths.media/content/wowproductimages/large/217601.jpg",
    "source_id": "Woolworths - 217601",
    "barcode": "9350177000749",
    "shop": "Woolworths",
    "weight": "100G",
    "prices": [
      {
        "state": "NSW",
        "price": "330",
        "price_per_unit": "174",
        "price_unit": "G"
      },
      {
        "state": "VIC",
        "price": "330",
        "price_per_unit": "174",
        "price_unit": "G"
      },
      {
        "state": "QLD",
        "price": "330",
        "price_per_unit": "174",
        "price_unit": "G"
      },
      {
        "state": "WA",
        "price": "330",
        "price_per_unit": "174",
        "price_unit": "G"
      },
      {
        "state": "SA",
        "price": "330",
        "price_per_unit": "174",
        "price_unit": "G"
      },
      {
        "state": "TAS",
        "price": "430",
        "price_per_unit": "226",
        "price_unit": "G"
      },
      null,
      {
        "state": "NT",
        "price": "450",
        "price_per_unit": "237",
        "price_unit": "G"
      }
    ]
  },
  {
    "source_url": "https://www.woolworths.com.au/shop/productdetails/334336/sirena-pasta-with-chicken-bolognese-sauce",
    "name": "Sirena Pasta With Chicken Bolognese Sauce 190g",
    "image_url": "https://cdn1.woolworths.media/content/wowproductimages/large/334336.jpg",
    "source_id": "Woolworths - 334336",
    "barcode": "9350177000848",
    "shop": "Woolworths",
    "weight": "100G",
    "prices": [
      {
        "state": "NSW",
        "price": "330",
        "price_per_unit": "174",
        "price_unit": "G"
      },
      {
        "state": "VIC",
        "price": "330",
        "price_per_unit": "174",
        "price_unit": "G"
      },
      {
        "state": "QLD",
        "price": "330",
        "price_per_unit": "174",
        "price_unit": "G"
      },
      {
        "state": "WA",
        "price": "330",
        "price_per_unit": "174",
        "price_unit": "G"
      },
      {
        "state": "SA",
        "price": "330",
        "price_per_unit": "174",
        "price_unit": "G"
      },
      {
        "state": "TAS",
        "price": "430",
        "price_per_unit": "226",
        "price_unit": "G"
      },
      {
        "state": "ACT",
        "price": "430",
        "price_per_unit": "226",
        "price_unit": "G"
      },
      null
    ]
  },
  {
    "source_url": "https://www.woolworths.com.au/shop/productdetails/317841/sirena-ready-to-eat-mexican-rice-with-chicken",
    "name": "Sirena Ready To Eat Mexican Rice With Chicken 190g",
    "image_url": "https://cdn1.woolworths.media/content/wowproductimages/large/317841.jpg",
    "source_id": "Woolworths - 317841",
    "barcode": "9350177000879",
    "shop": "Woolworths",
    "weight": "100G",
    "prices": [
      {
        "state": "NSW",
        "price": "330",
        "price_per_unit": "174",
        "price_unit": "G"
      },
      {
        "state": "VIC",
        "price": "330",
        "price_per_unit": "174",
        "price_unit": "G"
      },
      {
        "state": "QLD",
        "price": "330",
        "price_per_unit": "174",
        "price_unit": "G"
      },
      {
        "state": "WA",
        "price": "330",
        "price_per_unit": "174",
        "price_unit": "G"
      },
      {
        "state": "SA",
        "price": "330",
        "price_per_unit": "174",
        "price_unit": "G"
      },
      {
        "state": "TAS",
        "price": "430",
        "price_per_unit": "226",
        "price_unit": "G"
      },
      {
        "state": "ACT",
        "price": "430",
        "price_per_unit": "226",
        "price_unit": "G"
      },
      {
        "state": "NT",
        "price": "450",
        "price_per_unit": "237",
        "price_unit": "G"
      }
    ]
  },
  {
    "source_url": "https://www.woolworths.com.au/shop/productdetails/662320/south-australian-gourmet-food-company-beef-stroganoff-meal",
    "name": "South Australian Gourmet Food Company Beef Stroganoff Meal 300g",
    "image_url": "https://cdn1.woolworths.media/content/wowproductimages/large/662320.jpg",
    "source_id": "Woolworths - 662320",
    "barcode": "9310768115405",
    "shop": "Woolworths",
    "weight": "100G",
    "prices": [
      {
        "state": "NSW",
        "price": "200",
        "price_per_unit": "67",
        "price_unit": "G"
      },
      {
        "state": "VIC",
        "price": "200",
        "price_per_unit": "67",
        "price_unit": "G"
      },
      {
        "state": "QLD",
        "price": "200",
        "price_per_unit": "67",
        "price_unit": "G"
      },
      {
        "state": "WA",
        "price": "200",
        "price_per_unit": "67",
        "price_unit": "G"
      },
      {
        "state": "SA",
        "price": "200",
        "price_per_unit": "67",
        "price_unit": "G"
      },
      {
        "state": "TAS",
        "price": "400",
        "price_per_unit": "133",
        "price_unit": "G"
      },
      {
        "state": "ACT",
        "price": "400",
        "price_per_unit": "133",
        "price_unit": "G"
      },
      {
        "state": "NT",
        "price": "420",
        "price_per_unit": "140",
        "price_unit": "G"
      }
    ]
  },
  {
    "source_url": "https://www.woolworths.com.au/shop/productdetails/663122/south-australian-gourmet-food-company-chicken-cacciatore-meal",
    "name": "South Australian Gourmet Food Company Chicken Cacciatore Meal 300g",
    "image_url": "https://cdn1.woolworths.media/content/wowproductimages/large/663122.jpg",
    "source_id": "Woolworths - 663122",
    "barcode": "9310768115450",
    "shop": "Woolworths",
    "weight": "100G",
    "prices": [
      {
        "state": "NSW",
        "price": "200",
        "price_per_unit": "67",
        "price_unit": "G"
      },
      {
        "state": "VIC",
        "price": "200",
        "price_per_unit": "67",
        "price_unit": "G"
      },
      {
        "state": "QLD",
        "price": "200",
        "price_per_unit": "67",
        "price_unit": "G"
      },
      {
        "state": "WA",
        "price": "200",
        "price_per_unit": "67",
        "price_unit": "G"
      },
      {
        "state": "SA",
        "price": "200",
        "price_per_unit": "67",
        "price_unit": "G"
      },
      {
        "state": "TAS",
        "price": "400",
        "price_per_unit": "133",
        "price_unit": "G"
      },
      {
        "state": "ACT",
        "price": "400",
        "price_per_unit": "133",
        "price_unit": "G"
      },
      {
        "state": "NT",
        "price": "420",
        "price_per_unit": "140",
        "price_unit": "G"
      }
    ]
  },
  {
    "source_url": "https://www.woolworths.com.au/shop/productdetails/662963/south-australian-gourmet-food-company-curried-sausages-meal",
    "name": "South Australian Gourmet Food Company Curried Sausages Meal 300g",
    "image_url": "https://cdn1.woolworths.media/content/wowproductimages/large/662963.jpg",
    "source_id": "Woolworths - 662963",
    "barcode": "9310768115429",
    "shop": "Woolworths",
    "weight": "100G",
    "prices": [
      {
        "state": "NSW",
        "price": "200",
        "price_per_unit": "67",
        "price_unit": "G"
      },
      {
        "state": "VIC",
        "price": "200",
        "price_per_unit": "67",
        "price_unit": "G"
      },
      {
        "state": "QLD",
        "price": "200",
        "price_per_unit": "67",
        "price_unit": "G"
      },
      {
        "state": "WA",
        "price": "200",
        "price_per_unit": "67",
        "price_unit": "G"
      },
      {
        "state": "SA",
        "price": "200",
        "price_per_unit": "67",
        "price_unit": "G"
      },
      {
        "state": "TAS",
        "price": "400",
        "price_per_unit": "133",
        "price_unit": "G"
      },
      {
        "state": "ACT",
        "price": "400",
        "price_per_unit": "133",
        "price_unit": "G"
      },
      {
        "state": "NT",
        "price": "420",
        "price_per_unit": "140",
        "price_unit": "G"
      }
    ]
  },
  {
    "source_url": "https://www.woolworths.com.au/shop/productdetails/659101/south-australian-gourmet-food-company-honey-mustard-chicken-meal",
    "name": "South Australian Gourmet Food Company Honey Mustard Chicken Meal 300g",
    "image_url": "https://cdn1.woolworths.media/content/wowproductimages/large/659101.jpg",
    "source_id": "Woolworths - 659101",
    "barcode": "9310768115443",
    "shop": "Woolworths",
    "weight": "100G",
    "prices": [
      {
        "state": "NSW",
        "price": "200",
        "price_per_unit": "67",
        "price_unit": "G"
      },
      {
        "state": "VIC",
        "price": "200",
        "price_per_unit": "67",
        "price_unit": "G"
      },
      {
        "state": "QLD",
        "price": "200",
        "price_per_unit": "67",
        "price_unit": "G"
      },
      {
        "state": "WA",
        "price": "200",
        "price_per_unit": "67",
        "price_unit": "G"
      },
      {
        "state": "SA",
        "price": "200",
        "price_per_unit": "67",
        "price_unit": "G"
      },
      {
        "state": "TAS",
        "price": "400",
        "price_per_unit": "133",
        "price_unit": "G"
      },
      {
        "state": "ACT",
        "price": "400",
        "price_per_unit": "133",
        "price_unit": "G"
      },
      {
        "state": "NT",
        "price": "420",
        "price_per_unit": "140",
        "price_unit": "G"
      }
    ]
  },
  {
    "source_url": "https://www.woolworths.com.au/shop/productdetails/662962/south-australian-gourmet-food-company-tuscan-meatballs-meal",
    "name": "South Australian Gourmet Food Company Tuscan Meatballs Meal 300g",
    "image_url": "https://cdn1.woolworths.media/content/wowproductimages/large/662962.jpg",
    "source_id": "Woolworths - 662962",
    "barcode": "9310768115412",
    "shop": "Woolworths",
    "weight": "100G",
    "prices": [
      {
        "state": "NSW",
        "price": "200",
        "price_per_unit": "67",
        "price_unit": "G"
      },
      {
        "state": "VIC",
        "price": "200",
        "price_per_unit": "67",
        "price_unit": "G"
      },
      {
        "state": "QLD",
        "price": "200",
        "price_per_unit": "67",
        "price_unit": "G"
      },
      {
        "state": "WA",
        "price": "200",
        "price_per_unit": "67",
        "price_unit": "G"
      },
      {
        "state": "SA",
        "price": "200",
        "price_per_unit": "67",
        "price_unit": "G"
      },
      {
        "state": "TAS",
        "price": "400",
        "price_per_unit": "133",
        "price_unit": "G"
      },
      {
        "state": "ACT",
        "price": "400",
        "price_per_unit": "133",
        "price_unit": "G"
      },
      {
        "state": "NT",
        "price": "420",
        "price_per_unit": "140",
        "price_unit": "G"
      }
    ]
  },
  {
    "source_url": "https://www.woolworths.com.au/shop/productdetails/35970/tandaco-one-pan-dinner-savoury-noodles-noodle",
    "name": "Tandaco One Pan Dinner Savoury Noodles 200g",
    "image_url": "https://cdn1.woolworths.media/content/wowproductimages/large/035970.jpg",
    "source_id": "Woolworths - 35970",
    "barcode": "9300681801080",
    "shop": "Woolworths",
    "weight": "100G",
    "prices": [
      {
        "state": "NSW",
        "price": "560",
        "price_per_unit": "280",
        "price_unit": "G"
      },
      {
        "state": "VIC",
        "price": "560",
        "price_per_unit": "280",
        "price_unit": "G"
      },
      {
        "state": "QLD",
        "price": "560",
        "price_per_unit": "280",
        "price_unit": "G"
      },
      {
        "state": "WA",
        "price": "560",
        "price_per_unit": "280",
        "price_unit": "G"
      },
      {
        "state": "SA",
        "price": "560",
        "price_per_unit": "280",
        "price_unit": "G"
      },
      {
        "state": "TAS",
        "price": "560",
        "price_per_unit": "280",
        "price_unit": "G"
      },
      {
        "state": "NT",
        "price": "560",
        "price_per_unit": "280",
        "price_unit": "G"
      }
    ]
  },
  {
    "source_url": "https://www.woolworths.com.au/shop/productdetails/913486/well-good-cheesy-vegan-mac-traditional-cheddar-flavour",
    "name": "Well & Good Cheesy Vegan Mac Traditional Cheddar Flavour 110g",
    "image_url": "https://cdn1.woolworths.media/content/wowproductimages/large/913486.jpg",
    "source_id": "Woolworths - 913486",
    "barcode": "9337096100316",
    "shop": "Woolworths",
    "weight": "100G",
    "prices": [
      {
        "state": "NSW",
        "price": "450",
        "price_per_unit": "409",
        "price_unit": "G"
      },
      {
        "state": "VIC",
        "price": "450",
        "price_per_unit": "409",
        "price_unit": "G"
      },
      {
        "state": "QLD",
        "price": "450",
        "price_per_unit": "409",
        "price_unit": "G"
      },
      {
        "state": "WA",
        "price": "450",
        "price_per_unit": "409",
        "price_unit": "G"
      },
      {
        "state": "TAS",
        "price": "450",
        "price_per_unit": "409",
        "price_unit": "G"
      },
      {
        "state": "ACT",
        "price": "450",
        "price_per_unit": "409",
        "price_unit": "G"
      },
      {
        "state": "NT",
        "price": "450",
        "price_per_unit": "409",
        "price_unit": "G"
      }
    ]
  },
  {
    "source_url": "https://www.woolworths.com.au/shop/productdetails/826071/woolworths-butter-chicken-with-jasmine-rice",
    "name": "Woolworths Butter Chicken With Jasmine Rice 350g",
    "image_url": "https://cdn1.woolworths.media/content/wowproductimages/large/826071.jpg",
    "source_id": "Woolworths - 826071",
    "barcode": "9300633704766",
    "shop": "Woolworths",
    "weight": "100G",
    "prices": [
      {
        "state": "NSW",
        "price": "450",
        "price_per_unit": "129",
        "price_unit": "G"
      },
      {
        "state": "VIC",
        "price": "450",
        "price_per_unit": "129",
        "price_unit": "G"
      },
      {
        "state": "QLD",
        "price": "450",
        "price_per_unit": "129",
        "price_unit": "G"
      },
      {
        "state": "WA",
        "price": "450",
        "price_per_unit": "129",
        "price_unit": "G"
      },
      {
        "state": "TAS",
        "price": "450",
        "price_per_unit": "129",
        "price_unit": "G"
      },
      {
        "state": "ACT",
        "price": "450",
        "price_per_unit": "129",
        "price_unit": "G"
      },
      {
        "state": "NT",
        "price": "470",
        "price_per_unit": "134",
        "price_unit": "G"
      }
    ]
  },
  {
    "source_url": "https://www.woolworths.com.au/shop/productdetails/825616/woolworths-chicken-satay-with-jasmine-rice",
    "name": "Woolworths Chicken Satay With Jasmine Rice 350g",
    "image_url": "https://cdn1.woolworths.media/content/wowproductimages/large/825616.jpg",
    "source_id": "Woolworths - 825616",
    "barcode": "9300633704711",
    "shop": "Woolworths",
    "weight": "100G",
    "prices": [
      {
        "state": "NSW",
        "price": "450",
        "price_per_unit": "129",
        "price_unit": "G"
      },
      {
        "state": "VIC",
        "price": "450",
        "price_per_unit": "129",
        "price_unit": "G"
      },
      {
        "state": "QLD",
        "price": "450",
        "price_per_unit": "129",
        "price_unit": "G"
      },
      {
        "state": "WA",
        "price": "450",
        "price_per_unit": "129",
        "price_unit": "G"
      },
      {
        "state": "TAS",
        "price": "450",
        "price_per_unit": "129",
        "price_unit": "G"
      },
      {
        "state": "ACT",
        "price": "450",
        "price_per_unit": "129",
        "price_unit": "G"
      },
      {
        "state": "NT",
        "price": "470",
        "price_per_unit": "134",
        "price_unit": "G"
      }
    ]
  },
  {
    "source_url": "https://www.woolworths.com.au/shop/productdetails/319397/coco-earth-buttery-makhani-paneer-with-garlic-naan",
    "name": "Coco Earth Buttery Makhani Paneer With Garlic Naan 360g",
    "image_url": "https://cdn1.woolworths.media/content/wowproductimages/large/319397.jpg",
    "source_id": "Woolworths - 319397",
    "barcode": "9349580005670",
    "shop": "Woolworths",
    "weight": "100G",
    "prices": [
      {
        "state": "VIC",
        "price": "500",
        "price_per_unit": "139",
        "price_unit": "G"
      },
      {
        "state": "QLD",
        "price": "500",
        "price_per_unit": "139",
        "price_unit": "G"
      },
      {
        "state": "WA",
        "price": "500",
        "price_per_unit": "139",
        "price_unit": "G"
      },
      {
        "state": "SA",
        "price": "500",
        "price_per_unit": "139",
        "price_unit": "G"
      },
      {
        "state": "TAS",
        "price": "500",
        "price_per_unit": "139",
        "price_unit": "G"
      },
      {
        "state": "ACT",
        "price": "700",
        "price_per_unit": "194",
        "price_unit": "G"
      },
      {
        "state": "NT",
        "price": "735",
        "price_per_unit": "204",
        "price_unit": "G"
      }
    ]
  },
  {
    "source_url": "https://www.woolworths.com.au/shop/productdetails/671200/coco-earth-chicken-burrito-bowl-ready-meal",
    "name": "Coco Earth Chicken Burrito Bowl Ready Meal 385g",
    "image_url": "https://cdn1.woolworths.media/content/wowproductimages/large/671200.jpg",
    "source_id": "Woolworths - 671200",
    "barcode": "9349580006370",
    "shop": "Woolworths",
    "weight": "100G",
    "prices": [
      {
        "state": "VIC",
        "price": "800",
        "price_per_unit": "208",
        "price_unit": "G"
      },
      {
        "state": "QLD",
        "price": "800",
        "price_per_unit": "208",
        "price_unit": "G"
      },
      {
        "state": "WA",
        "price": "800",
        "price_per_unit": "208",
        "price_unit": "G"
      },
      {
        "state": "SA",
        "price": "800",
        "price_per_unit": "208",
        "price_unit": "G"
      },
      {
        "state": "TAS",
        "price": "800",
        "price_per_unit": "208",
        "price_unit": "G"
      },
      {
        "state": "ACT",
        "price": "800",
        "price_per_unit": "208",
        "price_unit": "G"
      },
      {
        "state": "NT",
        "price": "840",
        "price_per_unit": "218",
        "price_unit": "G"
      }
    ]
  },
  {
    "source_url": "https://www.woolworths.com.au/shop/productdetails/317643/coco-earth-mango-chicken-with-rice",
    "name": "Coco Earth Mango Chicken With Rice 360g",
    "image_url": "https://cdn1.woolworths.media/content/wowproductimages/large/317643.jpg",
    "source_id": "Woolworths - 317643",
    "barcode": "9349580005687",
    "shop": "Woolworths",
    "weight": "100G",
    "prices": [
      {
        "state": "VIC",
        "price": "500",
        "price_per_unit": "139",
        "price_unit": "G"
      },
      {
        "state": "QLD",
        "price": "500",
        "price_per_unit": "139",
        "price_unit": "G"
      },
      {
        "state": "WA",
        "price": "500",
        "price_per_unit": "139",
        "price_unit": "G"
      },
      {
        "state": "SA",
        "price": "500",
        "price_per_unit": "139",
        "price_unit": "G"
      },
      {
        "state": "TAS",
        "price": "500",
        "price_per_unit": "139",
        "price_unit": "G"
      },
      {
        "state": "ACT",
        "price": "700",
        "price_per_unit": "194",
        "price_unit": "G"
      },
      {
        "state": "NT",
        "price": "735",
        "price_per_unit": "204",
        "price_unit": "G"
      }
    ]
  },
  {
    "source_url": "https://www.woolworths.com.au/shop/productdetails/674696/coco-earth-mexican-bean-nachos-ready-meal",
    "name": "Coco Earth Mexican Bean Nachos Ready Meal 275g",
    "image_url": "https://cdn1.woolworths.media/content/wowproductimages/large/674696.jpg",
    "source_id": "Woolworths - 674696",
    "barcode": "9349580006363",
    "shop": "Woolworths",
    "weight": "100G",
    "prices": [
      {
        "state": "SA",
        "price": "800",
        "price_per_unit": "291",
        "price_unit": "G"
      },
      {
        "state": "TAS",
        "price": "800",
        "price_per_unit": "291",
        "price_unit": "G"
      },
      {
        "state": "ACT",
        "price": "800",
        "price_per_unit": "291",
        "price_unit": "G"
      },
      {
        "state": "NT",
        "price": "840",
        "price_per_unit": "305",
        "price_unit": "G"
      }
    ]
  },
  {
    "source_url": "https://www.woolworths.com.au/shop/productdetails/676842/coco-earth-ready-meal-chicken-soft-taco-kit",
    "name": "Coco Earth Ready Meal Chicken Soft Taco Kit 320g",
    "image_url": "https://cdn1.woolworths.media/content/wowproductimages/large/676842.jpg",
    "source_id": "Woolworths - 676842",
    "barcode": "9349580006356",
    "shop": "Woolworths",
    "weight": "100G",
    "prices": [
      {
        "state": "VIC",
        "price": "800",
        "price_per_unit": "250",
        "price_unit": "G"
      },
      {
        "state": "QLD",
        "price": "800",
        "price_per_unit": "250",
        "price_unit": "G"
      },
      {
        "state": "WA",
        "price": "800",
        "price_per_unit": "250",
        "price_unit": "G"
      },
      {
        "state": "SA",
        "price": "800",
        "price_per_unit": "250",
        "price_unit": "G"
      },
      {
        "state": "TAS",
        "price": "800",
        "price_per_unit": "250",
        "price_unit": "G"
      },
      {
        "state": "ACT",
        "price": "800",
        "price_per_unit": "250",
        "price_unit": "G"
      },
      {
        "state": "NT",
        "price": "840",
        "price_per_unit": "263",
        "price_unit": "G"
      }
    ]
  },
  {
    "source_url": "https://www.woolworths.com.au/shop/productdetails/95549/coco-earth-satay-chicken-with-jasmine-rice",
    "name": "Coco Earth Satay Chicken With Jasmine Rice 400g",
    "image_url": "https://cdn1.woolworths.media/content/wowproductimages/large/095549.jpg",
    "source_id": "Woolworths - 95549",
    "barcode": "9349580002419",
    "shop": "Woolworths",
    "weight": "100G",
    "prices": [
      {
        "state": "VIC",
        "price": "600",
        "price_per_unit": "150",
        "price_unit": "G"
      },
      {
        "state": "QLD",
        "price": "600",
        "price_per_unit": "150",
        "price_unit": "G"
      },
      {
        "state": "WA",
        "price": "600",
        "price_per_unit": "150",
        "price_unit": "G"
      },
      {
        "state": "SA",
        "price": "600",
        "price_per_unit": "150",
        "price_unit": "G"
      },
      {
        "state": "TAS",
        "price": "600",
        "price_per_unit": "150",
        "price_unit": "G"
      },
      {
        "state": "ACT",
        "price": "600",
        "price_per_unit": "150",
        "price_unit": "G"
      },
      {
        "state": "NT",
        "price": "630",
        "price_per_unit": "158",
        "price_unit": "G"
      }
    ]
  },
  {
    "source_url": "https://www.woolworths.com.au/shop/productdetails/320535/coco-earth-smoky-charcoal-chicken-with-rice",
    "name": "Coco Earth Smoky Charcoal Chicken With Rice 360g",
    "image_url": "https://cdn1.woolworths.media/content/wowproductimages/large/320535.jpg",
    "source_id": "Woolworths - 320535",
    "barcode": "9349580005663",
    "shop": "Woolworths",
    "weight": "100G",
    "prices": [
      {
        "state": "VIC",
        "price": "500",
        "price_per_unit": "139",
        "price_unit": "G"
      },
      {
        "state": "QLD",
        "price": "500",
        "price_per_unit": "139",
        "price_unit": "G"
      },
      {
        "state": "WA",
        "price": "500",
        "price_per_unit": "139",
        "price_unit": "G"
      },
      {
        "state": "SA",
        "price": "500",
        "price_per_unit": "139",
        "price_unit": "G"
      },
      {
        "state": "TAS",
        "price": "500",
        "price_per_unit": "139",
        "price_unit": "G"
      },
      {
        "state": "ACT",
        "price": "700",
        "price_per_unit": "194",
        "price_unit": "G"
      },
      {
        "state": "NT",
        "price": "735",
        "price_per_unit": "204",
        "price_unit": "G"
      }
    ]
  },
  {
    "source_url": "https://www.woolworths.com.au/shop/productdetails/95753/coco-earth-thai-green-chicken-curry-with-jasmine-rice",
    "name": "Coco Earth Thai Green Chicken Curry With Jasmine Rice 400g",
    "image_url": "https://cdn1.woolworths.media/content/wowproductimages/large/095753.jpg",
    "source_id": "Woolworths - 95753",
    "barcode": "9349580002426",
    "shop": "Woolworths",
    "weight": "100G",
    "prices": [
      {
        "state": "VIC",
        "price": "600",
        "price_per_unit": "150",
        "price_unit": "G"
      },
      {
        "state": "QLD",
        "price": "600",
        "price_per_unit": "150",
        "price_unit": "G"
      },
      {
        "state": "WA",
        "price": "600",
        "price_per_unit": "150",
        "price_unit": "G"
      },
      {
        "state": "SA",
        "price": "600",
        "price_per_unit": "150",
        "price_unit": "G"
      },
      {
        "state": "TAS",
        "price": "600",
        "price_per_unit": "150",
        "price_unit": "G"
      },
      {
        "state": "ACT",
        "price": "600",
        "price_per_unit": "150",
        "price_unit": "G"
      },
      {
        "state": "NT",
        "price": "630",
        "price_per_unit": "158",
        "price_unit": "G"
      }
    ]
  },
  {
    "source_url": "https://www.woolworths.com.au/shop/productdetails/230942/continental-classics-pasta-sauce-chicken-curry",
    "name": "Continental Classics Pasta & Sauce Chicken Curry 90 g",
    "image_url": "https://cdn1.woolworths.media/content/wowproductimages/large/230942.jpg",
    "source_id": "Woolworths - 230942",
    "barcode": "9300667035034",
    "shop": "Woolworths",
    "weight": "100G",
    "prices": [
      {
        "state": "VIC",
        "price": "300",
        "price_per_unit": "333",
        "price_unit": "G"
      },
      {
        "state": "QLD",
        "price": "300",
        "price_per_unit": "333",
        "price_unit": "G"
      },
      {
        "state": "WA",
        "price": "300",
        "price_per_unit": "333",
        "price_unit": "G"
      },
      {
        "state": "SA",
        "price": "300",
        "price_per_unit": "333",
        "price_unit": "G"
      },
      {
        "state": "TAS",
        "price": "300",
        "price_per_unit": "333",
        "price_unit": "G"
      },
      {
        "state": "ACT",
        "price": "300",
        "price_per_unit": "333",
        "price_unit": "G"
      },
      {
        "state": "NT",
        "price": "315",
        "price_per_unit": "350",
        "price_unit": "G"
      }
    ]
  },
  {
    "source_url": "https://www.woolworths.com.au/shop/productdetails/761555/continental-classics-pasta-sauce-chicken-curry-family-pack",
    "name": "Continental Classics Pasta & Sauce Chicken Curry Family Pack 150g",
    "image_url": "https://cdn1.woolworths.media/content/wowproductimages/large/761555.jpg",
    "source_id": "Woolworths - 761555",
    "barcode": "9300830018420",
    "shop": "Woolworths",
    "weight": "100G",
    "prices": [
      {
        "state": "VIC",
        "price": "380",
        "price_per_unit": "253",
        "price_unit": "G"
      },
      {
        "state": "QLD",
        "price": "380",
        "price_per_unit": "253",
        "price_unit": "G"
      },
      {
        "state": "WA",
        "price": "380",
        "price_per_unit": "253",
        "price_unit": "G"
      },
      {
        "state": "SA",
        "price": "380",
        "price_per_unit": "253",
        "price_unit": "G"
      },
      {
        "state": "TAS",
        "price": "380",
        "price_per_unit": "253",
        "price_unit": "G"
      },
      {
        "state": "ACT",
        "price": "380",
        "price_per_unit": "253",
        "price_unit": "G"
      },
      {
        "state": "NT",
        "price": "400",
        "price_per_unit": "267",
        "price_unit": "G"
      }
    ]
  },
  {
    "source_url": "https://www.woolworths.com.au/shop/productdetails/230975/continental-classics-pasta-sauce-macaroni-cheese-family-pack",
    "name": "Continental Classics Pasta & Sauce Macaroni Cheese Family Pack 170g",
    "image_url": "https://cdn1.woolworths.media/content/wowproductimages/large/230975.jpg",
    "source_id": "Woolworths - 230975",
    "barcode": "9300667035225",
    "shop": "Woolworths",
    "weight": "100G",
    "prices": [
      {
        "state": "VIC",
        "price": "380",
        "price_per_unit": "224",
        "price_unit": "G"
      },
      {
        "state": "QLD",
        "price": "380",
        "price_per_unit": "224",
        "price_unit": "G"
      },
      {
        "state": "WA",
        "price": "380",
        "price_per_unit": "224",
        "price_unit": "G"
      },
      {
        "state": "SA",
        "price": "380",
        "price_per_unit": "224",
        "price_unit": "G"
      },
      {
        "state": "TAS",
        "price": "380",
        "price_per_unit": "224",
        "price_unit": "G"
      },
      {
        "state": "ACT",
        "price": "380",
        "price_per_unit": "224",
        "price_unit": "G"
      },
      null
    ]
  },
  {
    "source_url": "https://www.woolworths.com.au/shop/productdetails/691507/continental-classics-tasty-cheesy-rice-serves-2",
    "name": "Continental Classics Tasty Cheesy Rice 125 g",
    "image_url": "https://cdn1.woolworths.media/content/wowproductimages/large/691507.jpg",
    "source_id": "Woolworths - 691507",
    "barcode": "9300830047321",
    "shop": "Woolworths",
    "weight": "100G",
    "prices": [
      {
        "state": "VIC",
        "price": "320",
        "price_per_unit": "256",
        "price_unit": "G"
      },
      {
        "state": "QLD",
        "price": "320",
        "price_per_unit": "256",
        "price_unit": "G"
      },
      {
        "state": "WA",
        "price": "320",
        "price_per_unit": "256",
        "price_unit": "G"
      },
      {
        "state": "SA",
        "price": "320",
        "price_per_unit": "256",
        "price_unit": "G"
      },
      {
        "state": "TAS",
        "price": "320",
        "price_per_unit": "256",
        "price_unit": "G"
      },
      {
        "state": "ACT",
        "price": "320",
        "price_per_unit": "256",
        "price_unit": "G"
      },
      {
        "state": "NT",
        "price": "335",
        "price_per_unit": "268",
        "price_unit": "G"
      }
    ]
  },
  {
    "source_url": "https://www.woolworths.com.au/shop/productdetails/840898/continental-pasta-sensations-creamy-tomato-parmesan-basil-serves-2",
    "name": "Continental Pasta Sensations Creamy Tomato Parmesan & Basil Serves 2 98g",
    "image_url": "https://cdn1.woolworths.media/content/wowproductimages/large/840898.jpg",
    "source_id": "Woolworths - 840898",
    "barcode": "9300830023929",
    "shop": "Woolworths",
    "weight": "100G",
    "prices": [
      {
        "state": "VIC",
        "price": "280",
        "price_per_unit": "286",
        "price_unit": "G"
      },
      {
        "state": "QLD",
        "price": "280",
        "price_per_unit": "286",
        "price_unit": "G"
      },
      {
        "state": "WA",
        "price": "280",
        "price_per_unit": "286",
        "price_unit": "G"
      },
      {
        "state": "SA",
        "price": "280",
        "price_per_unit": "286",
        "price_unit": "G"
      },
      {
        "state": "TAS",
        "price": "280",
        "price_per_unit": "286",
        "price_unit": "G"
      },
      {
        "state": "NT",
        "price": "350",
        "price_per_unit": "357",
        "price_unit": "G"
      }
    ]
  },
  {
    "source_url": "https://www.woolworths.com.au/shop/productdetails/606763/dinner-winner-pasta-beef",
    "name": "Dinner Winner Pasta Beef 153g",
    "image_url": "https://cdn1.woolworths.media/content/wowproductimages/large/606763.jpg",
    "source_id": "Woolworths - 606763",
    "barcode": "9300683504880",
    "shop": "Woolworths",
    "weight": "100G",
    "prices": [
      {
        "state": "VIC",
        "price": "450",
        "price_per_unit": "294",
        "price_unit": "G"
      },
      {
        "state": "QLD",
        "price": "450",
        "price_per_unit": "294",
        "price_unit": "G"
      },
      {
        "state": "WA",
        "price": "450",
        "price_per_unit": "294",
        "price_unit": "G"
      },
      {
        "state": "SA",
        "price": "450",
        "price_per_unit": "294",
        "price_unit": "G"
      },
      {
        "state": "TAS",
        "price": "450",
        "price_per_unit": "294",
        "price_unit": "G"
      },
      {
        "state": "ACT",
        "price": "450",
        "price_per_unit": "294",
        "price_unit": "G"
      },
      {
        "state": "NT",
        "price": "450",
        "price_per_unit": "294",
        "price_unit": "G"
      }
    ]
  },
  {
    "source_url": "https://www.woolworths.com.au/shop/productdetails/86692/hart-soul-all-natural-supergrain-satay-chicken",
    "name": "Hart & Soul All Natural Supergrain Satay Chicken 250g",
    "image_url": "https://cdn1.woolworths.media/content/wowproductimages/large/086692.jpg",
    "source_id": "Woolworths - 86692",
    "barcode": "9350007004985",
    "shop": "Woolworths",
    "weight": "100G",
    "prices": [
      {
        "state": "VIC",
        "price": "550",
        "price_per_unit": "220",
        "price_unit": "G"
      },
      {
        "state": "QLD",
        "price": "550",
        "price_per_unit": "220",
        "price_unit": "G"
      },
      {
        "state": "WA",
        "price": "550",
        "price_per_unit": "220",
        "price_unit": "G"
      },
      {
        "state": "SA",
        "price": "550",
        "price_per_unit": "220",
        "price_unit": "G"
      },
      {
        "state": "TAS",
        "price": "550",
        "price_per_unit": "220",
        "price_unit": "G"
      },
      {
        "state": "ACT",
        "price": "550",
        "price_per_unit": "220",
        "price_unit": "G"
      },
      null
    ]
  },
  {
    "source_url": "https://www.woolworths.com.au/shop/productdetails/86852/hart-soul-all-natural-supergrain-teriyaki-chicken",
    "name": "Hart & Soul All Natural Supergrain Teriyaki Chicken 250g",
    "image_url": "https://cdn1.woolworths.media/content/wowproductimages/large/086852.jpg",
    "source_id": "Woolworths - 86852",
    "barcode": "9350007004992",
    "shop": "Woolworths",
    "weight": "100G",
    "prices": [
      {
        "state": "VIC",
        "price": "550",
        "price_per_unit": "220",
        "price_unit": "G"
      },
      {
        "state": "QLD",
        "price": "550",
        "price_per_unit": "220",
        "price_unit": "G"
      },
      {
        "state": "WA",
        "price": "550",
        "price_per_unit": "220",
        "price_unit": "G"
      },
      {
        "state": "SA",
        "price": "550",
        "price_per_unit": "220",
        "price_unit": "G"
      },
      {
        "state": "TAS",
        "price": "550",
        "price_per_unit": "220",
        "price_unit": "G"
      },
      {
        "state": "ACT",
        "price": "550",
        "price_per_unit": "220",
        "price_unit": "G"
      },
      {
        "state": "NT",
        "price": "580",
        "price_per_unit": "232",
        "price_unit": "G"
      }
    ]
  },
  {
    "source_url": "https://www.woolworths.com.au/shop/productdetails/335213/hart-soul-no-nasties-chicken-massaman",
    "name": "Hart & Soul No Nasties Chicken Massaman 250g",
    "image_url": "https://cdn1.woolworths.media/content/wowproductimages/large/335213.jpg",
    "source_id": "Woolworths - 335213",
    "barcode": "9300602378899",
    "shop": "Woolworths",
    "weight": "100G",
    "prices": [
      {
        "state": "VIC",
        "price": "550",
        "price_per_unit": "220",
        "price_unit": "G"
      },
      {
        "state": "QLD",
        "price": "550",
        "price_per_unit": "220",
        "price_unit": "G"
      },
      {
        "state": "WA",
        "price": "550",
        "price_per_unit": "220",
        "price_unit": "G"
      },
      {
        "state": "SA",
        "price": "550",
        "price_per_unit": "220",
        "price_unit": "G"
      },
      {
        "state": "TAS",
        "price": "550",
        "price_per_unit": "220",
        "price_unit": "G"
      },
      {
        "state": "ACT",
        "price": "550",
        "price_per_unit": "220",
        "price_unit": "G"
      },
      {
        "state": "NT",
        "price": "580",
        "price_per_unit": "232",
        "price_unit": "G"
      }
    ]
  },
  {
    "source_url": "https://www.woolworths.com.au/shop/productdetails/334590/hart-soul-no-nasties-veg-dahl",
    "name": "Hart & Soul No Nasties Veg Dahl 250g",
    "image_url": "https://cdn1.woolworths.media/content/wowproductimages/large/334590.jpg",
    "source_id": "Woolworths - 334590",
    "barcode": "9300602379056",
    "shop": "Woolworths",
    "weight": "100G",
    "prices": [
      {
        "state": "VIC",
        "price": "550",
        "price_per_unit": "220",
        "price_unit": "G"
      },
      {
        "state": "QLD",
        "price": "550",
        "price_per_unit": "220",
        "price_unit": "G"
      },
      {
        "state": "WA",
        "price": "550",
        "price_per_unit": "220",
        "price_unit": "G"
      },
      {
        "state": "SA",
        "price": "550",
        "price_per_unit": "220",
        "price_unit": "G"
      },
      {
        "state": "TAS",
        "price": "550",
        "price_per_unit": "220",
        "price_unit": "G"
      },
      {
        "state": "ACT",
        "price": "550",
        "price_per_unit": "220",
        "price_unit": "G"
      },
      {
        "state": "NT",
        "price": "580",
        "price_per_unit": "232",
        "price_unit": "G"
      }
    ]
  },
  {
    "source_url": "https://www.woolworths.com.au/shop/productdetails/562803/hart-soul-ramen-chilli-garlic-saucy-noodles-box",
    "name": "Hart & Soul Ramen Chilli & Garlic Saucy Noodles Box 330g",
    "image_url": "https://cdn1.woolworths.media/content/wowproductimages/large/562803.jpg",
    "source_id": "Woolworths - 562803",
    "barcode": "9300602385477",
    "shop": "Woolworths",
    "weight": "100G",
    "prices": [
      {
        "state": "VIC",
        "price": "550",
        "price_per_unit": "167",
        "price_unit": "G"
      },
      {
        "state": "QLD",
        "price": "550",
        "price_per_unit": "167",
        "price_unit": "G"
      },
      {
        "state": "WA",
        "price": "550",
        "price_per_unit": "167",
        "price_unit": "G"
      },
      {
        "state": "SA",
        "price": "550",
        "price_per_unit": "167",
        "price_unit": "G"
      },
      {
        "state": "TAS",
        "price": "550",
        "price_per_unit": "167",
        "price_unit": "G"
      },
      {
        "state": "ACT",
        "price": "550",
        "price_per_unit": "167",
        "price_unit": "G"
      },
      {
        "state": "NT",
        "price": "578",
        "price_per_unit": "175",
        "price_unit": "G"
      }
    ]
  },
  {
    "source_url": "https://www.woolworths.com.au/shop/productdetails/805108/hart-soul-supergrain-butter-chicken",
    "name": "Hart & Soul Supergrain Butter Chicken 250g",
    "image_url": "https://cdn1.woolworths.media/content/wowproductimages/large/805108.jpg",
    "source_id": "Woolworths - 805108",
    "barcode": "9350007000017",
    "shop": "Woolworths",
    "weight": "100G",
    "prices": [
      {
        "state": "VIC",
        "price": "550",
        "price_per_unit": "220",
        "price_unit": "G"
      },
      {
        "state": "QLD",
        "price": "550",
        "price_per_unit": "220",
        "price_unit": "G"
      },
      {
        "state": "WA",
        "price": "550",
        "price_per_unit": "220",
        "price_unit": "G"
      },
      {
        "state": "SA",
        "price": "550",
        "price_per_unit": "220",
        "price_unit": "G"
      },
      {
        "state": "TAS",
        "price": "550",
        "price_per_unit": "220",
        "price_unit": "G"
      },
      {
        "state": "ACT",
        "price": "550",
        "price_per_unit": "220",
        "price_unit": "G"
      },
      {
        "state": "NT",
        "price": "580",
        "price_per_unit": "232",
        "price_unit": "G"
      }
    ]
  },
  {
    "source_url": "https://www.woolworths.com.au/shop/productdetails/524927/hart-soul-thai-chicken-saucy-noodles-box",
    "name": "Hart & Soul Thai Chicken Saucy Noodles Box 330g",
    "image_url": "https://cdn1.woolworths.media/content/wowproductimages/large/524927.jpg",
    "source_id": "Woolworths - 524927",
    "barcode": "9300602385156",
    "shop": "Woolworths",
    "weight": "100G",
    "prices": [
      {
        "state": "VIC",
        "price": "550",
        "price_per_unit": "167",
        "price_unit": "G"
      },
      {
        "state": "QLD",
        "price": "550",
        "price_per_unit": "167",
        "price_unit": "G"
      },
      {
        "state": "WA",
        "price": "550",
        "price_per_unit": "167",
        "price_unit": "G"
      },
      {
        "state": "SA",
        "price": "550",
        "price_per_unit": "167",
        "price_unit": "G"
      },
      {
        "state": "TAS",
        "price": "550",
        "price_per_unit": "167",
        "price_unit": "G"
      },
      {
        "state": "ACT",
        "price": "550",
        "price_per_unit": "167",
        "price_unit": "G"
      },
      {
        "state": "NT",
        "price": "578",
        "price_per_unit": "175",
        "price_unit": "G"
      }
    ]
  },
  {
    "source_url": "https://www.woolworths.com.au/shop/productdetails/222124/heinz-ravioli-ricotta-with-rich-bolognese-garlic",
    "name": "Heinz Ravioli Ricotta With Rich Bolognese & Garlic 350g",
    "image_url": "https://cdn1.woolworths.media/content/wowproductimages/large/222124.jpg",
    "source_id": "Woolworths - 222124",
    "barcode": "9300657243586",
    "shop": "Woolworths",
    "weight": "100G",
    "prices": [
      {
        "state": "VIC",
        "price": "530",
        "price_per_unit": "151",
        "price_unit": "G"
      },
      {
        "state": "QLD",
        "price": "530",
        "price_per_unit": "151",
        "price_unit": "G"
      },
      {
        "state": "WA",
        "price": "530",
        "price_per_unit": "151",
        "price_unit": "G"
      },
      {
        "state": "SA",
        "price": "530",
        "price_per_unit": "151",
        "price_unit": "G"
      },
      {
        "state": "TAS",
        "price": "350",
        "price_per_unit": "100",
        "price_unit": "G"
      },
      {
        "state": "ACT",
        "price": "350",
        "price_per_unit": "100",
        "price_unit": "G"
      },
      {
        "state": "NT",
        "price": "350",
        "price_per_unit": "100",
        "price_unit": "G"
      },
      {
        "state": "NT",
        "price": "350",
        "price_per_unit": "100",
        "price_unit": "G"
      }
    ]
  },
  {
    "source_url": "https://www.woolworths.com.au/shop/productdetails/220991/heinz-ravioli-with-creamy-tomato",
    "name": "Heinz Ravioli With Creamy Tomato 350g",
    "image_url": "https://cdn1.woolworths.media/content/wowproductimages/large/220991.jpg",
    "source_id": "Woolworths - 220991",
    "barcode": "9300657243524",
    "shop": "Woolworths",
    "weight": "100G",
    "prices": [
      {
        "state": "VIC",
        "price": "530",
        "price_per_unit": "151",
        "price_unit": "G"
      },
      {
        "state": "QLD",
        "price": "530",
        "price_per_unit": "151",
        "price_unit": "G"
      },
      {
        "state": "WA",
        "price": "530",
        "price_per_unit": "151",
        "price_unit": "G"
      },
      {
        "state": "SA",
        "price": "530",
        "price_per_unit": "151",
        "price_unit": "G"
      },
      {
        "state": "TAS",
        "price": "350",
        "price_per_unit": "100",
        "price_unit": "G"
      },
      {
        "state": "ACT",
        "price": "350",
        "price_per_unit": "100",
        "price_unit": "G"
      },
      {
        "state": "NT",
        "price": "350",
        "price_per_unit": "100",
        "price_unit": "G"
      },
      {
        "state": "NT",
        "price": "350",
        "price_per_unit": "100",
        "price_unit": "G"
      }
    ]
  },
  {
    "source_url": "https://www.woolworths.com.au/shop/productdetails/884080/heinz-rigatoni-with-creamy-alfredo",
    "name": "Heinz Rigatoni With Creamy Alfredo 350g",
    "image_url": "https://cdn1.woolworths.media/content/wowproductimages/large/884080.jpg",
    "source_id": "Woolworths - 884080",
    "barcode": "9300657011253",
    "shop": "Woolworths",
    "weight": "100G",
    "prices": [
      {
        "state": "VIC",
        "price": "530",
        "price_per_unit": "151",
        "price_unit": "G"
      },
      {
        "state": "QLD",
        "price": "530",
        "price_per_unit": "151",
        "price_unit": "G"
      },
      {
        "state": "WA",
        "price": "530",
        "price_per_unit": "151",
        "price_unit": "G"
      },
      {
        "state": "SA",
        "price": "530",
        "price_per_unit": "151",
        "price_unit": "G"
      },
      {
        "state": "TAS",
        "price": "350",
        "price_per_unit": "100",
        "price_unit": "G"
      },
      {
        "state": "NT",
        "price": "350",
        "price_per_unit": "100",
        "price_unit": "G"
      },
      {
        "state": "NT",
        "price": "350",
        "price_per_unit": "100",
        "price_unit": "G"
      }
    ]
  },
  {
    "source_url": "https://www.woolworths.com.au/shop/productdetails/884000/heinz-rigatoni-with-creamy-carbonara-pasta-meal",
    "name": "Heinz Rigatoni With Creamy Carbonara Pasta Meal 350g",
    "image_url": "https://cdn1.woolworths.media/content/wowproductimages/large/884000.jpg",
    "source_id": "Woolworths - 884000",
    "barcode": "9300657011277",
    "shop": "Woolworths",
    "weight": "100G",
    "prices": [
      {
        "state": "VIC",
        "price": "530",
        "price_per_unit": "151",
        "price_unit": "G"
      },
      {
        "state": "QLD",
        "price": "530",
        "price_per_unit": "151",
        "price_unit": "G"
      },
      {
        "state": "WA",
        "price": "530",
        "price_per_unit": "151",
        "price_unit": "G"
      },
      {
        "state": "SA",
        "price": "530",
        "price_per_unit": "151",
        "price_unit": "G"
      },
      {
        "state": "TAS",
        "price": "350",
        "price_per_unit": "100",
        "price_unit": "G"
      },
      {
        "state": "NT",
        "price": "350",
        "price_per_unit": "100",
        "price_unit": "G"
      },
      {
        "state": "NT",
        "price": "350",
        "price_per_unit": "100",
        "price_unit": "G"
      }
    ]
  },
  {
    "source_url": "https://www.woolworths.com.au/shop/productdetails/883949/heinz-rigatoni-with-tomato-eggplant-pasta-meal",
    "name": "Heinz Rigatoni With Tomato & Eggplant Pasta Meal 350g",
    "image_url": "https://cdn1.woolworths.media/content/wowproductimages/large/883949.jpg",
    "source_id": "Woolworths - 883949",
    "barcode": "9300657011260",
    "shop": "Woolworths",
    "weight": "100G",
    "prices": [
      {
        "state": "VIC",
        "price": "530",
        "price_per_unit": "151",
        "price_unit": "G"
      },
      {
        "state": "QLD",
        "price": "530",
        "price_per_unit": "151",
        "price_unit": "G"
      },
      {
        "state": "WA",
        "price": "530",
        "price_per_unit": "151",
        "price_unit": "G"
      },
      {
        "state": "SA",
        "price": "530",
        "price_per_unit": "151",
        "price_unit": "G"
      },
      {
        "state": "TAS",
        "price": "350",
        "price_per_unit": "100",
        "price_unit": "G"
      },
      {
        "state": "NT",
        "price": "350",
        "price_per_unit": "100",
        "price_unit": "G"
      },
      {
        "state": "NT",
        "price": "350",
        "price_per_unit": "100",
        "price_unit": "G"
      }
    ]
  },
  {
    "source_url": "https://www.woolworths.com.au/shop/productdetails/159329/heinz-tortellini-three-cheese-pasta-with-creamy-mushroom-bacon",
    "name": "Heinz Tortellini Three Cheese Pasta With Creamy Mushroom & Bacon 350g",
    "image_url": "https://cdn1.woolworths.media/content/wowproductimages/large/159329.jpg",
    "source_id": "Woolworths - 159329",
    "barcode": "9300657243562",
    "shop": "Woolworths",
    "weight": "100G",
    "prices": [
      {
        "state": "VIC",
        "price": "530",
        "price_per_unit": "151",
        "price_unit": "G"
      },
      {
        "state": "QLD",
        "price": "530",
        "price_per_unit": "151",
        "price_unit": "G"
      },
      {
        "state": "WA",
        "price": "530",
        "price_per_unit": "151",
        "price_unit": "G"
      },
      {
        "state": "SA",
        "price": "530",
        "price_per_unit": "151",
        "price_unit": "G"
      },
      {
        "state": "TAS",
        "price": "350",
        "price_per_unit": "100",
        "price_unit": "G"
      },
      {
        "state": "ACT",
        "price": "350",
        "price_per_unit": "100",
        "price_unit": "G"
      },
      {
        "state": "NT",
        "price": "350",
        "price_per_unit": "100",
        "price_unit": "G"
      },
      {
        "state": "NT",
        "price": "350",
        "price_per_unit": "100",
        "price_unit": "G"
      }
    ]
  },
  {
    "source_url": "https://www.woolworths.com.au/shop/productdetails/322963/john-west-wild-caught-salmon-bowl-cherry-tomatoes-olives-risoni",
    "name": "John West Wild Caught Salmon Bowl Cherry Tomatoes Olives &Risoni 170g",
    "image_url": "https://cdn1.woolworths.media/content/wowproductimages/large/322963.jpg",
    "source_id": "Woolworths - 322963",
    "barcode": "9300462133843",
    "shop": "Woolworths",
    "weight": "1KG",
    "prices": [
      {
        "state": "VIC",
        "price": "480",
        "price_per_unit": "2824",
        "price_unit": "KG"
      },
      {
        "state": "QLD",
        "price": "480",
        "price_per_unit": "2824",
        "price_unit": "KG"
      },
      {
        "state": "WA",
        "price": "480",
        "price_per_unit": "2824",
        "price_unit": "KG"
      },
      {
        "state": "SA",
        "price": "480",
        "price_per_unit": "2824",
        "price_unit": "KG"
      },
      {
        "state": "TAS",
        "price": "480",
        "price_per_unit": "2824",
        "price_unit": "KG"
      },
      {
        "state": "NT",
        "price": "480",
        "price_per_unit": "2824",
        "price_unit": "KG"
      }
    ]
  },
  {
    "source_url": "https://www.woolworths.com.au/shop/productdetails/323507/john-west-wild-caught-salmon-bowl-coconut-chilli-lime-thai-rice",
    "name": "John West Wild Caught Salmon Bowl Coconut Chilli Lime &Thai Rice 170g",
    "image_url": "https://cdn1.woolworths.media/content/wowproductimages/large/323507.jpg",
    "source_id": "Woolworths - 323507",
    "barcode": "9300462133850",
    "shop": "Woolworths",
    "weight": "1KG",
    "prices": [
      {
        "state": "VIC",
        "price": "480",
        "price_per_unit": "2824",
        "price_unit": "KG"
      },
      {
        "state": "QLD",
        "price": "480",
        "price_per_unit": "2824",
        "price_unit": "KG"
      },
      {
        "state": "WA",
        "price": "480",
        "price_per_unit": "2824",
        "price_unit": "KG"
      },
      {
        "state": "SA",
        "price": "480",
        "price_per_unit": "2824",
        "price_unit": "KG"
      },
      {
        "state": "TAS",
        "price": "480",
        "price_per_unit": "2824",
        "price_unit": "KG"
      },
      {
        "state": "NT",
        "price": "480",
        "price_per_unit": "2824",
        "price_unit": "KG"
      }
    ]
  },
  {
    "source_url": "https://www.woolworths.com.au/shop/productdetails/323532/john-west-wild-caught-salmon-bowl-sweet-soy-vegetable-black-rice",
    "name": "John West Wild Caught Salmon Bowl Sweet Soy Vegetable Black Rice 170g",
    "image_url": "https://cdn1.woolworths.media/content/wowproductimages/large/323532.jpg",
    "source_id": "Woolworths - 323532",
    "barcode": "9300462133867",
    "shop": "Woolworths",
    "weight": "1KG",
    "prices": [
      {
        "state": "VIC",
        "price": "480",
        "price_per_unit": "2824",
        "price_unit": "KG"
      },
      {
        "state": "QLD",
        "price": "480",
        "price_per_unit": "2824",
        "price_unit": "KG"
      },
      {
        "state": "WA",
        "price": "480",
        "price_per_unit": "2824",
        "price_unit": "KG"
      },
      {
        "state": "SA",
        "price": "480",
        "price_per_unit": "2824",
        "price_unit": "KG"
      },
      {
        "state": "TAS",
        "price": "480",
        "price_per_unit": "2824",
        "price_unit": "KG"
      },
      {
        "state": "NT",
        "price": "480",
        "price_per_unit": "2824",
        "price_unit": "KG"
      }
    ]
  },
  {
    "source_url": "https://www.woolworths.com.au/shop/productdetails/342678/ainsley-harriott-cous-cous-roasted-vegetable",
    "name": "Ainsley Harriott Cous Cous Roasted Vegetable 100g",
    "image_url": "https://cdn1.woolworths.media/content/wowproductimages/large/342678.jpg",
    "source_id": "Woolworths - 342678",
    "barcode": "5050665005983",
    "shop": "Woolworths",
    "weight": "100G",
    "prices": [
      {
        "state": "VIC",
        "price": "180",
        "price_per_unit": "180",
        "price_unit": "G"
      },
      {
        "state": "QLD",
        "price": "180",
        "price_per_unit": "180",
        "price_unit": "G"
      },
      {
        "state": "WA",
        "price": "180",
        "price_per_unit": "180",
        "price_unit": "G"
      },
      {
        "state": "SA",
        "price": "180",
        "price_per_unit": "180",
        "price_unit": "G"
      },
      {
        "state": "TAS",
        "price": "260",
        "price_per_unit": "260",
        "price_unit": "G"
      },
      {
        "state": "ACT",
        "price": "260",
        "price_per_unit": "260",
        "price_unit": "G"
      },
      {
        "state": "NT",
        "price": "260",
        "price_per_unit": "260",
        "price_unit": "G"
      }
    ]
  },
  {
    "source_url": "https://www.woolworths.com.au/shop/productdetails/479743/ainsley-harriott-cous-cous-spice-sensation",
    "name": "Ainsley Harriott Cous Cous Spice Sensation 100g",
    "image_url": "https://cdn1.woolworths.media/content/wowproductimages/large/479743.jpg",
    "source_id": "Woolworths - 479743",
    "barcode": "5050665005945",
    "shop": "Woolworths",
    "weight": "100G",
    "prices": [
      {
        "state": "VIC",
        "price": "180",
        "price_per_unit": "180",
        "price_unit": "G"
      },
      {
        "state": "QLD",
        "price": "180",
        "price_per_unit": "180",
        "price_unit": "G"
      },
      {
        "state": "WA",
        "price": "180",
        "price_per_unit": "180",
        "price_unit": "G"
      },
      {
        "state": "SA",
        "price": "180",
        "price_per_unit": "180",
        "price_unit": "G"
      },
      {
        "state": "TAS",
        "price": "260",
        "price_per_unit": "260",
        "price_unit": "G"
      },
      {
        "state": "ACT",
        "price": "260",
        "price_per_unit": "260",
        "price_unit": "G"
      },
      {
        "state": "NT",
        "price": "260",
        "price_per_unit": "260",
        "price_unit": "G"
      }
    ]
  },
  {
    "source_url": "https://www.woolworths.com.au/shop/productdetails/342669/ainsley-harriott-couscous-moroccan-medley",
    "name": "Ainsley Harriott Couscous Moroccan Medley 100g",
    "image_url": "https://cdn1.woolworths.media/content/wowproductimages/large/342669.jpg",
    "source_id": "Woolworths - 342669",
    "barcode": "5050665006003",
    "shop": "Woolworths",
    "weight": "100G",
    "prices": [
      {
        "state": "VIC",
        "price": "180",
        "price_per_unit": "180",
        "price_unit": "G"
      },
      {
        "state": "QLD",
        "price": "180",
        "price_per_unit": "180",
        "price_unit": "G"
      },
      {
        "state": "WA",
        "price": "180",
        "price_per_unit": "180",
        "price_unit": "G"
      },
      {
        "state": "SA",
        "price": "180",
        "price_per_unit": "180",
        "price_unit": "G"
      },
      {
        "state": "TAS",
        "price": "180",
        "price_per_unit": "180",
        "price_unit": "G"
      },
      {
        "state": "ACT",
        "price": "260",
        "price_per_unit": "260",
        "price_unit": "G"
      },
      {
        "state": "NT",
        "price": "260",
        "price_per_unit": "260",
        "price_unit": "G"
      }
    ]
  },
  {
    "source_url": "https://www.woolworths.com.au/shop/productdetails/450544/ainsley-harriott-couscous-sundried-tomato-garlic",
    "name": "Ainsley Harriott Couscous Sundried Tomato & Garlic 100g",
    "image_url": "https://cdn1.woolworths.media/content/wowproductimages/large/450544.jpg",
    "source_id": "Woolworths - 450544",
    "barcode": "5050665005969",
    "shop": "Woolworths",
    "weight": "100G",
    "prices": [
      {
        "state": "VIC",
        "price": "180",
        "price_per_unit": "180",
        "price_unit": "G"
      },
      {
        "state": "QLD",
        "price": "180",
        "price_per_unit": "180",
        "price_unit": "G"
      },
      {
        "state": "WA",
        "price": "180",
        "price_per_unit": "180",
        "price_unit": "G"
      },
      {
        "state": "SA",
        "price": "180",
        "price_per_unit": "180",
        "price_unit": "G"
      },
      {
        "state": "TAS",
        "price": "180",
        "price_per_unit": "180",
        "price_unit": "G"
      },
      {
        "state": "ACT",
        "price": "260",
        "price_per_unit": "260",
        "price_unit": "G"
      },
      {
        "state": "NT",
        "price": "260",
        "price_per_unit": "260",
        "price_unit": "G"
      }
    ]
  },
  {
    "source_url": "https://www.woolworths.com.au/shop/productdetails/693152/kraft-mac-cheese-macaroni-pasta-original-noodles",
    "name": "Kraft Mac & Cheese Macaroni Pasta Original Noodles 205g",
    "image_url": "https://cdn1.woolworths.media/content/wowproductimages/large/693152.jpg",
    "source_id": "Woolworths - 693152",
    "barcode": "9300657660352",
    "shop": "Woolworths",
    "weight": "100G",
    "prices": [
      {
        "state": "VIC",
        "price": "350",
        "price_per_unit": "171",
        "price_unit": "G"
      },
      {
        "state": "QLD",
        "price": "350",
        "price_per_unit": "171",
        "price_unit": "G"
      },
      {
        "state": "WA",
        "price": "350",
        "price_per_unit": "171",
        "price_unit": "G"
      },
      {
        "state": "SA",
        "price": "350",
        "price_per_unit": "171",
        "price_unit": "G"
      },
      {
        "state": "TAS",
        "price": "350",
        "price_per_unit": "171",
        "price_unit": "G"
      },
      {
        "state": "ACT",
        "price": "350",
        "price_per_unit": "171",
        "price_unit": "G"
      },
      {
        "state": "ACT",
        "price": "350",
        "price_per_unit": "171",
        "price_unit": "G"
      },
      {
        "state": "NT",
        "price": "350",
        "price_per_unit": "171",
        "price_unit": "G"
      }
    ]
  },
  {
    "source_url": "https://www.woolworths.com.au/shop/productdetails/21128/kraft-mac-cheese-macaroni-pasta-three-cheese-instant-noodles",
    "name": "Kraft Mac & Cheese Macaroni Pasta Three Cheese Instant Noodles 205g",
    "image_url": "https://cdn1.woolworths.media/content/wowproductimages/large/021128.jpg",
    "source_id": "Woolworths - 21128",
    "barcode": "9300657660925",
    "shop": "Woolworths",
    "weight": "100G",
    "prices": [
      {
        "state": "VIC",
        "price": "350",
        "price_per_unit": "171",
        "price_unit": "G"
      },
      {
        "state": "QLD",
        "price": "350",
        "price_per_unit": "171",
        "price_unit": "G"
      },
      {
        "state": "WA",
        "price": "350",
        "price_per_unit": "171",
        "price_unit": "G"
      },
      {
        "state": "SA",
        "price": "350",
        "price_per_unit": "171",
        "price_unit": "G"
      },
      {
        "state": "TAS",
        "price": "350",
        "price_per_unit": "171",
        "price_unit": "G"
      },
      {
        "state": "ACT",
        "price": "350",
        "price_per_unit": "171",
        "price_unit": "G"
      },
      {
        "state": "ACT",
        "price": "350",
        "price_per_unit": "171",
        "price_unit": "G"
      },
      {
        "state": "NT",
        "price": "350",
        "price_per_unit": "171",
        "price_unit": "G"
      }
    ]
  },
  {
    "source_url": "https://www.woolworths.com.au/shop/productdetails/167302/kraft-vegan-mac-cheese-macaroni-pasta-instant-noodles-cheese",
    "name": "Kraft Vegan Mac & Cheese Macaroni Pasta Instant Noodles Cheese 150g",
    "image_url": "https://cdn1.woolworths.media/content/wowproductimages/large/167302.jpg",
    "source_id": "Woolworths - 167302",
    "barcode": "9300657660987",
    "shop": "Woolworths",
    "weight": "100G",
    "prices": [
      {
        "state": "VIC",
        "price": "450",
        "price_per_unit": "300",
        "price_unit": "G"
      },
      {
        "state": "QLD",
        "price": "450",
        "price_per_unit": "300",
        "price_unit": "G"
      },
      {
        "state": "WA",
        "price": "450",
        "price_per_unit": "300",
        "price_unit": "G"
      },
      {
        "state": "SA",
        "price": "450",
        "price_per_unit": "300",
        "price_unit": "G"
      },
      {
        "state": "TAS",
        "price": "450",
        "price_per_unit": "300",
        "price_unit": "G"
      },
      {
        "state": "ACT",
        "price": "450",
        "price_per_unit": "300",
        "price_unit": "G"
      },
      {
        "state": "ACT",
        "price": "450",
        "price_per_unit": "300",
        "price_unit": "G"
      },
      {
        "state": "NT",
        "price": "450",
        "price_per_unit": "300",
        "price_unit": "G"
      }
    ]
  },
  {
    "source_url": "https://www.woolworths.com.au/shop/productdetails/277597/la-zuppa-one-pot-dish-sweet-potato-dahl-with-coconut-turmeric",
    "name": "La Zuppa One-Pot-Dish Sweet Potato Dahl With Coconut & Turmeric 300g",
    "image_url": "https://cdn1.woolworths.media/content/wowproductimages/large/277597.jpg",
    "source_id": "Woolworths - 277597",
    "barcode": "9300637508469",
    "shop": "Woolworths",
    "weight": "100G",
    "prices": [
      {
        "state": "VIC",
        "price": "540",
        "price_per_unit": "180",
        "price_unit": "G"
      },
      {
        "state": "QLD",
        "price": "540",
        "price_per_unit": "180",
        "price_unit": "G"
      },
      {
        "state": "WA",
        "price": "540",
        "price_per_unit": "180",
        "price_unit": "G"
      },
      {
        "state": "SA",
        "price": "540",
        "price_per_unit": "180",
        "price_unit": "G"
      },
      {
        "state": "TAS",
        "price": "540",
        "price_per_unit": "180",
        "price_unit": "G"
      },
      {
        "state": "ACT",
        "price": "540",
        "price_per_unit": "180",
        "price_unit": "G"
      },
      {
        "state": "NT",
        "price": "540",
        "price_per_unit": "180",
        "price_unit": "G"
      }
    ]
  },
  {
    "source_url": "https://www.woolworths.com.au/shop/productdetails/277756/la-zuppa-one-pot-dish-thai-red-curry-with-chickpea-pumpkin",
    "name": "La Zuppa One-Pot-Dish Thai Red Curry With Chickpea & Pumpkin 300g",
    "image_url": "https://cdn1.woolworths.media/content/wowproductimages/large/277756.jpg",
    "source_id": "Woolworths - 277756",
    "barcode": "9300637508452",
    "shop": "Woolworths",
    "weight": "100G",
    "prices": [
      {
        "state": "VIC",
        "price": "540",
        "price_per_unit": "180",
        "price_unit": "G"
      },
      {
        "state": "QLD",
        "price": "540",
        "price_per_unit": "180",
        "price_unit": "G"
      },
      {
        "state": "WA",
        "price": "540",
        "price_per_unit": "180",
        "price_unit": "G"
      },
      {
        "state": "SA",
        "price": "540",
        "price_per_unit": "180",
        "price_unit": "G"
      },
      {
        "state": "TAS",
        "price": "540",
        "price_per_unit": "180",
        "price_unit": "G"
      },
      {
        "state": "ACT",
        "price": "540",
        "price_per_unit": "180",
        "price_unit": "G"
      },
      {
        "state": "NT",
        "price": "540",
        "price_per_unit": "180",
        "price_unit": "G"
      }
    ]
  },
  {
    "source_url": "https://www.woolworths.com.au/shop/productdetails/109137/mug-shot-creamy-cheese-pasta",
    "name": "Mug Shot Creamy Cheese Pasta 68g",
    "image_url": "https://cdn1.woolworths.media/content/wowproductimages/large/109137.jpg",
    "source_id": "Woolworths - 109137",
    "barcode": "5050665045576",
    "shop": "Woolworths",
    "weight": "100G",
    "prices": [
      {
        "state": "VIC",
        "price": "130",
        "price_per_unit": "191",
        "price_unit": "G"
      },
      {
        "state": "QLD",
        "price": "130",
        "price_per_unit": "191",
        "price_unit": "G"
      },
      {
        "state": "WA",
        "price": "130",
        "price_per_unit": "191",
        "price_unit": "G"
      },
      {
        "state": "SA",
        "price": "130",
        "price_per_unit": "191",
        "price_unit": "G"
      },
      {
        "state": "TAS",
        "price": "130",
        "price_per_unit": "191",
        "price_unit": "G"
      },
      {
        "state": "ACT",
        "price": "130",
        "price_per_unit": "191",
        "price_unit": "G"
      },
      {
        "state": "NT",
        "price": "130",
        "price_per_unit": "191",
        "price_unit": "G"
      }
    ]
  },
  {
    "source_url": "https://www.woolworths.com.au/shop/productdetails/218913/mug-shot-pasta-roast-chicken-flavour",
    "name": "Mug Shot Pasta Roast Chicken Flavour 55g",
    "image_url": "https://cdn1.woolworths.media/content/wowproductimages/large/218913.jpg",
    "source_id": "Woolworths - 218913",
    "barcode": "5050665047723",
    "shop": "Woolworths",
    "weight": "100G",
    "prices": [
      {
        "state": "VIC",
        "price": "130",
        "price_per_unit": "236",
        "price_unit": "G"
      },
      {
        "state": "QLD",
        "price": "130",
        "price_per_unit": "236",
        "price_unit": "G"
      },
      {
        "state": "WA",
        "price": "130",
        "price_per_unit": "236",
        "price_unit": "G"
      },
      {
        "state": "ACT",
        "price": "130",
        "price_per_unit": "236",
        "price_unit": "G"
      },
      {
        "state": "NT",
        "price": "130",
        "price_per_unit": "236",
        "price_unit": "G"
      }
    ]
  },
  {
    "source_url": "https://www.woolworths.com.au/shop/productdetails/108509/mug-shot-tomato-herb-pasta",
    "name": "Mug Shot Tomato & Herb Pasta 64g",
    "image_url": "https://cdn1.woolworths.media/content/wowproductimages/large/108509.jpg",
    "source_id": "Woolworths - 108509",
    "barcode": "5050665045590",
    "shop": "Woolworths",
    "weight": "100G",
    "prices": [
      {
        "state": "VIC",
        "price": "130",
        "price_per_unit": "203",
        "price_unit": "G"
      },
      {
        "state": "QLD",
        "price": "130",
        "price_per_unit": "203",
        "price_unit": "G"
      },
      {
        "state": "WA",
        "price": "130",
        "price_per_unit": "203",
        "price_unit": "G"
      },
      {
        "state": "SA",
        "price": "130",
        "price_per_unit": "203",
        "price_unit": "G"
      },
      {
        "state": "TAS",
        "price": "130",
        "price_per_unit": "203",
        "price_unit": "G"
      },
      {
        "state": "ACT",
        "price": "130",
        "price_per_unit": "203",
        "price_unit": "G"
      },
      {
        "state": "NT",
        "price": "130",
        "price_per_unit": "203",
        "price_unit": "G"
      }
    ]
  },
  {
    "source_url": "https://www.woolworths.com.au/shop/productdetails/159214/passage-to-asia-veg-curry-bowl-malaysian-satay-with-jasmine-rice",
    "name": "Passage To Asia Veg Curry Bowl Malaysian Satay With Jasmine Rice 280G",
    "image_url": "https://cdn1.woolworths.media/content/wowproductimages/large/159214.jpg",
    "source_id": "Woolworths - 159214",
    "barcode": "9334279006229",
    "shop": "Woolworths",
    "weight": "100G",
    "prices": [
      {
        "state": "VIC",
        "price": "275",
        "price_per_unit": "98",
        "price_unit": "G"
      },
      {
        "state": "QLD",
        "price": "275",
        "price_per_unit": "98",
        "price_unit": "G"
      },
      {
        "state": "WA",
        "price": "275",
        "price_per_unit": "98",
        "price_unit": "G"
      },
      {
        "state": "SA",
        "price": "275",
        "price_per_unit": "98",
        "price_unit": "G"
      },
      {
        "state": "TAS",
        "price": "275",
        "price_per_unit": "98",
        "price_unit": "G"
      },
      {
        "state": "ACT",
        "price": "550",
        "price_per_unit": "196",
        "price_unit": "G"
      },
      {
        "state": "NT",
        "price": "550",
        "price_per_unit": "196",
        "price_unit": "G"
      }
    ]
  },
  {
    "source_url": "https://www.woolworths.com.au/shop/productdetails/159227/passage-to-asia-veg-curry-bowl-thai-green-curry-with-jasmine-rice",
    "name": "Passage To Asia Veg Curry Bowl Thai Green Curry With Jasmine Rice 280G",
    "image_url": "https://cdn1.woolworths.media/content/wowproductimages/large/159227.jpg",
    "source_id": "Woolworths - 159227",
    "barcode": "9334279006212",
    "shop": "Woolworths",
    "weight": "100G",
    "prices": [
      {
        "state": "SA",
        "price": "275",
        "price_per_unit": "98",
        "price_unit": "G"
      },
      null,
      {
        "state": "ACT",
        "price": "550",
        "price_per_unit": "196",
        "price_unit": "G"
      },
      {
        "state": "NT",
        "price": "550",
        "price_per_unit": "196",
        "price_unit": "G"
      }
    ]
  },
  {
    "source_url": "https://www.woolworths.com.au/shop/productdetails/88583/passage-to-india-veg-curry-bowl-butter-masala-with-rice",
    "name": "Passage To India Veg Curry Bowl Butter Masala With Rice 280G",
    "image_url": "https://cdn1.woolworths.media/content/wowproductimages/large/088583.jpg",
    "source_id": "Woolworths - 88583",
    "barcode": "9334279006458",
    "shop": "Woolworths",
    "weight": "100G",
    "prices": [
      {
        "state": "SA",
        "price": "275",
        "price_per_unit": "98",
        "price_unit": "G"
      },
      null,
      {
        "state": "ACT",
        "price": "550",
        "price_per_unit": "196",
        "price_unit": "G"
      },
      {
        "state": "NT",
        "price": "550",
        "price_per_unit": "196",
        "price_unit": "G"
      }
    ]
  },
  {
    "source_url": "https://www.woolworths.com.au/shop/productdetails/183695/rice-a-riso-flavoured-rice-chicken",
    "name": "Rice A Riso Flavoured Rice Chicken 180g",
    "image_url": "https://cdn1.woolworths.media/content/wowproductimages/large/183695.jpg",
    "source_id": "Woolworths - 183695",
    "barcode": "9300683076028",
    "shop": "Woolworths",
    "weight": "100G",
    "prices": [
      {
        "state": "VIC",
        "price": "220",
        "price_per_unit": "122",
        "price_unit": "G"
      },
      {
        "state": "QLD",
        "price": "220",
        "price_per_unit": "122",
        "price_unit": "G"
      },
      {
        "state": "WA",
        "price": "220",
        "price_per_unit": "122",
        "price_unit": "G"
      },
      {
        "state": "SA",
        "price": "220",
        "price_per_unit": "122",
        "price_unit": "G"
      },
      {
        "state": "TAS",
        "price": "220",
        "price_per_unit": "122",
        "price_unit": "G"
      },
      {
        "state": "ACT",
        "price": "220",
        "price_per_unit": "122",
        "price_unit": "G"
      },
      {
        "state": "NT",
        "price": "220",
        "price_per_unit": "122",
        "price_unit": "G"
      }
    ]
  },
  {
    "source_url": "https://www.woolworths.com.au/shop/productdetails/700692/san-remo-la-pasta-alfredo",
    "name": "San Remo La Pasta Alfredo 160g",
    "image_url": "https://cdn1.woolworths.media/content/wowproductimages/large/700692.jpg",
    "source_id": "Woolworths - 700692",
    "barcode": "9310155001823",
    "shop": "Woolworths",
    "weight": "100G",
    "prices": [
      {
        "state": "VIC",
        "price": "250",
        "price_per_unit": "156",
        "price_unit": "G"
      },
      {
        "state": "QLD",
        "price": "250",
        "price_per_unit": "156",
        "price_unit": "G"
      },
      {
        "state": "WA",
        "price": "250",
        "price_per_unit": "156",
        "price_unit": "G"
      },
      {
        "state": "SA",
        "price": "250",
        "price_per_unit": "156",
        "price_unit": "G"
      },
      {
        "state": "TAS",
        "price": "250",
        "price_per_unit": "156",
        "price_unit": "G"
      },
      {
        "state": "ACT",
        "price": "250",
        "price_per_unit": "156",
        "price_unit": "G"
      },
      {
        "state": "NT",
        "price": "250",
        "price_per_unit": "156",
        "price_unit": "G"
      }
    ]
  },
  {
    "source_url": "https://www.woolworths.com.au/shop/productdetails/700713/san-remo-la-pasta-carbonara",
    "name": "San Remo La Pasta Carbonara 160g",
    "image_url": "https://cdn1.woolworths.media/content/wowproductimages/large/700713.jpg",
    "source_id": "Woolworths - 700713",
    "barcode": "9310155001755",
    "shop": "Woolworths",
    "weight": "100G",
    "prices": [
      {
        "state": "VIC",
        "price": "250",
        "price_per_unit": "156",
        "price_unit": "G"
      },
      {
        "state": "QLD",
        "price": "250",
        "price_per_unit": "156",
        "price_unit": "G"
      },
      {
        "state": "WA",
        "price": "250",
        "price_per_unit": "156",
        "price_unit": "G"
      },
      {
        "state": "SA",
        "price": "250",
        "price_per_unit": "156",
        "price_unit": "G"
      },
      {
        "state": "TAS",
        "price": "250",
        "price_per_unit": "156",
        "price_unit": "G"
      },
      {
        "state": "ACT",
        "price": "250",
        "price_per_unit": "156",
        "price_unit": "G"
      },
      {
        "state": "NT",
        "price": "250",
        "price_per_unit": "156",
        "price_unit": "G"
      }
    ]
  },
  {
    "source_url": "https://www.woolworths.com.au/shop/productdetails/96607/san-remo-la-pasta-chicken-curry-single-snack",
    "name": "San Remo La Pasta Chicken Curry Single Snack 80g",
    "image_url": "https://cdn1.woolworths.media/content/wowproductimages/large/096607.jpg",
    "source_id": "Woolworths - 96607",
    "barcode": "9310155000857",
    "shop": "Woolworths",
    "weight": "100G",
    "prices": [
      {
        "state": "VIC",
        "price": "140",
        "price_per_unit": "175",
        "price_unit": "G"
      },
      {
        "state": "QLD",
        "price": "140",
        "price_per_unit": "175",
        "price_unit": "G"
      },
      {
        "state": "WA",
        "price": "140",
        "price_per_unit": "175",
        "price_unit": "G"
      },
      {
        "state": "SA",
        "price": "140",
        "price_per_unit": "175",
        "price_unit": "G"
      },
      {
        "state": "TAS",
        "price": "140",
        "price_per_unit": "175",
        "price_unit": "G"
      },
      {
        "state": "ACT",
        "price": "140",
        "price_per_unit": "175",
        "price_unit": "G"
      },
      {
        "state": "NT",
        "price": "140",
        "price_per_unit": "175",
        "price_unit": "G"
      }
    ]
  },
  {
    "source_url": "https://www.woolworths.com.au/shop/productdetails/700712/san-remo-la-pasta-creamy-bacon",
    "name": "San Remo La Pasta Creamy Bacon 160g",
    "image_url": "https://cdn1.woolworths.media/content/wowproductimages/large/700712.jpg",
    "source_id": "Woolworths - 700712",
    "barcode": "9310155001830",
    "shop": "Woolworths",
    "weight": "100G",
    "prices": [
      {
        "state": "VIC",
        "price": "250",
        "price_per_unit": "156",
        "price_unit": "G"
      },
      {
        "state": "QLD",
        "price": "250",
        "price_per_unit": "156",
        "price_unit": "G"
      },
      {
        "state": "WA",
        "price": "250",
        "price_per_unit": "156",
        "price_unit": "G"
      },
      {
        "state": "SA",
        "price": "250",
        "price_per_unit": "156",
        "price_unit": "G"
      },
      {
        "state": "TAS",
        "price": "250",
        "price_per_unit": "156",
        "price_unit": "G"
      },
      {
        "state": "ACT",
        "price": "250",
        "price_per_unit": "156",
        "price_unit": "G"
      },
      {
        "state": "NT",
        "price": "250",
        "price_per_unit": "156",
        "price_unit": "G"
      }
    ]
  },
  {
    "source_url": "https://www.woolworths.com.au/shop/productdetails/700721/san-remo-la-pasta-macaroni-cheese",
    "name": "San Remo La Pasta Macaroni Cheese 160g",
    "image_url": "https://cdn1.woolworths.media/content/wowproductimages/large/700721.jpg",
    "source_id": "Woolworths - 700721",
    "barcode": "9310155001748",
    "shop": "Woolworths",
    "weight": "100G",
    "prices": [
      {
        "state": "VIC",
        "price": "250",
        "price_per_unit": "156",
        "price_unit": "G"
      },
      {
        "state": "QLD",
        "price": "250",
        "price_per_unit": "156",
        "price_unit": "G"
      },
      {
        "state": "WA",
        "price": "250",
        "price_per_unit": "156",
        "price_unit": "G"
      },
      {
        "state": "SA",
        "price": "250",
        "price_per_unit": "156",
        "price_unit": "G"
      },
      {
        "state": "TAS",
        "price": "250",
        "price_per_unit": "156",
        "price_unit": "G"
      },
      {
        "state": "ACT",
        "price": "250",
        "price_per_unit": "156",
        "price_unit": "G"
      },
      {
        "state": "NT",
        "price": "250",
        "price_per_unit": "156",
        "price_unit": "G"
      }
    ]
  },
  {
    "source_url": "https://www.woolworths.com.au/shop/productdetails/219575/sirena-brown-rice-quinoa-with-chicken",
    "name": "Sirena Brown Rice & Quinoa With Chicken 190g",
    "image_url": "https://cdn1.woolworths.media/content/wowproductimages/large/219575.jpg",
    "source_id": "Woolworths - 219575",
    "barcode": "9350177000732",
    "shop": "Woolworths",
    "weight": "100G",
    "prices": [
      {
        "state": "VIC",
        "price": "330",
        "price_per_unit": "174",
        "price_unit": "G"
      },
      {
        "state": "QLD",
        "price": "330",
        "price_per_unit": "174",
        "price_unit": "G"
      },
      {
        "state": "WA",
        "price": "330",
        "price_per_unit": "174",
        "price_unit": "G"
      },
      {
        "state": "SA",
        "price": "330",
        "price_per_unit": "174",
        "price_unit": "G"
      },
      {
        "state": "TAS",
        "price": "430",
        "price_per_unit": "226",
        "price_unit": "G"
      },
      {
        "state": "ACT",
        "price": "430",
        "price_per_unit": "226",
        "price_unit": "G"
      },
      {
        "state": "NT",
        "price": "450",
        "price_per_unit": "237",
        "price_unit": "G"
      }
    ]
  },
  {
    "source_url": "https://www.woolworths.com.au/shop/productdetails/747667/sirena-chicken-korean-style-rice",
    "name": "Sirena Chicken Korean Style Rice 190g",
    "image_url": "https://cdn1.woolworths.media/content/wowproductimages/large/747667.jpg",
    "source_id": "Woolworths - 747667",
    "barcode": "9350177001050",
    "shop": "Woolworths",
    "weight": "100G",
    "prices": [
      {
        "state": "VIC",
        "price": "330",
        "price_per_unit": "174",
        "price_unit": "G"
      },
      {
        "state": "QLD",
        "price": "330",
        "price_per_unit": "174",
        "price_unit": "G"
      },
      {
        "state": "WA",
        "price": "330",
        "price_per_unit": "174",
        "price_unit": "G"
      },
      {
        "state": "SA",
        "price": "330",
        "price_per_unit": "174",
        "price_unit": "G"
      },
      {
        "state": "TAS",
        "price": "430",
        "price_per_unit": "226",
        "price_unit": "G"
      },
      {
        "state": "ACT",
        "price": "430",
        "price_per_unit": "226",
        "price_unit": "G"
      },
      {
        "state": "NT",
        "price": "450",
        "price_per_unit": "237",
        "price_unit": "G"
      }
    ]
  },
  {
    "source_url": "https://www.woolworths.com.au/shop/productdetails/840247/sirena-chicken-pad-thai-noodles",
    "name": "Sirena Chicken Pad Thai Noodles 190g",
    "image_url": "https://cdn1.woolworths.media/content/wowproductimages/large/840247.jpg",
    "source_id": "Woolworths - 840247",
    "barcode": "9350177001104",
    "shop": "Woolworths",
    "weight": "100G",
    "prices": [
      {
        "state": "VIC",
        "price": "330",
        "price_per_unit": "174",
        "price_unit": "G"
      },
      {
        "state": "QLD",
        "price": "330",
        "price_per_unit": "174",
        "price_unit": "G"
      },
      {
        "state": "WA",
        "price": "330",
        "price_per_unit": "174",
        "price_unit": "G"
      },
      {
        "state": "SA",
        "price": "330",
        "price_per_unit": "174",
        "price_unit": "G"
      },
      {
        "state": "TAS",
        "price": "430",
        "price_per_unit": "226",
        "price_unit": "G"
      },
      {
        "state": "ACT",
        "price": "430",
        "price_per_unit": "226",
        "price_unit": "G"
      },
      {
        "state": "NT",
        "price": "450",
        "price_per_unit": "237",
        "price_unit": "G"
      }
    ]
  },
  {
    "source_url": "https://www.woolworths.com.au/shop/productdetails/663120/south-australian-gourmet-food-company-pepper-steak-casserole-meal",
    "name": "South Australian Gourmet Food Company Pepper Steak Casserole Meal 300g",
    "image_url": "https://cdn1.woolworths.media/content/wowproductimages/large/663120.jpg",
    "source_id": "Woolworths - 663120",
    "barcode": "9310768115436",
    "shop": "Woolworths",
    "weight": "100G",
    "prices": [
      {
        "state": "VIC",
        "price": "200",
        "price_per_unit": "67",
        "price_unit": "G"
      },
      {
        "state": "QLD",
        "price": "200",
        "price_per_unit": "67",
        "price_unit": "G"
      },
      {
        "state": "WA",
        "price": "200",
        "price_per_unit": "67",
        "price_unit": "G"
      },
      {
        "state": "SA",
        "price": "200",
        "price_per_unit": "67",
        "price_unit": "G"
      },
      {
        "state": "TAS",
        "price": "400",
        "price_per_unit": "133",
        "price_unit": "G"
      },
      {
        "state": "ACT",
        "price": "400",
        "price_per_unit": "133",
        "price_unit": "G"
      },
      {
        "state": "NT",
        "price": "420",
        "price_per_unit": "140",
        "price_unit": "G"
      }
    ]
  },
  {
    "source_url": "https://www.woolworths.com.au/shop/productdetails/322452/tipiak-mediterranean-grains-garlic-cous-cous",
    "name": "Tipiak Mediterranean Grains Garlic Cous Cous 145g",
    "image_url": "https://cdn1.woolworths.media/content/wowproductimages/large/322452.jpg",
    "source_id": "Woolworths - 322452",
    "barcode": "3600900022439",
    "shop": "Woolworths",
    "weight": "100G",
    "prices": [
      {
        "state": "VIC",
        "price": "260",
        "price_per_unit": "179",
        "price_unit": "G"
      },
      {
        "state": "QLD",
        "price": "260",
        "price_per_unit": "179",
        "price_unit": "G"
      },
      {
        "state": "WA",
        "price": "260",
        "price_per_unit": "179",
        "price_unit": "G"
      },
      {
        "state": "SA",
        "price": "260",
        "price_per_unit": "179",
        "price_unit": "G"
      },
      {
        "state": "TAS",
        "price": "260",
        "price_per_unit": "179",
        "price_unit": "G"
      },
      {
        "state": "ACT",
        "price": "395",
        "price_per_unit": "272",
        "price_unit": "G"
      },
      {
        "state": "NT",
        "price": "260",
        "price_per_unit": "179",
        "price_unit": "G"
      }
    ]
  },
  {
    "source_url": "https://www.woolworths.com.au/shop/productdetails/913592/well-good-vegan-bolognese-with-macaroni",
    "name": "Well & Good Vegan Bolognese With Macaroni 110g",
    "image_url": "https://cdn1.woolworths.media/content/wowproductimages/large/913592.jpg",
    "source_id": "Woolworths - 913592",
    "barcode": "9337096101610",
    "shop": "Woolworths",
    "weight": "100G",
    "prices": [
      {
        "state": "VIC",
        "price": "450",
        "price_per_unit": "409",
        "price_unit": "G"
      },
      {
        "state": "QLD",
        "price": "450",
        "price_per_unit": "409",
        "price_unit": "G"
      },
      {
        "state": "WA",
        "price": "450",
        "price_per_unit": "409",
        "price_unit": "G"
      },
      {
        "state": "TAS",
        "price": "450",
        "price_per_unit": "409",
        "price_unit": "G"
      },
      {
        "state": "ACT",
        "price": "450",
        "price_per_unit": "409",
        "price_unit": "G"
      },
      {
        "state": "NT",
        "price": "450",
        "price_per_unit": "409",
        "price_unit": "G"
      }
    ]
  },
  {
    "source_url": "https://www.woolworths.com.au/shop/productdetails/635739/wokka-noodle-box-green-curry",
    "name": "Wokka Noodle Box Green Curry 350g",
    "image_url": "https://cdn1.woolworths.media/content/wowproductimages/large/635739.jpg",
    "source_id": "Woolworths - 635739",
    "barcode": "9310560024332",
    "shop": "Woolworths",
    "weight": "100G",
    "prices": [
      {
        "state": "VIC",
        "price": "300",
        "price_per_unit": "86",
        "price_unit": "G"
      },
      {
        "state": "QLD",
        "price": "300",
        "price_per_unit": "86",
        "price_unit": "G"
      },
      {
        "state": "WA",
        "price": "300",
        "price_per_unit": "86",
        "price_unit": "G"
      },
      {
        "state": "TAS",
        "price": "300",
        "price_per_unit": "86",
        "price_unit": "G"
      },
      {
        "state": "ACT",
        "price": "300",
        "price_per_unit": "86",
        "price_unit": "G"
      },
      {
        "state": "NT",
        "price": "525",
        "price_per_unit": "150",
        "price_unit": "G"
      }
    ]
  },
  {
    "source_url": "https://www.woolworths.com.au/shop/productdetails/647412/wokka-noodle-box-honey-soy",
    "name": "Wokka Noodle Box Honey Soy 350g",
    "image_url": "https://cdn1.woolworths.media/content/wowproductimages/large/647412.jpg",
    "source_id": "Woolworths - 647412",
    "barcode": "9310560024325",
    "shop": "Woolworths",
    "weight": "100G",
    "prices": [
      {
        "state": "VIC",
        "price": "500",
        "price_per_unit": "143",
        "price_unit": "G"
      },
      {
        "state": "QLD",
        "price": "500",
        "price_per_unit": "143",
        "price_unit": "G"
      },
      {
        "state": "WA",
        "price": "500",
        "price_per_unit": "143",
        "price_unit": "G"
      },
      {
        "state": "TAS",
        "price": "500",
        "price_per_unit": "143",
        "price_unit": "G"
      },
      {
        "state": "ACT",
        "price": "500",
        "price_per_unit": "143",
        "price_unit": "G"
      },
      {
        "state": "NT",
        "price": "525",
        "price_per_unit": "150",
        "price_unit": "G"
      }
    ]
  },
  {
    "source_url": "https://www.woolworths.com.au/shop/productdetails/641294/wokka-noodle-box-pad-thai",
    "name": "Wokka Noodle Box Pad Thai 350g",
    "image_url": "https://cdn1.woolworths.media/content/wowproductimages/large/641294.jpg",
    "source_id": "Woolworths - 641294",
    "barcode": "9310560024349",
    "shop": "Woolworths",
    "weight": "100G",
    "prices": [
      {
        "state": "VIC",
        "price": "500",
        "price_per_unit": "143",
        "price_unit": "G"
      },
      {
        "state": "QLD",
        "price": "500",
        "price_per_unit": "143",
        "price_unit": "G"
      },
      {
        "state": "WA",
        "price": "500",
        "price_per_unit": "143",
        "price_unit": "G"
      },
      {
        "state": "TAS",
        "price": "500",
        "price_per_unit": "143",
        "price_unit": "G"
      },
      {
        "state": "ACT",
        "price": "500",
        "price_per_unit": "143",
        "price_unit": "G"
      },
      {
        "state": "NT",
        "price": "525",
        "price_per_unit": "150",
        "price_unit": "G"
      }
    ]
  },
  {
    "source_url": "https://www.woolworths.com.au/shop/productdetails/638029/wokka-noodle-box-peanut-satay",
    "name": "Wokka Noodle Box Peanut Satay 350g",
    "image_url": "https://cdn1.woolworths.media/content/wowproductimages/large/638029.jpg",
    "source_id": "Woolworths - 638029",
    "barcode": "9310560024318",
    "shop": "Woolworths",
    "weight": "100G",
    "prices": [
      {
        "state": "VIC",
        "price": "500",
        "price_per_unit": "143",
        "price_unit": "G"
      },
      {
        "state": "QLD",
        "price": "500",
        "price_per_unit": "143",
        "price_unit": "G"
      },
      {
        "state": "WA",
        "price": "500",
        "price_per_unit": "143",
        "price_unit": "G"
      },
      {
        "state": "TAS",
        "price": "500",
        "price_per_unit": "143",
        "price_unit": "G"
      },
      {
        "state": "ACT",
        "price": "500",
        "price_per_unit": "143",
        "price_unit": "G"
      },
      {
        "state": "NT",
        "price": "525",
        "price_per_unit": "150",
        "price_unit": "G"
      }
    ]
  },
  {
    "source_url": "https://www.woolworths.com.au/shop/productdetails/572973/woolworths-chicken-bolognese-with-spaghetti",
    "name": "Woolworths Chicken Bolognese With Spaghetti 305g",
    "image_url": "https://cdn1.woolworths.media/content/wowproductimages/large/572973.jpg",
    "source_id": "Woolworths - 572973",
    "barcode": "9300633634346",
    "shop": "Woolworths",
    "weight": "100G",
    "prices": [
      {
        "state": "VIC",
        "price": "450",
        "price_per_unit": "148",
        "price_unit": "G"
      },
      {
        "state": "QLD",
        "price": "450",
        "price_per_unit": "148",
        "price_unit": "G"
      },
      {
        "state": "WA",
        "price": "450",
        "price_per_unit": "148",
        "price_unit": "G"
      },
      {
        "state": "TAS",
        "price": "450",
        "price_per_unit": "148",
        "price_unit": "G"
      },
      {
        "state": "ACT",
        "price": "450",
        "price_per_unit": "148",
        "price_unit": "G"
      },
      {
        "state": "NT",
        "price": "470",
        "price_per_unit": "154",
        "price_unit": "G"
      }
    ]
  },
  {
    "source_url": "https://www.woolworths.com.au/shop/productdetails/825617/woolworths-chicken-massaman-with-jasmine-rice",
    "name": "Woolworths Chicken Massaman With Jasmine Rice 350g",
    "image_url": "https://cdn1.woolworths.media/content/wowproductimages/large/825617.jpg",
    "source_id": "Woolworths - 825617",
    "barcode": "9300633704728",
    "shop": "Woolworths",
    "weight": "100G",
    "prices": [
      {
        "state": "VIC",
        "price": "450",
        "price_per_unit": "129",
        "price_unit": "G"
      },
      {
        "state": "QLD",
        "price": "450",
        "price_per_unit": "129",
        "price_unit": "G"
      },
      {
        "state": "WA",
        "price": "450",
        "price_per_unit": "129",
        "price_unit": "G"
      },
      {
        "state": "TAS",
        "price": "450",
        "price_per_unit": "129",
        "price_unit": "G"
      },
      {
        "state": "ACT",
        "price": "450",
        "price_per_unit": "129",
        "price_unit": "G"
      },
      {
        "state": "NT",
        "price": "470",
        "price_per_unit": "134",
        "price_unit": "G"
      }
    ]
  },
  {
    "source_url": "https://www.woolworths.com.au/shop/productdetails/825620/woolworths-chicken-pad-thai-with-rice-noodles",
    "name": "Woolworths Chicken Pad Thai With Rice Noodles 350g",
    "image_url": "https://cdn1.woolworths.media/content/wowproductimages/large/825620.jpg",
    "source_id": "Woolworths - 825620",
    "barcode": "9300633704759",
    "shop": "Woolworths",
    "weight": "100G",
    "prices": [
      {
        "state": "VIC",
        "price": "450",
        "price_per_unit": "129",
        "price_unit": "G"
      },
      {
        "state": "QLD",
        "price": "450",
        "price_per_unit": "129",
        "price_unit": "G"
      },
      {
        "state": "WA",
        "price": "450",
        "price_per_unit": "129",
        "price_unit": "G"
      },
      {
        "state": "TAS",
        "price": "450",
        "price_per_unit": "129",
        "price_unit": "G"
      },
      {
        "state": "ACT",
        "price": "450",
        "price_per_unit": "129",
        "price_unit": "G"
      },
      {
        "state": "NT",
        "price": "470",
        "price_per_unit": "134",
        "price_unit": "G"
      }
    ]
  },
  {
    "source_url": "https://www.woolworths.com.au/shop/productdetails/810709/woolworths-chicken-tikka-masala-with-rice",
    "name": "Woolworths Chicken Tikka Masala With Rice 350g",
    "image_url": "https://cdn1.woolworths.media/content/wowproductimages/large/810709.jpg",
    "source_id": "Woolworths - 810709",
    "barcode": "9339687069408",
    "shop": "Woolworths",
    "weight": "100G",
    "prices": [
      {
        "state": "VIC",
        "price": "450",
        "price_per_unit": "129",
        "price_unit": "G"
      },
      {
        "state": "QLD",
        "price": "450",
        "price_per_unit": "129",
        "price_unit": "G"
      },
      {
        "state": "WA",
        "price": "450",
        "price_per_unit": "129",
        "price_unit": "G"
      },
      {
        "state": "TAS",
        "price": "450",
        "price_per_unit": "129",
        "price_unit": "G"
      },
      {
        "state": "ACT",
        "price": "450",
        "price_per_unit": "129",
        "price_unit": "G"
      },
      {
        "state": "NT",
        "price": "470",
        "price_per_unit": "134",
        "price_unit": "G"
      }
    ]
  },
  {
    "source_url": "https://www.woolworths.com.au/shop/productdetails/406758/woolworths-garlic-chicken-with-sesame-ginger-rice-box",
    "name": "Woolworths Garlic Chicken With Sesame Ginger & Rice Box 350g",
    "image_url": "https://cdn1.woolworths.media/content/wowproductimages/large/406758.jpg",
    "source_id": "Woolworths - 406758",
    "barcode": "9339687359387",
    "shop": "Woolworths",
    "weight": "100G",
    "prices": [
      {
        "state": "VIC",
        "price": "450",
        "price_per_unit": "129",
        "price_unit": "G"
      },
      {
        "state": "TAS",
        "price": "450",
        "price_per_unit": "129",
        "price_unit": "G"
      },
      {
        "state": "ACT",
        "price": "450",
        "price_per_unit": "129",
        "price_unit": "G"
      },
      {
        "state": "NT",
        "price": "470",
        "price_per_unit": "134",
        "price_unit": "G"
      }
    ]
  },
  {
    "source_url": "https://www.woolworths.com.au/shop/productdetails/147838/woolworths-ready-to-eat-meal-teriyaki-chicken-with-rice",
    "name": "Woolworths Ready to Eat Meal Teriyaki Chicken With Rice 350g",
    "image_url": "https://cdn1.woolworths.media/content/wowproductimages/large/147838.jpg",
    "source_id": "Woolworths - 147838",
    "barcode": "9339687241729",
    "shop": "Woolworths",
    "weight": "100G",
    "prices": [
      {
        "state": "VIC",
        "price": "450",
        "price_per_unit": "129",
        "price_unit": "G"
      },
      {
        "state": "TAS",
        "price": "450",
        "price_per_unit": "129",
        "price_unit": "G"
      },
      {
        "state": "NT",
        "price": "470",
        "price_per_unit": "134",
        "price_unit": "G"
      }
    ]
  },
  {
    "source_url": "https://www.woolworths.com.au/shop/productdetails/406760/woolworths-salmon-quinoa-rice-with-lemon-herbs-box",
    "name": "Woolworths Salmon Quinoa Rice With Lemon & Herbs Box 300g",
    "image_url": "https://cdn1.woolworths.media/content/wowproductimages/large/406760.jpg",
    "source_id": "Woolworths - 406760",
    "barcode": "9339687359400",
    "shop": "Woolworths",
    "weight": "100G",
    "prices": [
      {
        "state": "VIC",
        "price": "450",
        "price_per_unit": "150",
        "price_unit": "G"
      },
      {
        "state": "TAS",
        "price": "450",
        "price_per_unit": "150",
        "price_unit": "G"
      },
      {
        "state": "NT",
        "price": "470",
        "price_per_unit": "157",
        "price_unit": "G"
      }
    ]
  },
  {
    "source_url": "https://www.woolworths.com.au/shop/productdetails/572974/woolworths-sweet-sour-chicken-with-rice",
    "name": "Woolworths Sweet & Sour Chicken With Rice 350g",
    "image_url": "https://cdn1.woolworths.media/content/wowproductimages/large/572974.jpg",
    "source_id": "Woolworths - 572974",
    "barcode": "9300633634353",
    "shop": "Woolworths",
    "weight": "100G",
    "prices": [
      {
        "state": "VIC",
        "price": "450",
        "price_per_unit": "129",
        "price_unit": "G"
      },
      {
        "state": "TAS",
        "price": "450",
        "price_per_unit": "129",
        "price_unit": "G"
      },
      {
        "state": "NT",
        "price": "470",
        "price_per_unit": "134",
        "price_unit": "G"
      }
    ]
  },
  {
    "source_url": "https://www.woolworths.com.au/shop/productdetails/825615/woolworths-thai-green-chicken-curry-with-jasmine-rice",
    "name": "Woolworths Thai Green Chicken Curry With Jasmine Rice 350g",
    "image_url": "https://cdn1.woolworths.media/content/wowproductimages/large/825615.jpg",
    "source_id": "Woolworths - 825615",
    "barcode": "9300633704704",
    "shop": "Woolworths",
    "weight": "100G",
    "prices": [
      {
        "state": "VIC",
        "price": "450",
        "price_per_unit": "129",
        "price_unit": "G"
      },
      {
        "state": "TAS",
        "price": "450",
        "price_per_unit": "129",
        "price_unit": "G"
      },
      {
        "state": "NT",
        "price": "470",
        "price_per_unit": "134",
        "price_unit": "G"
      }
    ]
  },
  {
    "source_url": "https://www.woolworths.com.au/shop/productdetails/406759/woolworths-vegetable-pumpkin-risotto-with-mushroom",
    "name": "Woolworths Vegetable Pumpkin Risotto With Mushroom 300g",
    "image_url": "https://cdn1.woolworths.media/content/wowproductimages/large/406759.jpg",
    "source_id": "Woolworths - 406759",
    "barcode": "9339687359394",
    "shop": "Woolworths",
    "weight": "100G",
    "prices": [
      {
        "state": "VIC",
        "price": "450",
        "price_per_unit": "150",
        "price_unit": "G"
      },
      {
        "state": "TAS",
        "price": "450",
        "price_per_unit": "150",
        "price_unit": "G"
      },
      {
        "state": "NT",
        "price": "470",
        "price_per_unit": "157",
        "price_unit": "G"
      }
    ]
  },
  {
    "source_url": "https://www.woolworths.com.au/shop/productdetails/406757/woolworths-vegetable-singapore-style-noodles-box",
    "name": "Woolworths Vegetable Singapore Style Noodles Box 300g",
    "image_url": "https://cdn1.woolworths.media/content/wowproductimages/large/406757.jpg",
    "source_id": "Woolworths - 406757",
    "barcode": "9339687359370",
    "shop": "Woolworths",
    "weight": "100G",
    "prices": [
      {
        "state": "VIC",
        "price": "450",
        "price_per_unit": "150",
        "price_unit": "G"
      },
      {
        "state": "TAS",
        "price": "450",
        "price_per_unit": "150",
        "price_unit": "G"
      },
      {
        "state": "NT",
        "price": "470",
        "price_per_unit": "157",
        "price_unit": "G"
      }
    ]
  },
  {
    "source_url": "https://www.woolworths.com.au/shop/productdetails/691513/continental-classics-cheesy-rice-family-pack-serves-4",
    "name": "Continental Classics Cheesy Rice Family Pack Serves 4 190g",
    "image_url": "https://cdn1.woolworths.media/content/wowproductimages/large/691513.jpg",
    "source_id": "Woolworths - 691513",
    "barcode": "9300830047314",
    "shop": "Woolworths",
    "weight": "100G",
    "prices": [
      {
        "state": "SA",
        "price": "400",
        "price_per_unit": "211",
        "price_unit": "G"
      },
      {
        "state": "NT",
        "price": "420",
        "price_per_unit": "221",
        "price_unit": "G"
      }
    ]
  },
  {
    "source_url": "https://www.woolworths.com.au/shop/productdetails/763881/continental-classics-pasta-sauce-alfredo-garlic-herb",
    "name": "Continental Classics Pasta & Sauce Alfredo Garlic & Herb 145 g",
    "image_url": "https://cdn1.woolworths.media/content/wowproductimages/large/763881.jpg",
    "source_id": "Woolworths - 763881",
    "barcode": "9300830018413",
    "shop": "Woolworths",
    "weight": "100G",
    "prices": [
      {
        "state": "SA",
        "price": "380",
        "price_per_unit": "262",
        "price_unit": "G"
      },
      null
    ]
  },
  {
    "source_url": "https://www.woolworths.com.au/shop/productdetails/763882/continental-classics-pasta-sauce-alfredo-garlic-herb-serves-2",
    "name": "Continental Classics Pasta & Sauce Alfredo Garlic & Herb Serves 2 85g",
    "image_url": "https://cdn1.woolworths.media/content/wowproductimages/large/763882.jpg",
    "source_id": "Woolworths - 763882",
    "barcode": "9300830018468",
    "shop": "Woolworths",
    "weight": "100G",
    "prices": [
      {
        "state": "SA",
        "price": "300",
        "price_per_unit": "353",
        "price_unit": "G"
      },
      {
        "state": "NT",
        "price": "315",
        "price_per_unit": "371",
        "price_unit": "G"
      }
    ]
  },
  {
    "source_url": "https://www.woolworths.com.au/shop/productdetails/761642/continental-classics-pasta-sauce-four-cheese",
    "name": "Continental Classics Pasta & Sauce Four Cheese 170g",
    "image_url": "https://cdn1.woolworths.media/content/wowproductimages/large/761642.jpg",
    "source_id": "Woolworths - 761642",
    "barcode": "9300830018369",
    "shop": "Woolworths",
    "weight": "100G",
    "prices": [
      {
        "state": "SA",
        "price": "380",
        "price_per_unit": "224",
        "price_unit": "G"
      },
      {
        "state": "NT",
        "price": "400",
        "price_per_unit": "235",
        "price_unit": "G"
      }
    ]
  },
  {
    "source_url": "https://www.woolworths.com.au/shop/productdetails/761556/continental-classics-pasta-sauce-sour-cream-chives",
    "name": "Continental Classics Pasta & Sauce Sour Cream & Chives 145 g",
    "image_url": "https://cdn1.woolworths.media/content/wowproductimages/large/761556.jpg",
    "source_id": "Woolworths - 761556",
    "barcode": "9300830018437",
    "shop": "Woolworths",
    "weight": "100G",
    "prices": [
      {
        "state": "SA",
        "price": "380",
        "price_per_unit": "262",
        "price_unit": "G"
      },
      {
        "state": "NT",
        "price": "400",
        "price_per_unit": "276",
        "price_unit": "G"
      }
    ]
  },
  {
    "source_url": "https://www.woolworths.com.au/shop/productdetails/230924/continental-classics-pasta-sauce-sour-cream-chives",
    "name": "Continental Classics Pasta & Sauce Sour Cream & Chives 85 g",
    "image_url": "https://cdn1.woolworths.media/content/wowproductimages/large/230924.jpg",
    "source_id": "Woolworths - 230924",
    "barcode": "9300667035072",
    "shop": "Woolworths",
    "weight": "100G",
    "prices": [
      {
        "state": "SA",
        "price": "300",
        "price_per_unit": "353",
        "price_unit": "G"
      },
      {
        "state": "NT",
        "price": "315",
        "price_per_unit": "371",
        "price_unit": "G"
      }
    ]
  },
  {
    "source_url": "https://www.woolworths.com.au/shop/productdetails/230938/continental-four-cheeses-pasta-sauce",
    "name": "Continental Four Cheeses Pasta & Sauce 100g",
    "image_url": "https://cdn1.woolworths.media/content/wowproductimages/large/230938.jpg",
    "source_id": "Woolworths - 230938",
    "barcode": "9300667035126",
    "shop": "Woolworths",
    "weight": "100G",
    "prices": [
      {
        "state": "SA",
        "price": "300",
        "price_per_unit": "300",
        "price_unit": "G"
      },
      {
        "state": "NT",
        "price": "315",
        "price_per_unit": "315",
        "price_unit": "G"
      }
    ]
  },
  {
    "source_url": "https://www.woolworths.com.au/shop/productdetails/840899/continental-pasta-sensations-spinach-parmesan-bacon-serves-2",
    "name": "Continental Pasta Sensations Spinach Parmesan & Bacon Serves 2 91g",
    "image_url": "https://cdn1.woolworths.media/content/wowproductimages/large/840899.jpg",
    "source_id": "Woolworths - 840899",
    "barcode": "9300830023943",
    "shop": "Woolworths",
    "weight": "100G",
    "prices": [
      {
        "state": "SA",
        "price": "280",
        "price_per_unit": "308",
        "price_unit": "G"
      },
      {
        "state": "NT",
        "price": "350",
        "price_per_unit": "385",
        "price_unit": "G"
      }
    ]
  },
  {
    "source_url": "https://www.woolworths.com.au/shop/productdetails/451725/continental-pasta-sensations-with-bacon-parmesan-boscaiola-serves-2",
    "name": "Continental Pasta Sensations With Bacon & Parmesan Boscaiola Serves 2 96g",
    "image_url": "https://cdn1.woolworths.media/content/wowproductimages/large/451725.jpg",
    "source_id": "Woolworths - 451725",
    "barcode": "9300830037704",
    "shop": "Woolworths",
    "weight": "100G",
    "prices": [
      {
        "state": "SA",
        "price": "280",
        "price_per_unit": "292",
        "price_unit": "G"
      },
      {
        "state": "NT",
        "price": "350",
        "price_per_unit": "365",
        "price_unit": "G"
      }
    ]
  },
  {
    "source_url": "https://www.woolworths.com.au/shop/productdetails/693538/kraft-mac-cheese-macaroni-pasta-original-instant-noodles",
    "name": "Kraft Mac & Cheese Macaroni Pasta Original Instant Noodles 410g",
    "image_url": "https://cdn1.woolworths.media/content/wowproductimages/large/693538.jpg",
    "source_id": "Woolworths - 693538",
    "barcode": "9300657660383",
    "shop": "Woolworths",
    "weight": "100G",
    "prices": [
      {
        "state": "SA",
        "price": "580",
        "price_per_unit": "141",
        "price_unit": "G"
      },
      null
    ]
  },
  {
    "source_url": "https://www.woolworths.com.au/shop/productdetails/35927/tandaco-one-pan-dinner-tomato-lasagne-tomato-lasagne",
    "name": "Tandaco One Pan Dinner Tomato Lasagne 200g",
    "image_url": "https://cdn1.woolworths.media/content/wowproductimages/large/035927.jpg",
    "source_id": "Woolworths - 35927",
    "barcode": "9300681226395",
    "shop": "Woolworths",
    "weight": "100G",
    "prices": [
      {
        "state": "SA",
        "price": "560",
        "price_per_unit": "280",
        "price_unit": "G"
      },
      {
        "state": "NT",
        "price": "560",
        "price_per_unit": "280",
        "price_unit": "G"
      }
    ]
  },
  {
    "source_url": "https://www.woolworths.com.au/shop/productdetails/320999/tipiak-mediterranean-grains-turmeric-herbs",
    "name": "Tipiak Mediterranean Grains Turmeric & Herbs 145g",
    "image_url": "https://cdn1.woolworths.media/content/wowproductimages/large/320999.jpg",
    "source_id": "Woolworths - 320999",
    "barcode": "3600900022422",
    "shop": "Woolworths",
    "weight": "100G",
    "prices": [
      {
        "state": "SA",
        "price": "197",
        "price_per_unit": "136",
        "price_unit": "G"
      },
      {
        "state": "NT",
        "price": "197",
        "price_per_unit": "136",
        "price_unit": "G"
      }
    ]
  }
]