[
  {
    "source_url": "https://www.woolworths.com.au/shop/productdetails/261309/always-fresh-capsicum-wood-roasted-piquillo-peppers",
    "name": "Always Fresh Capsicum Wood Roasted Piquillo Peppers 285g",
    "image_url": "https://cdn1.woolworths.media/content/wowproductimages/large/261309.jpg",
    "source_id": "Woolworths - 261309",
    "barcode": "9300602359270",
    "shop": "Woolworths",
    "weight": "1KG",
    "prices": [
      {
        "state": "NSW",
        "price": "360",
        "price_per_unit": "1263",
        "price_unit": "KG"
      },
      {
        "state": "VIC",
        "price": "370",
        "price_per_unit": "1298",
        "price_unit": "KG"
      },
      {
        "state": "QLD",
        "price": "370",
        "price_per_unit": "1298",
        "price_unit": "KG"
      },
      {
        "state": "WA",
        "price": "370",
        "price_per_unit": "1298",
        "price_unit": "KG"
      },
      {
        "state": "SA",
        "price": "370",
        "price_per_unit": "1298",
        "price_unit": "KG"
      },
      {
        "state": "TAS",
        "price": "370",
        "price_per_unit": "1298",
        "price_unit": "KG"
      },
      {
        "state": "ACT",
        "price": "310",
        "price_per_unit": "1088",
        "price_unit": "KG"
      },
      {
        "state": "NT",
        "price": "310",
        "price_per_unit": "1088",
        "price_unit": "KG"
      }
    ]
  },
  {
    "source_url": "https://www.woolworths.com.au/shop/productdetails/114462/always-fresh-cucumbers-baby",
    "name": "Always Fresh Cucumbers Baby 350g",
    "image_url": "https://cdn1.woolworths.media/content/wowproductimages/large/114462.jpg",
    "source_id": "Woolworths - 114462",
    "barcode": "9300602355692",
    "shop": "Woolworths",
    "weight": "1KG",
    "prices": [
      {
        "state": "NSW",
        "price": "365",
        "price_per_unit": "1043",
        "price_unit": "KG"
      },
      {
        "state": "VIC",
        "price": "365",
        "price_per_unit": "1043",
        "price_unit": "KG"
      },
      {
        "state": "QLD",
        "price": "365",
        "price_per_unit": "1043",
        "price_unit": "KG"
      },
      {
        "state": "WA",
        "price": "365",
        "price_per_unit": "1043",
        "price_unit": "KG"
      },
      {
        "state": "SA",
        "price": "365",
        "price_per_unit": "1043",
        "price_unit": "KG"
      },
      {
        "state": "TAS",
        "price": "365",
        "price_per_unit": "1043",
        "price_unit": "KG"
      },
      {
        "state": "ACT",
        "price": "365",
        "price_per_unit": "1043",
        "price_unit": "KG"
      },
      {
        "state": "NT",
        "price": "365",
        "price_per_unit": "1043",
        "price_unit": "KG"
      }
    ]
  },
  {
    "source_url": "https://www.woolworths.com.au/shop/productdetails/298956/always-fresh-cucumbers-bread-butter",
    "name": "Always Fresh Cucumbers Bread & Butter 700g",
    "image_url": "https://cdn1.woolworths.media/content/wowproductimages/large/298956.jpg",
    "source_id": "Woolworths - 298956",
    "barcode": "9300602358099",
    "shop": "Woolworths",
    "weight": "1KG",
    "prices": [
      {
        "state": "NSW",
        "price": "365",
        "price_per_unit": "521",
        "price_unit": "KG"
      },
      {
        "state": "VIC",
        "price": "365",
        "price_per_unit": "521",
        "price_unit": "KG"
      },
      {
        "state": "QLD",
        "price": "365",
        "price_per_unit": "521",
        "price_unit": "KG"
      },
      {
        "state": "WA",
        "price": "365",
        "price_per_unit": "521",
        "price_unit": "KG"
      },
      {
        "state": "SA",
        "price": "365",
        "price_per_unit": "521",
        "price_unit": "KG"
      },
      {
        "state": "TAS",
        "price": "365",
        "price_per_unit": "521",
        "price_unit": "KG"
      },
      {
        "state": "ACT",
        "price": "365",
        "price_per_unit": "521",
        "price_unit": "KG"
      },
      {
        "state": "NT",
        "price": "365",
        "price_per_unit": "521",
        "price_unit": "KG"
      }
    ]
  },
  {
    "source_url": "https://www.woolworths.com.au/shop/productdetails/47513/always-fresh-cucumbers-sweet-sour",
    "name": "Always Fresh Cucumbers Sweet & Sour 680g",
    "image_url": "https://cdn1.woolworths.media/content/wowproductimages/large/047513.jpg",
    "source_id": "Woolworths - 47513",
    "barcode": "9300602354893",
    "shop": "Woolworths",
    "weight": "1KG",
    "prices": [
      {
        "state": "NSW",
        "price": "350",
        "price_per_unit": "515",
        "price_unit": "KG"
      },
      {
        "state": "VIC",
        "price": "350",
        "price_per_unit": "515",
        "price_unit": "KG"
      },
      {
        "state": "QLD",
        "price": "350",
        "price_per_unit": "515",
        "price_unit": "KG"
      },
      {
        "state": "WA",
        "price": "350",
        "price_per_unit": "515",
        "price_unit": "KG"
      },
      {
        "state": "SA",
        "price": "350",
        "price_per_unit": "515",
        "price_unit": "KG"
      },
      {
        "state": "TAS",
        "price": "460",
        "price_per_unit": "676",
        "price_unit": "KG"
      },
      {
        "state": "ACT",
        "price": "350",
        "price_per_unit": "515",
        "price_unit": "KG"
      },
      {
        "state": "NT",
        "price": "370",
        "price_per_unit": "544",
        "price_unit": "KG"
      }
    ]
  },
  {
    "source_url": "https://www.woolworths.com.au/shop/productdetails/465084/always-fresh-kalamata-olives-pitted",
    "name": "Always Fresh Kalamata Olives Pitted 220g",
    "image_url": "https://cdn1.woolworths.media/content/wowproductimages/large/465084.jpg",
    "source_id": "Woolworths - 465084",
    "barcode": "9300602371081",
    "shop": "Woolworths",
    "weight": "1KG",
    "prices": [
      {
        "state": "NSW",
        "price": "400",
        "price_per_unit": "1818",
        "price_unit": "KG"
      },
      {
        "state": "VIC",
        "price": "400",
        "price_per_unit": "1818",
        "price_unit": "KG"
      },
      {
        "state": "QLD",
        "price": "400",
        "price_per_unit": "1818",
        "price_unit": "KG"
      },
      {
        "state": "WA",
        "price": "400",
        "price_per_unit": "1818",
        "price_unit": "KG"
      },
      {
        "state": "SA",
        "price": "400",
        "price_per_unit": "1818",
        "price_unit": "KG"
      },
      {
        "state": "TAS",
        "price": "400",
        "price_per_unit": "1818",
        "price_unit": "KG"
      },
      {
        "state": "ACT",
        "price": "400",
        "price_per_unit": "1818",
        "price_unit": "KG"
      },
      {
        "state": "NT",
        "price": "400",
        "price_per_unit": "1818",
        "price_unit": "KG"
      }
    ]
  },
  {
    "source_url": "https://www.woolworths.com.au/shop/productdetails/465079/always-fresh-kalamata-olives-sliced",
    "name": "Always Fresh Kalamata Olives Sliced 220g",
    "image_url": "https://cdn1.woolworths.media/content/wowproductimages/large/465079.jpg",
    "source_id": "Woolworths - 465079",
    "barcode": "9300602371241",
    "shop": "Woolworths",
    "weight": "1KG",
    "prices": [
      {
        "state": "NSW",
        "price": "400",
        "price_per_unit": "1818",
        "price_unit": "KG"
      },
      {
        "state": "VIC",
        "price": "400",
        "price_per_unit": "1818",
        "price_unit": "KG"
      },
      {
        "state": "QLD",
        "price": "400",
        "price_per_unit": "1818",
        "price_unit": "KG"
      },
      {
        "state": "WA",
        "price": "400",
        "price_per_unit": "1818",
        "price_unit": "KG"
      },
      {
        "state": "SA",
        "price": "400",
        "price_per_unit": "1818",
        "price_unit": "KG"
      },
      {
        "state": "TAS",
        "price": "400",
        "price_per_unit": "1818",
        "price_unit": "KG"
      },
      {
        "state": "ACT",
        "price": "400",
        "price_per_unit": "1818",
        "price_unit": "KG"
      },
      {
        "state": "NT",
        "price": "400",
        "price_per_unit": "1818",
        "price_unit": "KG"
      }
    ]
  },
  {
    "source_url": "https://www.woolworths.com.au/shop/productdetails/72424/always-fresh-olives-anchovy-stuffed",
    "name": "Always Fresh Olives Anchovy Stuffed 235g",
    "image_url": "https://cdn1.woolworths.media/content/wowproductimages/large/072424.jpg",
    "source_id": "Woolworths - 72424",
    "barcode": "93602617",
    "shop": "Woolworths",
    "weight": "1KG",
    "prices": [
      {
        "state": "NSW",
        "price": "350",
        "price_per_unit": "1489",
        "price_unit": "KG"
      },
      {
        "state": "VIC",
        "price": "350",
        "price_per_unit": "1489",
        "price_unit": "KG"
      },
      {
        "state": "QLD",
        "price": "350",
        "price_per_unit": "1489",
        "price_unit": "KG"
      },
      {
        "state": "WA",
        "price": "350",
        "price_per_unit": "1489",
        "price_unit": "KG"
      },
      {
        "state": "SA",
        "price": "350",
        "price_per_unit": "1489",
        "price_unit": "KG"
      },
      {
        "state": "TAS",
        "price": "350",
        "price_per_unit": "1489",
        "price_unit": "KG"
      },
      {
        "state": "ACT",
        "price": "350",
        "price_per_unit": "1489",
        "price_unit": "KG"
      },
      {
        "state": "NT",
        "price": "350",
        "price_per_unit": "1489",
        "price_unit": "KG"
      }
    ]
  },
  {
    "source_url": "https://www.woolworths.com.au/shop/productdetails/789822/always-fresh-olives-parmesan-stuffed",
    "name": "Always Fresh Olives Parmesan Stuffed 235g",
    "image_url": "https://cdn1.woolworths.media/content/wowproductimages/large/789822.jpg",
    "source_id": "Woolworths - 789822",
    "barcode": "9300602357801",
    "shop": "Woolworths",
    "weight": "1KG",
    "prices": [
      {
        "state": "NSW",
        "price": "600",
        "price_per_unit": "2553",
        "price_unit": "KG"
      },
      {
        "state": "VIC",
        "price": "600",
        "price_per_unit": "2553",
        "price_unit": "KG"
      },
      {
        "state": "QLD",
        "price": "600",
        "price_per_unit": "2553",
        "price_unit": "KG"
      },
      {
        "state": "WA",
        "price": "600",
        "price_per_unit": "2553",
        "price_unit": "KG"
      },
      {
        "state": "SA",
        "price": "600",
        "price_per_unit": "2553",
        "price_unit": "KG"
      },
      {
        "state": "TAS",
        "price": "600",
        "price_per_unit": "2553",
        "price_unit": "KG"
      },
      {
        "state": "ACT",
        "price": "480",
        "price_per_unit": "2043",
        "price_unit": "KG"
      },
      {
        "state": "NT",
        "price": "500",
        "price_per_unit": "2128",
        "price_unit": "KG"
      }
    ]
  },
  {
    "source_url": "https://www.woolworths.com.au/shop/productdetails/9214/always-fresh-organic-kalamata-pitted-olives",
    "name": "Always Fresh Organic Kalamata Pitted Olives 220g",
    "image_url": "https://cdn1.woolworths.media/content/wowproductimages/large/009214.jpg",
    "source_id": "Woolworths - 9214",
    "barcode": "9300602370787",
    "shop": "Woolworths",
    "weight": "1KG",
    "prices": [
      {
        "state": "NSW",
        "price": "650",
        "price_per_unit": "2955",
        "price_unit": "KG"
      },
      {
        "state": "VIC",
        "price": "650",
        "price_per_unit": "2955",
        "price_unit": "KG"
      },
      {
        "state": "QLD",
        "price": "650",
        "price_per_unit": "2955",
        "price_unit": "KG"
      },
      {
        "state": "WA",
        "price": "650",
        "price_per_unit": "2955",
        "price_unit": "KG"
      },
      {
        "state": "SA",
        "price": "650",
        "price_per_unit": "2955",
        "price_unit": "KG"
      },
      {
        "state": "TAS",
        "price": "650",
        "price_per_unit": "2955",
        "price_unit": "KG"
      },
      {
        "state": "ACT",
        "price": "650",
        "price_per_unit": "2955",
        "price_unit": "KG"
      },
      {
        "state": "NT",
        "price": "685",
        "price_per_unit": "3114",
        "price_unit": "KG"
      }
    ]
  },
  {
    "source_url": "https://www.woolworths.com.au/shop/productdetails/252358/always-fresh-pitted-kalamata-olives",
    "name": "Always Fresh Pitted Kalamata Olives 670g",
    "image_url": "https://cdn1.woolworths.media/content/wowproductimages/large/252358.jpg",
    "source_id": "Woolworths - 252358",
    "barcode": "9300602359713",
    "shop": "Woolworths",
    "weight": "1KG",
    "prices": [
      {
        "state": "NSW",
        "price": "840",
        "price_per_unit": "1254",
        "price_unit": "KG"
      },
      {
        "state": "VIC",
        "price": "840",
        "price_per_unit": "1254",
        "price_unit": "KG"
      },
      {
        "state": "QLD",
        "price": "840",
        "price_per_unit": "1254",
        "price_unit": "KG"
      },
      {
        "state": "WA",
        "price": "840",
        "price_per_unit": "1254",
        "price_unit": "KG"
      },
      {
        "state": "SA",
        "price": "840",
        "price_per_unit": "1254",
        "price_unit": "KG"
      },
      {
        "state": "TAS",
        "price": "840",
        "price_per_unit": "1254",
        "price_unit": "KG"
      },
      {
        "state": "ACT",
        "price": "840",
        "price_per_unit": "1254",
        "price_unit": "KG"
      },
      {
        "state": "NT",
        "price": "840",
        "price_per_unit": "1254",
        "price_unit": "KG"
      }
    ]
  },
  {
    "source_url": "https://www.woolworths.com.au/shop/productdetails/465039/always-fresh-sicilian-olives-pitted",
    "name": "Always Fresh Sicilian Olives Pitted 230g",
    "image_url": "https://cdn1.woolworths.media/content/wowproductimages/large/465039.jpg",
    "source_id": "Woolworths - 465039",
    "barcode": "9300602368043",
    "shop": "Woolworths",
    "weight": "1KG",
    "prices": [
      {
        "state": "NSW",
        "price": "400",
        "price_per_unit": "1739",
        "price_unit": "KG"
      },
      {
        "state": "VIC",
        "price": "400",
        "price_per_unit": "1739",
        "price_unit": "KG"
      },
      {
        "state": "QLD",
        "price": "400",
        "price_per_unit": "1739",
        "price_unit": "KG"
      },
      {
        "state": "WA",
        "price": "400",
        "price_per_unit": "1739",
        "price_unit": "KG"
      },
      {
        "state": "SA",
        "price": "400",
        "price_per_unit": "1739",
        "price_unit": "KG"
      },
      {
        "state": "TAS",
        "price": "400",
        "price_per_unit": "1739",
        "price_unit": "KG"
      },
      {
        "state": "ACT",
        "price": "400",
        "price_per_unit": "1739",
        "price_unit": "KG"
      },
      {
        "state": "NT",
        "price": "420",
        "price_per_unit": "1826",
        "price_unit": "KG"
      }
    ]
  },
  {
    "source_url": "https://www.woolworths.com.au/shop/productdetails/1074213490/bernal-aceitunas-rellenas-de-anchoa-anchovy-stuffed-olives-1440g-twin-pack-2880g-total",
    "name": "Bernal Aceitunas  Rellenas de Anchoa Anchovy Stuffed Olives 1440g Twin Pack - 2880g Total",
    "image_url": "https://cdn1.woolworths.media/content/wowproductimages/large/1074213490.jpg",
    "source_id": "Woolworths - 1074213490",
    "barcode": null,
    "shop": "Woolworths",
    "weight": "1KG",
    "prices": [
      {
        "state": "NSW",
        "price": "2800",
        "price_per_unit": "1944",
        "price_unit": "KG"
      },
      {
        "state": "VIC",
        "price": "2800",
        "price_per_unit": "1944",
        "price_unit": "KG"
      },
      {
        "state": "QLD",
        "price": "2800",
        "price_per_unit": "1944",
        "price_unit": "KG"
      },
      {
        "state": "WA",
        "price": "2800",
        "price_per_unit": "1944",
        "price_unit": "KG"
      },
      {
        "state": "SA",
        "price": "2800",
        "price_per_unit": "1944",
        "price_unit": "KG"
      },
      {
        "state": "TAS",
        "price": "2800",
        "price_per_unit": "1944",
        "price_unit": "KG"
      },
      {
        "state": "ACT",
        "price": "2800",
        "price_per_unit": "1944",
        "price_unit": "KG"
      },
      {
        "state": "NT",
        "price": "2800",
        "price_per_unit": "1944",
        "price_unit": "KG"
      }
    ]
  },
  {
    "source_url": "https://www.woolworths.com.au/shop/productdetails/1075593560/bernal-banderillas-dulces-sweet-banderillas-cocktail-300g-ea-4-pack-1200g-total-best-before-03-05-2027-",
    "name": "Bernal Banderillas Dulces Sweet Banderillas Cocktail 300g ea- 4 pack- 1200g total (Best Before 03-05-2027)",
    "image_url": "https://cdn1.woolworths.media/content/wowproductimages/large/1075593560.jpg",
    "source_id": "Woolworths - 1075593560",
    "barcode": null,
    "shop": "Woolworths",
    "weight": "1EA",
    "prices": [
      {
        "state": "NSW",
        "price": "2000",
        "price_per_unit": "500",
        "price_unit": "EA"
      },
      {
        "state": "VIC",
        "price": "2000",
        "price_per_unit": "500",
        "price_unit": "EA"
      },
      {
        "state": "QLD",
        "price": "2000",
        "price_per_unit": "500",
        "price_unit": "EA"
      },
      {
        "state": "WA",
        "price": "2000",
        "price_per_unit": "500",
        "price_unit": "EA"
      },
      {
        "state": "SA",
        "price": "2000",
        "price_per_unit": "500",
        "price_unit": "EA"
      },
      {
        "state": "TAS",
        "price": "2000",
        "price_per_unit": "500",
        "price_unit": "EA"
      },
      {
        "state": "ACT",
        "price": "2000",
        "price_per_unit": "500",
        "price_unit": "EA"
      },
      {
        "state": "NT",
        "price": "2000",
        "price_per_unit": "500",
        "price_unit": "EA"
      }
    ]
  },
  {
    "source_url": "https://www.woolworths.com.au/shop/productdetails/1075498257/bernal-encurtidos-cornichons-pepinillos-spanish-gherkins-300g-x4-pack",
    "name": "Bernal Encurtidos Cornichons Pepinillos Spanish Gherkins 300g x4 pack",
    "image_url": "https://cdn1.woolworths.media/content/wowproductimages/large/1075498257.jpg",
    "source_id": "Woolworths - 1075498257",
    "barcode": null,
    "shop": "Woolworths",
    "weight": "1EA",
    "prices": [
      {
        "state": "NSW",
        "price": "2000",
        "price_per_unit": "500",
        "price_unit": "EA"
      },
      {
        "state": "VIC",
        "price": "2000",
        "price_per_unit": "500",
        "price_unit": "EA"
      },
      {
        "state": "QLD",
        "price": "2000",
        "price_per_unit": "500",
        "price_unit": "EA"
      },
      {
        "state": "WA",
        "price": "2000",
        "price_per_unit": "500",
        "price_unit": "EA"
      },
      {
        "state": "SA",
        "price": "2000",
        "price_per_unit": "500",
        "price_unit": "EA"
      },
      {
        "state": "TAS",
        "price": "2000",
        "price_per_unit": "500",
        "price_unit": "EA"
      },
      {
        "state": "ACT",
        "price": "2000",
        "price_per_unit": "500",
        "price_unit": "EA"
      },
      {
        "state": "NT",
        "price": "2000",
        "price_per_unit": "500",
        "price_unit": "EA"
      }
    ]
  },
  {
    "source_url": "https://www.woolworths.com.au/shop/productdetails/1074134263/bernal-especialidades-aceitunas-chupadedos-spanish-marinated-olives-4-pack-436g-x4",
    "name": "Bernal Especialidades Aceitunas Chupadedos Spanish Marinated Olives 4 pack 436g x4",
    "image_url": "https://cdn1.woolworths.media/content/wowproductimages/large/1074134263.jpg",
    "source_id": "Woolworths - 1074134263",
    "barcode": null,
    "shop": "Woolworths",
    "weight": "1KG",
    "prices": [
      {
        "state": "NSW",
        "price": "3000",
        "price_per_unit": "3440",
        "price_unit": "KG"
      },
      {
        "state": "VIC",
        "price": "3000",
        "price_per_unit": "3440",
        "price_unit": "KG"
      },
      {
        "state": "QLD",
        "price": "3000",
        "price_per_unit": "3440",
        "price_unit": "KG"
      },
      {
        "state": "WA",
        "price": "3000",
        "price_per_unit": "3440",
        "price_unit": "KG"
      },
      {
        "state": "SA",
        "price": "3000",
        "price_per_unit": "3440",
        "price_unit": "KG"
      },
      {
        "state": "TAS",
        "price": "3000",
        "price_per_unit": "3440",
        "price_unit": "KG"
      },
      {
        "state": "ACT",
        "price": "3000",
        "price_per_unit": "3440",
        "price_unit": "KG"
      },
      {
        "state": "NT",
        "price": "3000",
        "price_per_unit": "3440",
        "price_unit": "KG"
      }
    ]
  },
  {
    "source_url": "https://www.woolworths.com.au/shop/productdetails/1075498258/bernal-gordal-whole-green-queen-olives-300g-x4-pack",
    "name": "Bernal Gordal Whole Green Queen Olives 300g x4 pack",
    "image_url": "https://cdn1.woolworths.media/content/wowproductimages/large/1075498258.jpg",
    "source_id": "Woolworths - 1075498258",
    "barcode": null,
    "shop": "Woolworths",
    "weight": "1EA",
    "prices": [
      {
        "state": "NSW",
        "price": "2000",
        "price_per_unit": "500",
        "price_unit": "EA"
      },
      {
        "state": "VIC",
        "price": "2000",
        "price_per_unit": "500",
        "price_unit": "EA"
      },
      {
        "state": "QLD",
        "price": "2000",
        "price_per_unit": "500",
        "price_unit": "EA"
      },
      {
        "state": "WA",
        "price": "2000",
        "price_per_unit": "500",
        "price_unit": "EA"
      },
      {
        "state": "SA",
        "price": "2000",
        "price_per_unit": "500",
        "price_unit": "EA"
      },
      {
        "state": "TAS",
        "price": "2000",
        "price_per_unit": "500",
        "price_unit": "EA"
      },
      {
        "state": "ACT",
        "price": "2000",
        "price_per_unit": "500",
        "price_unit": "EA"
      },
      {
        "state": "NT",
        "price": "2000",
        "price_per_unit": "500",
        "price_unit": "EA"
      }
    ]
  },
  {
    "source_url": "https://www.woolworths.com.au/shop/productdetails/1074686515/bernal-gourmet-aceitunas-rellenas-de-naranja-spanish-orange-stuffed-olives-4-pack-436g-x4",
    "name": "Bernal Gourmet Aceitunas Rellenas de Naranja Spanish Orange Stuffed Olives 4 pack 436g x4",
    "image_url": "https://cdn1.woolworths.media/content/wowproductimages/large/1074686515.jpg",
    "source_id": "Woolworths - 1074686515",
    "barcode": null,
    "shop": "Woolworths",
    "weight": "1KG",
    "prices": [
      {
        "state": "NSW",
        "price": "3000",
        "price_per_unit": "3440",
        "price_unit": "KG"
      },
      {
        "state": "VIC",
        "price": "3000",
        "price_per_unit": "3440",
        "price_unit": "KG"
      },
      {
        "state": "QLD",
        "price": "3000",
        "price_per_unit": "3440",
        "price_unit": "KG"
      },
      {
        "state": "WA",
        "price": "3000",
        "price_per_unit": "3440",
        "price_unit": "KG"
      },
      {
        "state": "SA",
        "price": "3000",
        "price_per_unit": "3440",
        "price_unit": "KG"
      },
      {
        "state": "TAS",
        "price": "3000",
        "price_per_unit": "3440",
        "price_unit": "KG"
      },
      {
        "state": "ACT",
        "price": "3000",
        "price_per_unit": "3440",
        "price_unit": "KG"
      },
      {
        "state": "NT",
        "price": "3000",
        "price_per_unit": "3440",
        "price_unit": "KG"
      }
    ]
  },
  {
    "source_url": "https://www.woolworths.com.au/shop/productdetails/1074686514/bernal-gourmet-garlic-stuffed-olives-4-pack-436g-x4",
    "name": "Bernal Gourmet Garlic Stuffed Olives 4 pack  436g x4",
    "image_url": "https://cdn1.woolworths.media/content/wowproductimages/large/1074686514.jpg",
    "source_id": "Woolworths - 1074686514",
    "barcode": null,
    "shop": "Woolworths",
    "weight": "1KG",
    "prices": [
      {
        "state": "NSW",
        "price": "3000",
        "price_per_unit": "3440",
        "price_unit": "KG"
      },
      {
        "state": "VIC",
        "price": "3000",
        "price_per_unit": "3440",
        "price_unit": "KG"
      },
      {
        "state": "QLD",
        "price": "3000",
        "price_per_unit": "3440",
        "price_unit": "KG"
      },
      {
        "state": "WA",
        "price": "3000",
        "price_per_unit": "3440",
        "price_unit": "KG"
      },
      {
        "state": "SA",
        "price": "3000",
        "price_per_unit": "3440",
        "price_unit": "KG"
      },
      {
        "state": "TAS",
        "price": "3000",
        "price_per_unit": "3440",
        "price_unit": "KG"
      },
      {
        "state": "ACT",
        "price": "3000",
        "price_per_unit": "3440",
        "price_unit": "KG"
      },
      {
        "state": "NT",
        "price": "3000",
        "price_per_unit": "3440",
        "price_unit": "KG"
      }
    ]
  },
  {
    "source_url": "https://www.woolworths.com.au/shop/productdetails/1074724162/bernal-gourmet-red-pepper-capsicum-stuffed-olives-4-pack-436g-x4",
    "name": "Bernal Gourmet Red Pepper Capsicum Stuffed Olives 4 Pack 436g x4",
    "image_url": "https://cdn1.woolworths.media/content/wowproductimages/large/1074724162.jpg",
    "source_id": "Woolworths - 1074724162",
    "barcode": null,
    "shop": "Woolworths",
    "weight": "1EA",
    "prices": [
      {
        "state": "NSW",
        "price": "3000",
        "price_per_unit": "1500",
        "price_unit": "EA"
      },
      {
        "state": "VIC",
        "price": "3000",
        "price_per_unit": "1500",
        "price_unit": "EA"
      },
      {
        "state": "QLD",
        "price": "3000",
        "price_per_unit": "1500",
        "price_unit": "EA"
      },
      {
        "state": "WA",
        "price": "3000",
        "price_per_unit": "1500",
        "price_unit": "EA"
      },
      {
        "state": "SA",
        "price": "3000",
        "price_per_unit": "1500",
        "price_unit": "EA"
      },
      {
        "state": "TAS",
        "price": "3000",
        "price_per_unit": "1500",
        "price_unit": "EA"
      },
      {
        "state": "ACT",
        "price": "3000",
        "price_per_unit": "1500",
        "price_unit": "EA"
      },
      {
        "state": "NT",
        "price": "3000",
        "price_per_unit": "1500",
        "price_unit": "EA"
      }
    ]
  },
  {
    "source_url": "https://www.woolworths.com.au/shop/productdetails/1074686524/bernal-gourmet-spanish-blue-cheese-stuffed-olives-4-pack-436g-x4",
    "name": "Bernal Gourmet Spanish Blue Cheese Stuffed Olives 4 pack 436g x4",
    "image_url": "https://cdn1.woolworths.media/content/wowproductimages/large/1074686524.jpg",
    "source_id": "Woolworths - 1074686524",
    "barcode": null,
    "shop": "Woolworths",
    "weight": "1KG",
    "prices": [
      {
        "state": "NSW",
        "price": "3000",
        "price_per_unit": "3440",
        "price_unit": "KG"
      },
      {
        "state": "VIC",
        "price": "3000",
        "price_per_unit": "3440",
        "price_unit": "KG"
      },
      {
        "state": "QLD",
        "price": "3000",
        "price_per_unit": "3440",
        "price_unit": "KG"
      },
      {
        "state": "WA",
        "price": "3000",
        "price_per_unit": "3440",
        "price_unit": "KG"
      },
      {
        "state": "SA",
        "price": "3000",
        "price_per_unit": "3440",
        "price_unit": "KG"
      },
      {
        "state": "TAS",
        "price": "3000",
        "price_per_unit": "3440",
        "price_unit": "KG"
      },
      {
        "state": "ACT",
        "price": "3000",
        "price_per_unit": "3440",
        "price_unit": "KG"
      },
      {
        "state": "NT",
        "price": "3000",
        "price_per_unit": "3440",
        "price_unit": "KG"
      }
    ]
  },
  {
    "source_url": "https://www.woolworths.com.au/shop/productdetails/1074686523/bernal-gourmet-spanish-jalapeno-stuffed-olives-440g-x4-pack",
    "name": "Bernal Gourmet Spanish Jalapeno Stuffed Olives 440g x4 Pack",
    "image_url": "https://cdn1.woolworths.media/content/wowproductimages/large/1074686523.jpg",
    "source_id": "Woolworths - 1074686523",
    "barcode": null,
    "shop": "Woolworths",
    "weight": "1KG",
    "prices": [
      {
        "state": "NSW",
        "price": "3000",
        "price_per_unit": "3409",
        "price_unit": "KG"
      },
      {
        "state": "VIC",
        "price": "3000",
        "price_per_unit": "3409",
        "price_unit": "KG"
      },
      {
        "state": "QLD",
        "price": "3000",
        "price_per_unit": "3409",
        "price_unit": "KG"
      },
      {
        "state": "WA",
        "price": "3000",
        "price_per_unit": "3409",
        "price_unit": "KG"
      },
      {
        "state": "SA",
        "price": "3000",
        "price_per_unit": "3409",
        "price_unit": "KG"
      },
      {
        "state": "TAS",
        "price": "3000",
        "price_per_unit": "3409",
        "price_unit": "KG"
      },
      {
        "state": "ACT",
        "price": "3000",
        "price_per_unit": "3409",
        "price_unit": "KG"
      },
      {
        "state": "NT",
        "price": "3000",
        "price_per_unit": "3409",
        "price_unit": "KG"
      }
    ]
  },
  {
    "source_url": "https://www.woolworths.com.au/shop/productdetails/1074686516/bernal-gourmet-spanish-lemon-stuffed-olives-4-pack-436g-x4",
    "name": "Bernal Gourmet Spanish Lemon Stuffed Olives 4 pack 436g x4",
    "image_url": "https://cdn1.woolworths.media/content/wowproductimages/large/1074686516.jpg",
    "source_id": "Woolworths - 1074686516",
    "barcode": null,
    "shop": "Woolworths",
    "weight": "1KG",
    "prices": [
      {
        "state": "NSW",
        "price": "3000",
        "price_per_unit": "3440",
        "price_unit": "KG"
      },
      {
        "state": "VIC",
        "price": "3000",
        "price_per_unit": "3440",
        "price_unit": "KG"
      },
      {
        "state": "QLD",
        "price": "3000",
        "price_per_unit": "3440",
        "price_unit": "KG"
      },
      {
        "state": "WA",
        "price": "3000",
        "price_per_unit": "3440",
        "price_unit": "KG"
      },
      {
        "state": "SA",
        "price": "3000",
        "price_per_unit": "3440",
        "price_unit": "KG"
      },
      {
        "state": "TAS",
        "price": "3000",
        "price_per_unit": "3440",
        "price_unit": "KG"
      },
      {
        "state": "ACT",
        "price": "3000",
        "price_per_unit": "3440",
        "price_unit": "KG"
      },
      {
        "state": "NT",
        "price": "3000",
        "price_per_unit": "3440",
        "price_unit": "KG"
      }
    ]
  },
  {
    "source_url": "https://www.woolworths.com.au/shop/productdetails/1074686522/bernal-gourmet-spanish-wasabi-stuffed-olives-440g-x4-pack",
    "name": "Bernal Gourmet Spanish Wasabi Stuffed Olives 440g x4 Pack",
    "image_url": "https://cdn1.woolworths.media/content/wowproductimages/large/1074686522.jpg",
    "source_id": "Woolworths - 1074686522",
    "barcode": null,
    "shop": "Woolworths",
    "weight": "1KG",
    "prices": [
      {
        "state": "NSW",
        "price": "3000",
        "price_per_unit": "3409",
        "price_unit": "KG"
      },
      {
        "state": "VIC",
        "price": "3000",
        "price_per_unit": "3409",
        "price_unit": "KG"
      },
      {
        "state": "QLD",
        "price": "3000",
        "price_per_unit": "3409",
        "price_unit": "KG"
      },
      {
        "state": "WA",
        "price": "3000",
        "price_per_unit": "3409",
        "price_unit": "KG"
      },
      {
        "state": "SA",
        "price": "3000",
        "price_per_unit": "3409",
        "price_unit": "KG"
      },
      {
        "state": "TAS",
        "price": "3000",
        "price_per_unit": "3409",
        "price_unit": "KG"
      },
      {
        "state": "ACT",
        "price": "3000",
        "price_per_unit": "3409",
        "price_unit": "KG"
      },
      {
        "state": "NT",
        "price": "3000",
        "price_per_unit": "3409",
        "price_unit": "KG"
      }
    ]
  },
  {
    "source_url": "https://www.woolworths.com.au/shop/productdetails/1075477220/biona-organic-artichoke-hearts-in-brine-200g",
    "name": "Biona Organic Artichoke Hearts in Brine 200g",
    "image_url": "https://cdn1.woolworths.media/content/wowproductimages/large/1075477220.jpg",
    "source_id": "Woolworths - 1075477220",
    "barcode": null,
    "shop": "Woolworths",
    "weight": "1KG",
    "prices": [
      {
        "state": "NSW",
        "price": "1458",
        "price_per_unit": "7290",
        "price_unit": "KG"
      },
      {
        "state": "VIC",
        "price": "1458",
        "price_per_unit": "7290",
        "price_unit": "KG"
      },
      {
        "state": "QLD",
        "price": "1458",
        "price_per_unit": "7290",
        "price_unit": "KG"
      },
      {
        "state": "WA",
        "price": "1458",
        "price_per_unit": "7290",
        "price_unit": "KG"
      },
      {
        "state": "SA",
        "price": "1458",
        "price_per_unit": "7290",
        "price_unit": "KG"
      },
      {
        "state": "TAS",
        "price": "1458",
        "price_per_unit": "7290",
        "price_unit": "KG"
      },
      {
        "state": "ACT",
        "price": "1458",
        "price_per_unit": "7290",
        "price_unit": "KG"
      },
      {
        "state": "NT",
        "price": "1458",
        "price_per_unit": "7290",
        "price_unit": "KG"
      }
    ]
  },
  {
    "source_url": "https://www.woolworths.com.au/shop/productdetails/1075479471/biona-organic-gherkins-350g",
    "name": "Biona Organic Gherkins 350g",
    "image_url": "https://cdn1.woolworths.media/content/wowproductimages/large/1075479471.jpg",
    "source_id": "Woolworths - 1075479471",
    "barcode": null,
    "shop": "Woolworths",
    "weight": "1KG",
    "prices": [
      {
        "state": "NSW",
        "price": "1380",
        "price_per_unit": "3943",
        "price_unit": "KG"
      },
      {
        "state": "VIC",
        "price": "1380",
        "price_per_unit": "3943",
        "price_unit": "KG"
      },
      {
        "state": "QLD",
        "price": "1380",
        "price_per_unit": "3943",
        "price_unit": "KG"
      },
      {
        "state": "WA",
        "price": "1380",
        "price_per_unit": "3943",
        "price_unit": "KG"
      },
      {
        "state": "SA",
        "price": "1380",
        "price_per_unit": "3943",
        "price_unit": "KG"
      },
      {
        "state": "TAS",
        "price": "1380",
        "price_per_unit": "3943",
        "price_unit": "KG"
      },
      {
        "state": "ACT",
        "price": "1380",
        "price_per_unit": "3943",
        "price_unit": "KG"
      },
      {
        "state": "NT",
        "price": "1380",
        "price_per_unit": "3943",
        "price_unit": "KG"
      }
    ]
  },
  {
    "source_url": "https://www.woolworths.com.au/shop/productdetails/176739/blue-banner",
    "name": "Blue Banner",
    "image_url": "https://cdn1.woolworths.media/content/wowproductimages/large/176739.jpg",
    "source_id": "Woolworths - 176739",
    "barcode": "9310748076542",
    "shop": "Woolworths",
    "weight": "1KG",
    "prices": [
      {
        "state": "NSW",
        "price": "550",
        "price_per_unit": "1048",
        "price_unit": "KG"
      },
      {
        "state": "VIC",
        "price": "550",
        "price_per_unit": "1048",
        "price_unit": "KG"
      },
      {
        "state": "QLD",
        "price": "550",
        "price_per_unit": "1048",
        "price_unit": "KG"
      },
      {
        "state": "WA",
        "price": "550",
        "price_per_unit": "1048",
        "price_unit": "KG"
      },
      {
        "state": "SA",
        "price": "550",
        "price_per_unit": "1048",
        "price_unit": "KG"
      },
      {
        "state": "TAS",
        "price": "550",
        "price_per_unit": "1048",
        "price_unit": "KG"
      },
      {
        "state": "ACT",
        "price": "550",
        "price_per_unit": "1048",
        "price_unit": "KG"
      },
      {
        "state": "NT",
        "price": "585",
        "price_per_unit": "1114",
        "price_unit": "KG"
      }
    ]
  },
  {
    "source_url": "https://www.woolworths.com.au/shop/productdetails/171528/blue-banner-tasmanian-pickled-onions",
    "name": "Blue Banner Tasmanian Pickled Onions 525g",
    "image_url": "https://cdn1.woolworths.media/content/wowproductimages/large/171528.jpg",
    "source_id": "Woolworths - 171528",
    "barcode": "9300660446844",
    "shop": "Woolworths",
    "weight": "100G",
    "prices": [
      {
        "state": "NSW",
        "price": "550",
        "price_per_unit": "105",
        "price_unit": "G"
      },
      {
        "state": "VIC",
        "price": "550",
        "price_per_unit": "105",
        "price_unit": "G"
      },
      {
        "state": "QLD",
        "price": "550",
        "price_per_unit": "105",
        "price_unit": "G"
      },
      {
        "state": "WA",
        "price": "550",
        "price_per_unit": "105",
        "price_unit": "G"
      },
      {
        "state": "SA",
        "price": "550",
        "price_per_unit": "105",
        "price_unit": "G"
      },
      {
        "state": "TAS",
        "price": "550",
        "price_per_unit": "105",
        "price_unit": "G"
      },
      {
        "state": "ACT",
        "price": "550",
        "price_per_unit": "105",
        "price_unit": "G"
      },
      {
        "state": "NT",
        "price": "580",
        "price_per_unit": "110",
        "price_unit": "G"
      }
    ]
  },
  {
    "source_url": "https://www.woolworths.com.au/shop/productdetails/1074032829/bnei-darom-cucumbers-in-brine-7-9-560g-x-3",
    "name": "Bnei Darom Cucumbers In Brine 7-9 560g x 3",
    "image_url": "https://cdn1.woolworths.media/content/wowproductimages/large/1074032829.jpg",
    "source_id": "Woolworths - 1074032829",
    "barcode": null,
    "shop": "Woolworths",
    "weight": "1EA",
    "prices": [
      {
        "state": "NSW",
        "price": "3299",
        "price_per_unit": "1100",
        "price_unit": "EA"
      },
      {
        "state": "VIC",
        "price": "3299",
        "price_per_unit": "1100",
        "price_unit": "EA"
      },
      {
        "state": "QLD",
        "price": "3299",
        "price_per_unit": "1100",
        "price_unit": "EA"
      },
      {
        "state": "WA",
        "price": "3299",
        "price_per_unit": "1100",
        "price_unit": "EA"
      },
      {
        "state": "SA",
        "price": "3299",
        "price_per_unit": "1100",
        "price_unit": "EA"
      },
      {
        "state": "TAS",
        "price": "3299",
        "price_per_unit": "1100",
        "price_unit": "EA"
      },
      {
        "state": "ACT",
        "price": "3299",
        "price_per_unit": "1100",
        "price_unit": "EA"
      },
      {
        "state": "NT",
        "price": "3299",
        "price_per_unit": "1100",
        "price_unit": "EA"
      }
    ]
  },
  {
    "source_url": "https://www.woolworths.com.au/shop/productdetails/1074032743/bnei-darom-cucumbers-pickles-in-vinegar-7-9-560g-x-3",
    "name": "Bnei Darom Cucumbers Pickles in Vinegar 7-9 560g x 3",
    "image_url": "https://cdn1.woolworths.media/content/wowproductimages/large/1074032743.jpg",
    "source_id": "Woolworths - 1074032743",
    "barcode": null,
    "shop": "Woolworths",
    "weight": "1EA",
    "prices": [
      {
        "state": "NSW",
        "price": "3299",
        "price_per_unit": "1100",
        "price_unit": "EA"
      },
      {
        "state": "VIC",
        "price": "3299",
        "price_per_unit": "1100",
        "price_unit": "EA"
      },
      {
        "state": "QLD",
        "price": "3299",
        "price_per_unit": "1100",
        "price_unit": "EA"
      },
      {
        "state": "WA",
        "price": "3299",
        "price_per_unit": "1100",
        "price_unit": "EA"
      },
      {
        "state": "SA",
        "price": "3299",
        "price_per_unit": "1100",
        "price_unit": "EA"
      },
      {
        "state": "TAS",
        "price": "3299",
        "price_per_unit": "1100",
        "price_unit": "EA"
      },
      {
        "state": "ACT",
        "price": "3299",
        "price_per_unit": "1100",
        "price_unit": "EA"
      },
      {
        "state": "NT",
        "price": "3299",
        "price_per_unit": "1100",
        "price_unit": "EA"
      }
    ]
  },
  {
    "source_url": "https://www.woolworths.com.au/shop/productdetails/334923/bryne-co-pickled-baby-cucumbers",
    "name": "Bryne Co Pickled Baby Cucumbers 500g",
    "image_url": "https://cdn1.woolworths.media/content/wowproductimages/large/334923.jpg",
    "source_id": "Woolworths - 334923",
    "barcode": "9351864001315",
    "shop": "Woolworths",
    "weight": "100G",
    "prices": [
      {
        "state": "NSW",
        "price": "300",
        "price_per_unit": "60",
        "price_unit": "G"
      },
      {
        "state": "VIC",
        "price": "300",
        "price_per_unit": "60",
        "price_unit": "G"
      },
      {
        "state": "SA",
        "price": "300",
        "price_per_unit": "60",
        "price_unit": "G"
      },
      {
        "state": "TAS",
        "price": "300",
        "price_per_unit": "60",
        "price_unit": "G"
      },
      {
        "state": "ACT",
        "price": "300",
        "price_per_unit": "60",
        "price_unit": "G"
      },
      {
        "state": "NT",
        "price": "300",
        "price_per_unit": "60",
        "price_unit": "G"
      }
    ]
  },
  {
    "source_url": "https://www.woolworths.com.au/shop/productdetails/219990/ceres-organics-organic-sliced-beetroot-no-added-sugar",
    "name": "Ceres Organics Organic Sliced Beetroot No Added Sugar 330g",
    "image_url": "https://cdn1.woolworths.media/content/wowproductimages/large/219990.jpg",
    "source_id": "Woolworths - 219990",
    "barcode": "9421035970495",
    "shop": "Woolworths",
    "weight": "100G",
    "prices": [
      {
        "state": "NSW",
        "price": "500",
        "price_per_unit": "152",
        "price_unit": "G"
      },
      {
        "state": "VIC",
        "price": "500",
        "price_per_unit": "152",
        "price_unit": "G"
      },
      {
        "state": "ACT",
        "price": "500",
        "price_per_unit": "152",
        "price_unit": "G"
      },
      {
        "state": "NT",
        "price": "500",
        "price_per_unit": "152",
        "price_unit": "G"
      },
      {
        "state": "ACT",
        "price": "500",
        "price_per_unit": "152",
        "price_unit": "G"
      },
      {
        "state": "NT",
        "price": "500",
        "price_per_unit": "152",
        "price_unit": "G"
      }
    ]
  },
  {
    "source_url": "https://www.woolworths.com.au/shop/productdetails/9228/fehlbergs-burger-pickles",
    "name": "Fehlbergs Burger Pickles 490g",
    "image_url": "https://cdn1.woolworths.media/content/wowproductimages/large/009228.jpg",
    "source_id": "Woolworths - 9228",
    "barcode": "9300602368227",
    "shop": "Woolworths",
    "weight": "1KG",
    "prices": [
      {
        "state": "NSW",
        "price": "400",
        "price_per_unit": "816",
        "price_unit": "KG"
      },
      {
        "state": "VIC",
        "price": "400",
        "price_per_unit": "816",
        "price_unit": "KG"
      },
      {
        "state": "QLD",
        "price": "400",
        "price_per_unit": "816",
        "price_unit": "KG"
      },
      {
        "state": "WA",
        "price": "400",
        "price_per_unit": "816",
        "price_unit": "KG"
      },
      {
        "state": "SA",
        "price": "400",
        "price_per_unit": "816",
        "price_unit": "KG"
      },
      {
        "state": "TAS",
        "price": "340",
        "price_per_unit": "694",
        "price_unit": "KG"
      },
      {
        "state": "ACT",
        "price": "340",
        "price_per_unit": "694",
        "price_unit": "KG"
      },
      {
        "state": "NT",
        "price": "340",
        "price_per_unit": "694",
        "price_unit": "KG"
      }
    ]
  },
  {
    "source_url": "https://www.woolworths.com.au/shop/productdetails/691119/fehlbergs-chipotle-cucumbers",
    "name": "Fehlbergs Chipotle Cucumbers 470g",
    "image_url": "https://cdn1.woolworths.media/content/wowproductimages/large/691119.jpg",
    "source_id": "Woolworths - 691119",
    "barcode": "9300602364069",
    "shop": "Woolworths",
    "weight": "100G",
    "prices": [
      {
        "state": "NSW",
        "price": "400",
        "price_per_unit": "85",
        "price_unit": "G"
      },
      {
        "state": "VIC",
        "price": "400",
        "price_per_unit": "85",
        "price_unit": "G"
      },
      {
        "state": "QLD",
        "price": "400",
        "price_per_unit": "85",
        "price_unit": "G"
      },
      {
        "state": "WA",
        "price": "400",
        "price_per_unit": "85",
        "price_unit": "G"
      },
      {
        "state": "SA",
        "price": "400",
        "price_per_unit": "85",
        "price_unit": "G"
      },
      {
        "state": "TAS",
        "price": "340",
        "price_per_unit": "72",
        "price_unit": "G"
      },
      {
        "state": "ACT",
        "price": "340",
        "price_per_unit": "72",
        "price_unit": "G"
      },
      {
        "state": "NT",
        "price": "340",
        "price_per_unit": "72",
        "price_unit": "G"
      }
    ]
  },
  {
    "source_url": "https://www.woolworths.com.au/shop/productdetails/898033/frankie-s-fine-brine-bread-butter-pickles",
    "name": "Frankie's Fine Brine Bread & Butter Pickles 500g",
    "image_url": "https://cdn1.woolworths.media/content/wowproductimages/large/898033.jpg",
    "source_id": "Woolworths - 898033",
    "barcode": "9352930000614",
    "shop": "Woolworths",
    "weight": "100G",
    "prices": [
      {
        "state": "NSW",
        "price": "1200",
        "price_per_unit": "240",
        "price_unit": "G"
      },
      {
        "state": "SA",
        "price": "1200",
        "price_per_unit": "240",
        "price_unit": "G"
      },
      {
        "state": "TAS",
        "price": "1200",
        "price_per_unit": "240",
        "price_unit": "G"
      },
      {
        "state": "ACT",
        "price": "1200",
        "price_per_unit": "240",
        "price_unit": "G"
      }
    ]
  },
  {
    "source_url": "https://www.woolworths.com.au/shop/productdetails/896736/frankie-s-fine-brine-garlic-dill-pickles",
    "name": "Frankie's Fine Brine Garlic Dill Pickles 500g",
    "image_url": "https://cdn1.woolworths.media/content/wowproductimages/large/896736.jpg",
    "source_id": "Woolworths - 896736",
    "barcode": "9352930000591",
    "shop": "Woolworths",
    "weight": "100G",
    "prices": [
      {
        "state": "NSW",
        "price": "1200",
        "price_per_unit": "240",
        "price_unit": "G"
      },
      {
        "state": "SA",
        "price": "1200",
        "price_per_unit": "240",
        "price_unit": "G"
      },
      {
        "state": "TAS",
        "price": "1200",
        "price_per_unit": "240",
        "price_unit": "G"
      },
      {
        "state": "ACT",
        "price": "1200",
        "price_per_unit": "240",
        "price_unit": "G"
      }
    ]
  },
  {
    "source_url": "https://www.woolworths.com.au/shop/productdetails/898048/frankie-s-fine-brine-sweet-spicy-pickles",
    "name": "Frankie's Fine Brine Sweet & Spicy Pickles 500g",
    "image_url": "https://cdn1.woolworths.media/content/wowproductimages/large/898048.jpg",
    "source_id": "Woolworths - 898048",
    "barcode": "9352930000621",
    "shop": "Woolworths",
    "weight": "100G",
    "prices": [
      {
        "state": "NSW",
        "price": "1200",
        "price_per_unit": "240",
        "price_unit": "G"
      },
      {
        "state": "SA",
        "price": "1200",
        "price_per_unit": "240",
        "price_unit": "G"
      },
      {
        "state": "TAS",
        "price": "1200",
        "price_per_unit": "240",
        "price_unit": "G"
      },
      {
        "state": "ACT",
        "price": "1200",
        "price_per_unit": "240",
        "price_unit": "G"
      }
    ]
  },
  {
    "source_url": "https://www.woolworths.com.au/shop/productdetails/1074032675/kvuzat-yavne-cucumbers-in-vinegar-3kg",
    "name": "Kvuzat Yavne Cucumbers In Vinegar 3kg",
    "image_url": "https://cdn1.woolworths.media/content/wowproductimages/large/1074032675.jpg",
    "source_id": "Woolworths - 1074032675",
    "barcode": null,
    "shop": "Woolworths",
    "weight": "1KG",
    "prices": [
      {
        "state": "NSW",
        "price": "3299",
        "price_per_unit": "1100",
        "price_unit": "KG"
      },
      {
        "state": "VIC",
        "price": "3299",
        "price_per_unit": "1100",
        "price_unit": "KG"
      },
      {
        "state": "QLD",
        "price": "3299",
        "price_per_unit": "1100",
        "price_unit": "KG"
      },
      {
        "state": "WA",
        "price": "3299",
        "price_per_unit": "1100",
        "price_unit": "KG"
      },
      {
        "state": "SA",
        "price": "3299",
        "price_per_unit": "1100",
        "price_unit": "KG"
      },
      {
        "state": "TAS",
        "price": "3299",
        "price_per_unit": "1100",
        "price_unit": "KG"
      },
      {
        "state": "ACT",
        "price": "3299",
        "price_per_unit": "1100",
        "price_unit": "KG"
      },
      {
        "state": "ACT",
        "price": "3299",
        "price_per_unit": "1100",
        "price_unit": "KG"
      },
      {
        "state": "NT",
        "price": "3299",
        "price_per_unit": "1100",
        "price_unit": "KG"
      }
    ]
  },
  {
    "source_url": "https://www.woolworths.com.au/shop/productdetails/1074367329/kvuzat-yavne-pickled-cucumbers-in-brine-540g-x-3",
    "name": "Kvuzat Yavne Pickled Cucumbers in Brine 540g x 3",
    "image_url": "https://cdn1.woolworths.media/content/wowproductimages/large/1074367329.jpg",
    "source_id": "Woolworths - 1074367329",
    "barcode": null,
    "shop": "Woolworths",
    "weight": "1KG",
    "prices": [
      {
        "state": "NSW",
        "price": "3449",
        "price_per_unit": "2129",
        "price_unit": "KG"
      },
      {
        "state": "VIC",
        "price": "3449",
        "price_per_unit": "2129",
        "price_unit": "KG"
      },
      {
        "state": "QLD",
        "price": "3449",
        "price_per_unit": "2129",
        "price_unit": "KG"
      },
      {
        "state": "WA",
        "price": "3449",
        "price_per_unit": "2129",
        "price_unit": "KG"
      },
      {
        "state": "SA",
        "price": "3449",
        "price_per_unit": "2129",
        "price_unit": "KG"
      },
      {
        "state": "TAS",
        "price": "3449",
        "price_per_unit": "2129",
        "price_unit": "KG"
      },
      {
        "state": "ACT",
        "price": "3449",
        "price_per_unit": "2129",
        "price_unit": "KG"
      },
      {
        "state": "ACT",
        "price": "3449",
        "price_per_unit": "2129",
        "price_unit": "KG"
      },
      {
        "state": "NT",
        "price": "3449",
        "price_per_unit": "2129",
        "price_unit": "KG"
      }
    ]
  },
  {
    "source_url": "https://www.woolworths.com.au/shop/productdetails/1074032627/kvuzat-yavne-pickled-cucumbers-in-brine-mini-540g-x-3",
    "name": "Kvuzat Yavne Pickled Cucumbers In Brine Mini 540g x 3",
    "image_url": "https://cdn1.woolworths.media/content/wowproductimages/large/1074032627.jpg",
    "source_id": "Woolworths - 1074032627",
    "barcode": null,
    "shop": "Woolworths",
    "weight": "1EA",
    "prices": [
      {
        "state": "NSW",
        "price": "4049",
        "price_per_unit": "1350",
        "price_unit": "EA"
      },
      {
        "state": "VIC",
        "price": "4049",
        "price_per_unit": "1350",
        "price_unit": "EA"
      },
      {
        "state": "QLD",
        "price": "4049",
        "price_per_unit": "1350",
        "price_unit": "EA"
      },
      {
        "state": "WA",
        "price": "4049",
        "price_per_unit": "1350",
        "price_unit": "EA"
      },
      {
        "state": "SA",
        "price": "4049",
        "price_per_unit": "1350",
        "price_unit": "EA"
      },
      {
        "state": "TAS",
        "price": "4049",
        "price_per_unit": "1350",
        "price_unit": "EA"
      },
      {
        "state": "ACT",
        "price": "4049",
        "price_per_unit": "1350",
        "price_unit": "EA"
      },
      {
        "state": "ACT",
        "price": "4049",
        "price_per_unit": "1350",
        "price_unit": "EA"
      },
      {
        "state": "NT",
        "price": "4049",
        "price_per_unit": "1350",
        "price_unit": "EA"
      }
    ]
  },
  {
    "source_url": "https://www.woolworths.com.au/shop/productdetails/1074032630/kvuzat-yavne-pickled-cucumbers-in-vinegar-540g-x-3",
    "name": "Kvuzat Yavne Pickled Cucumbers In Vinegar 540g x 3",
    "image_url": "https://cdn1.woolworths.media/content/wowproductimages/large/1074032630.jpg",
    "source_id": "Woolworths - 1074032630",
    "barcode": null,
    "shop": "Woolworths",
    "weight": "1EA",
    "prices": [
      {
        "state": "NSW",
        "price": "3299",
        "price_per_unit": "1100",
        "price_unit": "EA"
      },
      {
        "state": "VIC",
        "price": "3299",
        "price_per_unit": "1100",
        "price_unit": "EA"
      },
      {
        "state": "QLD",
        "price": "3299",
        "price_per_unit": "1100",
        "price_unit": "EA"
      },
      {
        "state": "WA",
        "price": "3299",
        "price_per_unit": "1100",
        "price_unit": "EA"
      },
      {
        "state": "SA",
        "price": "3299",
        "price_per_unit": "1100",
        "price_unit": "EA"
      },
      {
        "state": "TAS",
        "price": "3299",
        "price_per_unit": "1100",
        "price_unit": "EA"
      },
      {
        "state": "ACT",
        "price": "3299",
        "price_per_unit": "1100",
        "price_unit": "EA"
      },
      {
        "state": "ACT",
        "price": "3299",
        "price_per_unit": "1100",
        "price_unit": "EA"
      },
      {
        "state": "NT",
        "price": "3299",
        "price_per_unit": "1100",
        "price_unit": "EA"
      }
    ]
  },
  {
    "source_url": "https://www.woolworths.com.au/shop/productdetails/1073999509/mount-zero-olives-bundle-3-pack",
    "name": "Mount Zero Olives Bundle - 3 pack",
    "image_url": "https://cdn1.woolworths.media/content/wowproductimages/large/1073999509.jpg",
    "source_id": "Woolworths - 1073999509",
    "barcode": null,
    "shop": "Woolworths",
    "weight": "1EA",
    "prices": [
      {
        "state": "NSW",
        "price": "2297",
        "price_per_unit": "766",
        "price_unit": "EA"
      },
      {
        "state": "VIC",
        "price": "2297",
        "price_per_unit": "766",
        "price_unit": "EA"
      },
      {
        "state": "QLD",
        "price": "2297",
        "price_per_unit": "766",
        "price_unit": "EA"
      },
      {
        "state": "WA",
        "price": "2297",
        "price_per_unit": "766",
        "price_unit": "EA"
      },
      {
        "state": "SA",
        "price": "2297",
        "price_per_unit": "766",
        "price_unit": "EA"
      },
      {
        "state": "TAS",
        "price": "2297",
        "price_per_unit": "766",
        "price_unit": "EA"
      },
      {
        "state": "ACT",
        "price": "2297",
        "price_per_unit": "766",
        "price_unit": "EA"
      },
      {
        "state": "NT",
        "price": "2297",
        "price_per_unit": "766",
        "price_unit": "EA"
      }
    ]
  },
  {
    "source_url": "https://www.woolworths.com.au/shop/productdetails/43114/rosella-white-cocktail-onions",
    "name": "Rosella White Cocktail Onions 150g",
    "image_url": "https://cdn1.woolworths.media/content/wowproductimages/large/043114.jpg",
    "source_id": "Woolworths - 43114",
    "barcode": "93660013",
    "shop": "Woolworths",
    "weight": "1KG",
    "prices": [
      {
        "state": "NSW",
        "price": "220",
        "price_per_unit": "1467",
        "price_unit": "KG"
      },
      {
        "state": "VIC",
        "price": "220",
        "price_per_unit": "1467",
        "price_unit": "KG"
      },
      {
        "state": "QLD",
        "price": "220",
        "price_per_unit": "1467",
        "price_unit": "KG"
      },
      {
        "state": "WA",
        "price": "220",
        "price_per_unit": "1467",
        "price_unit": "KG"
      },
      {
        "state": "SA",
        "price": "220",
        "price_per_unit": "1467",
        "price_unit": "KG"
      },
      {
        "state": "TAS",
        "price": "220",
        "price_per_unit": "1467",
        "price_unit": "KG"
      },
      {
        "state": "ACT",
        "price": "220",
        "price_per_unit": "1467",
        "price_unit": "KG"
      },
      {
        "state": "NT",
        "price": "230",
        "price_per_unit": "1533",
        "price_unit": "KG"
      }
    ]
  },
  {
    "source_url": "https://www.woolworths.com.au/shop/productdetails/471887/sandhurst-cucumbers-sandwich-stacker",
    "name": "Sandhurst Cucumbers Sandwich Stacker 500g",
    "image_url": "https://cdn1.woolworths.media/content/wowproductimages/large/471887.jpg",
    "source_id": "Woolworths - 471887",
    "barcode": "9313839009306",
    "shop": "Woolworths",
    "weight": "1KG",
    "prices": [
      {
        "state": "NSW",
        "price": "350",
        "price_per_unit": "700",
        "price_unit": "KG"
      },
      {
        "state": "VIC",
        "price": "350",
        "price_per_unit": "700",
        "price_unit": "KG"
      },
      {
        "state": "QLD",
        "price": "350",
        "price_per_unit": "700",
        "price_unit": "KG"
      },
      {
        "state": "WA",
        "price": "350",
        "price_per_unit": "700",
        "price_unit": "KG"
      },
      {
        "state": "SA",
        "price": "350",
        "price_per_unit": "700",
        "price_unit": "KG"
      },
      {
        "state": "TAS",
        "price": "350",
        "price_per_unit": "700",
        "price_unit": "KG"
      },
      {
        "state": "ACT",
        "price": "350",
        "price_per_unit": "700",
        "price_unit": "KG"
      },
      {
        "state": "NT",
        "price": "350",
        "price_per_unit": "700",
        "price_unit": "KG"
      }
    ]
  },
  {
    "source_url": "https://www.woolworths.com.au/shop/productdetails/708283/sandhurst-olives-green-pitted",
    "name": "Sandhurst Olives Green Pitted 350g",
    "image_url": "https://cdn1.woolworths.media/content/wowproductimages/large/708283.jpg",
    "source_id": "Woolworths - 708283",
    "barcode": "9313839007104",
    "shop": "Woolworths",
    "weight": "1KG",
    "prices": [
      {
        "state": "NSW",
        "price": "450",
        "price_per_unit": "1286",
        "price_unit": "KG"
      },
      {
        "state": "VIC",
        "price": "450",
        "price_per_unit": "1286",
        "price_unit": "KG"
      },
      {
        "state": "QLD",
        "price": "450",
        "price_per_unit": "1286",
        "price_unit": "KG"
      },
      {
        "state": "WA",
        "price": "450",
        "price_per_unit": "1286",
        "price_unit": "KG"
      },
      {
        "state": "SA",
        "price": "450",
        "price_per_unit": "1286",
        "price_unit": "KG"
      },
      {
        "state": "TAS",
        "price": "380",
        "price_per_unit": "1086",
        "price_unit": "KG"
      },
      {
        "state": "ACT",
        "price": "380",
        "price_per_unit": "1086",
        "price_unit": "KG"
      },
      {
        "state": "NT",
        "price": "380",
        "price_per_unit": "1086",
        "price_unit": "KG"
      }
    ]
  },
  {
    "source_url": "https://www.woolworths.com.au/shop/productdetails/733305/sandhurst-sauerkraut",
    "name": "Sandhurst Sauerkraut 500g",
    "image_url": "https://cdn1.woolworths.media/content/wowproductimages/large/733305.jpg",
    "source_id": "Woolworths - 733305",
    "barcode": "9313839007531",
    "shop": "Woolworths",
    "weight": "1KG",
    "prices": [
      {
        "state": "NSW",
        "price": "450",
        "price_per_unit": "900",
        "price_unit": "KG"
      },
      {
        "state": "VIC",
        "price": "450",
        "price_per_unit": "900",
        "price_unit": "KG"
      },
      {
        "state": "QLD",
        "price": "450",
        "price_per_unit": "900",
        "price_unit": "KG"
      },
      {
        "state": "WA",
        "price": "450",
        "price_per_unit": "900",
        "price_unit": "KG"
      },
      {
        "state": "SA",
        "price": "450",
        "price_per_unit": "900",
        "price_unit": "KG"
      },
      {
        "state": "TAS",
        "price": "400",
        "price_per_unit": "800",
        "price_unit": "KG"
      },
      {
        "state": "ACT",
        "price": "400",
        "price_per_unit": "800",
        "price_unit": "KG"
      },
      {
        "state": "NT",
        "price": "425",
        "price_per_unit": "850",
        "price_unit": "KG"
      }
    ]
  },
  {
    "source_url": "https://www.woolworths.com.au/shop/productdetails/214325/sandhurst-tomatoes-semi-dried-canola-oil",
    "name": "Sandhurst Tomatoes Semi Dried Canola Oil 270g",
    "image_url": "https://cdn1.woolworths.media/content/wowproductimages/large/214325.jpg",
    "source_id": "Woolworths - 214325",
    "barcode": "9313839001508",
    "shop": "Woolworths",
    "weight": "1KG",
    "prices": [
      {
        "state": "NSW",
        "price": "500",
        "price_per_unit": "1852",
        "price_unit": "KG"
      },
      {
        "state": "VIC",
        "price": "500",
        "price_per_unit": "1852",
        "price_unit": "KG"
      },
      {
        "state": "QLD",
        "price": "500",
        "price_per_unit": "1852",
        "price_unit": "KG"
      },
      {
        "state": "WA",
        "price": "500",
        "price_per_unit": "1852",
        "price_unit": "KG"
      },
      {
        "state": "SA",
        "price": "500",
        "price_per_unit": "1852",
        "price_unit": "KG"
      },
      {
        "state": "TAS",
        "price": "500",
        "price_per_unit": "1852",
        "price_unit": "KG"
      },
      {
        "state": "ACT",
        "price": "400",
        "price_per_unit": "1481",
        "price_unit": "KG"
      },
      {
        "state": "NT",
        "price": "420",
        "price_per_unit": "1556",
        "price_unit": "KG"
      }
    ]
  },
  {
    "source_url": "https://www.woolworths.com.au/shop/productdetails/14606/spring-gully-gherkins-round",
    "name": "Spring Gully Gherkins Round 550g",
    "image_url": "https://cdn1.woolworths.media/content/wowproductimages/large/014606.jpg",
    "source_id": "Woolworths - 14606",
    "barcode": "93733045",
    "shop": "Woolworths",
    "weight": "1KG",
    "prices": [
      {
        "state": "NSW",
        "price": "500",
        "price_per_unit": "909",
        "price_unit": "KG"
      },
      {
        "state": "VIC",
        "price": "500",
        "price_per_unit": "909",
        "price_unit": "KG"
      },
      {
        "state": "QLD",
        "price": "500",
        "price_per_unit": "909",
        "price_unit": "KG"
      },
      {
        "state": "WA",
        "price": "500",
        "price_per_unit": "909",
        "price_unit": "KG"
      },
      {
        "state": "SA",
        "price": "500",
        "price_per_unit": "909",
        "price_unit": "KG"
      },
      {
        "state": "TAS",
        "price": "400",
        "price_per_unit": "727",
        "price_unit": "KG"
      },
      {
        "state": "ACT",
        "price": "400",
        "price_per_unit": "727",
        "price_unit": "KG"
      },
      {
        "state": "NT",
        "price": "400",
        "price_per_unit": "727",
        "price_unit": "KG"
      }
    ]
  },
  {
    "source_url": "https://www.woolworths.com.au/shop/productdetails/35462/three-threes-gherkins-sweet-spiced",
    "name": "Three Threes Gherkins Sweet Spiced 540g",
    "image_url": "https://cdn1.woolworths.media/content/wowproductimages/large/035462.jpg",
    "source_id": "Woolworths - 35462",
    "barcode": "9310480333057",
    "shop": "Woolworths",
    "weight": "1KG",
    "prices": [
      {
        "state": "NSW",
        "price": "360",
        "price_per_unit": "667",
        "price_unit": "KG"
      },
      {
        "state": "VIC",
        "price": "360",
        "price_per_unit": "667",
        "price_unit": "KG"
      },
      {
        "state": "QLD",
        "price": "360",
        "price_per_unit": "667",
        "price_unit": "KG"
      },
      {
        "state": "WA",
        "price": "360",
        "price_per_unit": "667",
        "price_unit": "KG"
      },
      {
        "state": "SA",
        "price": "360",
        "price_per_unit": "667",
        "price_unit": "KG"
      },
      {
        "state": "TAS",
        "price": "360",
        "price_per_unit": "667",
        "price_unit": "KG"
      },
      {
        "state": "ACT",
        "price": "360",
        "price_per_unit": "667",
        "price_unit": "KG"
      },
      {
        "state": "NT",
        "price": "360",
        "price_per_unit": "667",
        "price_unit": "KG"
      }
    ]
  },
  {
    "source_url": "https://www.woolworths.com.au/shop/productdetails/47554/three-threes-onions-pickled-old-style",
    "name": "Three Threes Onions Pickled Old Style 500g",
    "image_url": "https://cdn1.woolworths.media/content/wowproductimages/large/047554.jpg",
    "source_id": "Woolworths - 47554",
    "barcode": "9310480333194",
    "shop": "Woolworths",
    "weight": "1KG",
    "prices": [
      {
        "state": "NSW",
        "price": "510",
        "price_per_unit": "1020",
        "price_unit": "KG"
      },
      {
        "state": "VIC",
        "price": "510",
        "price_per_unit": "1020",
        "price_unit": "KG"
      },
      {
        "state": "QLD",
        "price": "510",
        "price_per_unit": "1020",
        "price_unit": "KG"
      },
      {
        "state": "WA",
        "price": "510",
        "price_per_unit": "1020",
        "price_unit": "KG"
      },
      {
        "state": "SA",
        "price": "510",
        "price_per_unit": "1020",
        "price_unit": "KG"
      },
      {
        "state": "TAS",
        "price": "510",
        "price_per_unit": "1020",
        "price_unit": "KG"
      },
      {
        "state": "ACT",
        "price": "510",
        "price_per_unit": "1020",
        "price_unit": "KG"
      },
      {
        "state": "NT",
        "price": "535",
        "price_per_unit": "1070",
        "price_unit": "KG"
      }
    ]
  },
  {
    "source_url": "https://www.woolworths.com.au/shop/productdetails/504615/three-threes-pickled-onions",
    "name": "Three Threes Pickled Onions 520g",
    "image_url": "https://cdn1.woolworths.media/content/wowproductimages/large/504615.jpg",
    "source_id": "Woolworths - 504615",
    "barcode": "9310480333514",
    "shop": "Woolworths",
    "weight": "1KG",
    "prices": [
      {
        "state": "NSW",
        "price": "480",
        "price_per_unit": "923",
        "price_unit": "KG"
      },
      {
        "state": "VIC",
        "price": "480",
        "price_per_unit": "923",
        "price_unit": "KG"
      },
      {
        "state": "QLD",
        "price": "480",
        "price_per_unit": "923",
        "price_unit": "KG"
      },
      {
        "state": "WA",
        "price": "480",
        "price_per_unit": "923",
        "price_unit": "KG"
      },
      {
        "state": "SA",
        "price": "480",
        "price_per_unit": "923",
        "price_unit": "KG"
      },
      {
        "state": "TAS",
        "price": "430",
        "price_per_unit": "827",
        "price_unit": "KG"
      },
      {
        "state": "ACT",
        "price": "430",
        "price_per_unit": "827",
        "price_unit": "KG"
      },
      {
        "state": "NT",
        "price": "430",
        "price_per_unit": "827",
        "price_unit": "KG"
      }
    ]
  },
  {
    "source_url": "https://www.woolworths.com.au/shop/productdetails/1074032779/ungers-original-kosher-dill-pickles-976ml-x-2",
    "name": "Ungers Original Kosher Dill Pickles 976ml x 2",
    "image_url": "https://cdn1.woolworths.media/content/wowproductimages/large/1074032779.jpg",
    "source_id": "Woolworths - 1074032779",
    "barcode": null,
    "shop": "Woolworths",
    "weight": "1EA",
    "prices": [
      {
        "state": "NSW",
        "price": "4499",
        "price_per_unit": "2250",
        "price_unit": "EA"
      },
      {
        "state": "VIC",
        "price": "4499",
        "price_per_unit": "2250",
        "price_unit": "EA"
      },
      {
        "state": "QLD",
        "price": "4499",
        "price_per_unit": "2250",
        "price_unit": "EA"
      },
      {
        "state": "WA",
        "price": "4499",
        "price_per_unit": "2250",
        "price_unit": "EA"
      },
      {
        "state": "SA",
        "price": "4499",
        "price_per_unit": "2250",
        "price_unit": "EA"
      },
      {
        "state": "TAS",
        "price": "4499",
        "price_per_unit": "2250",
        "price_unit": "EA"
      },
      {
        "state": "ACT",
        "price": "4499",
        "price_per_unit": "2250",
        "price_unit": "EA"
      },
      {
        "state": "NT",
        "price": "4499",
        "price_per_unit": "2250",
        "price_unit": "EA"
      }
    ]
  },
  {
    "source_url": "https://www.woolworths.com.au/shop/productdetails/1075734561/vlasic-kosher-dill-pickles-946ml-x-2",
    "name": "Vlasic Kosher Dill Pickles 946ml x 2",
    "image_url": "https://cdn1.woolworths.media/content/wowproductimages/large/1075734561.jpg",
    "source_id": "Woolworths - 1075734561",
    "barcode": null,
    "shop": "Woolworths",
    "weight": "1EA",
    "prices": [
      {
        "state": "NSW",
        "price": "3749",
        "price_per_unit": "1875",
        "price_unit": "EA"
      },
      {
        "state": "VIC",
        "price": "3749",
        "price_per_unit": "1875",
        "price_unit": "EA"
      },
      {
        "state": "QLD",
        "price": "3749",
        "price_per_unit": "1875",
        "price_unit": "EA"
      },
      {
        "state": "WA",
        "price": "3749",
        "price_per_unit": "1875",
        "price_unit": "EA"
      },
      {
        "state": "TAS",
        "price": "3749",
        "price_per_unit": "1875",
        "price_unit": "EA"
      },
      {
        "state": "ACT",
        "price": "3749",
        "price_per_unit": "1875",
        "price_unit": "EA"
      },
      {
        "state": "NT",
        "price": "3749",
        "price_per_unit": "1875",
        "price_unit": "EA"
      }
    ]
  },
  {
    "source_url": "https://www.woolworths.com.au/shop/productdetails/524432/woolworths-black-sliced-olives",
    "name": "Woolworths Black Sliced Olives 430g",
    "image_url": "https://cdn1.woolworths.media/content/wowproductimages/large/524432.jpg",
    "source_id": "Woolworths - 524432",
    "barcode": "9300633615307",
    "shop": "Woolworths",
    "weight": "100G",
    "prices": [
      {
        "state": "NSW",
        "price": "245",
        "price_per_unit": "57",
        "price_unit": "G"
      },
      {
        "state": "VIC",
        "price": "245",
        "price_per_unit": "57",
        "price_unit": "G"
      },
      {
        "state": "QLD",
        "price": "245",
        "price_per_unit": "57",
        "price_unit": "G"
      },
      {
        "state": "WA",
        "price": "245",
        "price_per_unit": "57",
        "price_unit": "G"
      },
      {
        "state": "TAS",
        "price": "245",
        "price_per_unit": "57",
        "price_unit": "G"
      },
      {
        "state": "ACT",
        "price": "245",
        "price_per_unit": "57",
        "price_unit": "G"
      },
      {
        "state": "NT",
        "price": "245",
        "price_per_unit": "57",
        "price_unit": "G"
      }
    ]
  },
  {
    "source_url": "https://www.woolworths.com.au/shop/productdetails/262151/woolworths-dolmades-traditional-traditional",
    "name": "Woolworths Dolmades Traditional Traditional 280g",
    "image_url": "https://cdn1.woolworths.media/content/wowproductimages/large/262151.jpg",
    "source_id": "Woolworths - 262151",
    "barcode": "9300633973223",
    "shop": "Woolworths",
    "weight": "1KG",
    "prices": [
      {
        "state": "NSW",
        "price": "330",
        "price_per_unit": "1179",
        "price_unit": "KG"
      },
      {
        "state": "VIC",
        "price": "330",
        "price_per_unit": "1179",
        "price_unit": "KG"
      },
      {
        "state": "TAS",
        "price": "330",
        "price_per_unit": "1179",
        "price_unit": "KG"
      },
      {
        "state": "ACT",
        "price": "330",
        "price_per_unit": "1179",
        "price_unit": "KG"
      },
      {
        "state": "NT",
        "price": "330",
        "price_per_unit": "1179",
        "price_unit": "KG"
      }
    ]
  },
  {
    "source_url": "https://www.woolworths.com.au/shop/productdetails/524430/woolworths-green-stuffed-olives",
    "name": "Woolworths Green Stuffed Olives 450g",
    "image_url": "https://cdn1.woolworths.media/content/wowproductimages/large/524430.jpg",
    "source_id": "Woolworths - 524430",
    "barcode": "9300633615253",
    "shop": "Woolworths",
    "weight": "100G",
    "prices": [
      {
        "state": "NSW",
        "price": "230",
        "price_per_unit": "51",
        "price_unit": "G"
      },
      {
        "state": "VIC",
        "price": "230",
        "price_per_unit": "51",
        "price_unit": "G"
      },
      {
        "state": "TAS",
        "price": "230",
        "price_per_unit": "51",
        "price_unit": "G"
      },
      {
        "state": "ACT",
        "price": "230",
        "price_per_unit": "51",
        "price_unit": "G"
      },
      {
        "state": "NT",
        "price": "240",
        "price_per_unit": "53",
        "price_unit": "G"
      }
    ]
  },
  {
    "source_url": "https://www.woolworths.com.au/shop/productdetails/690365/woolworths-pitted-kalamata-olives",
    "name": "Woolworths Pitted Kalamata Olives 345g",
    "image_url": "https://cdn1.woolworths.media/content/wowproductimages/large/690365.jpg",
    "source_id": "Woolworths - 690365",
    "barcode": "9300633248536",
    "shop": "Woolworths",
    "weight": "1KG",
    "prices": [
      {
        "state": "NSW",
        "price": "350",
        "price_per_unit": "1014",
        "price_unit": "KG"
      },
      {
        "state": "VIC",
        "price": "350",
        "price_per_unit": "1014",
        "price_unit": "KG"
      },
      {
        "state": "TAS",
        "price": "350",
        "price_per_unit": "1014",
        "price_unit": "KG"
      },
      {
        "state": "NT",
        "price": "350",
        "price_per_unit": "1014",
        "price_unit": "KG"
      }
    ]
  },
  {
    "source_url": "https://www.woolworths.com.au/shop/productdetails/520728/woolworths-sundried-tomato-strips",
    "name": "Woolworths Sundried Tomato Strips 270g",
    "image_url": "https://cdn1.woolworths.media/content/wowproductimages/large/520728.jpg",
    "source_id": "Woolworths - 520728",
    "barcode": "9300633612016",
    "shop": "Woolworths",
    "weight": "100G",
    "prices": [
      {
        "state": "VIC",
        "price": "265",
        "price_per_unit": "98",
        "price_unit": "G"
      },
      {
        "state": "TAS",
        "price": "265",
        "price_per_unit": "98",
        "price_unit": "G"
      },
      {
        "state": "NT",
        "price": "265",
        "price_per_unit": "98",
        "price_unit": "G"
      }
    ]
  },
  {
    "source_url": "https://www.woolworths.com.au/shop/productdetails/620060/always-fresh-baby-cucumbers-with-chilli",
    "name": "Always Fresh Baby Cucumbers With Chilli 350g",
    "image_url": "https://cdn1.woolworths.media/content/wowproductimages/large/620060.jpg",
    "source_id": "Woolworths - 620060",
    "barcode": "9300602370619",
    "shop": "Woolworths",
    "weight": "100G",
    "prices": [
      {
        "state": "VIC",
        "price": "365",
        "price_per_unit": "104",
        "price_unit": "G"
      },
      {
        "state": "QLD",
        "price": "365",
        "price_per_unit": "104",
        "price_unit": "G"
      },
      {
        "state": "WA",
        "price": "365",
        "price_per_unit": "104",
        "price_unit": "G"
      },
      {
        "state": "SA",
        "price": "365",
        "price_per_unit": "104",
        "price_unit": "G"
      },
      {
        "state": "TAS",
        "price": "365",
        "price_per_unit": "104",
        "price_unit": "G"
      },
      {
        "state": "ACT",
        "price": "365",
        "price_per_unit": "104",
        "price_unit": "G"
      },
      {
        "state": "NT",
        "price": "365",
        "price_per_unit": "104",
        "price_unit": "G"
      }
    ]
  },
  {
    "source_url": "https://www.woolworths.com.au/shop/productdetails/484311/always-fresh-black-olives-pitted",
    "name": "Always Fresh Black Olives Pitted 220g",
    "image_url": "https://cdn1.woolworths.media/content/wowproductimages/large/484311.jpg",
    "source_id": "Woolworths - 484311",
    "barcode": "9300602357009",
    "shop": "Woolworths",
    "weight": "100G",
    "prices": [
      {
        "state": "VIC",
        "price": "295",
        "price_per_unit": "134",
        "price_unit": "G"
      },
      {
        "state": "QLD",
        "price": "295",
        "price_per_unit": "134",
        "price_unit": "G"
      },
      {
        "state": "WA",
        "price": "295",
        "price_per_unit": "134",
        "price_unit": "G"
      },
      {
        "state": "SA",
        "price": "295",
        "price_per_unit": "134",
        "price_unit": "G"
      },
      {
        "state": "TAS",
        "price": "295",
        "price_per_unit": "134",
        "price_unit": "G"
      },
      {
        "state": "ACT",
        "price": "295",
        "price_per_unit": "134",
        "price_unit": "G"
      },
      {
        "state": "NT",
        "price": "315",
        "price_per_unit": "143",
        "price_unit": "G"
      }
    ]
  },
  {
    "source_url": "https://www.woolworths.com.au/shop/productdetails/464822/always-fresh-capers-vinegar",
    "name": "Always Fresh Capers Vinegar 230g",
    "image_url": "https://cdn1.woolworths.media/content/wowproductimages/large/464822.jpg",
    "source_id": "Woolworths - 464822",
    "barcode": "9300602367886",
    "shop": "Woolworths",
    "weight": "100G",
    "prices": [
      {
        "state": "VIC",
        "price": "350",
        "price_per_unit": "152",
        "price_unit": "G"
      },
      {
        "state": "QLD",
        "price": "350",
        "price_per_unit": "152",
        "price_unit": "G"
      },
      {
        "state": "WA",
        "price": "350",
        "price_per_unit": "152",
        "price_unit": "G"
      },
      {
        "state": "SA",
        "price": "350",
        "price_per_unit": "152",
        "price_unit": "G"
      },
      {
        "state": "TAS",
        "price": "350",
        "price_per_unit": "152",
        "price_unit": "G"
      },
      {
        "state": "ACT",
        "price": "350",
        "price_per_unit": "152",
        "price_unit": "G"
      },
      {
        "state": "NT",
        "price": "370",
        "price_per_unit": "161",
        "price_unit": "G"
      }
    ]
  },
  {
    "source_url": "https://www.woolworths.com.au/shop/productdetails/39902/always-fresh-cucumbers-dill",
    "name": "Always Fresh Cucumbers Dill 680g",
    "image_url": "https://cdn1.woolworths.media/content/wowproductimages/large/039902.jpg",
    "source_id": "Woolworths - 39902",
    "barcode": "9300602600686",
    "shop": "Woolworths",
    "weight": "1KG",
    "prices": [
      {
        "state": "VIC",
        "price": "350",
        "price_per_unit": "515",
        "price_unit": "KG"
      },
      {
        "state": "QLD",
        "price": "350",
        "price_per_unit": "515",
        "price_unit": "KG"
      },
      {
        "state": "WA",
        "price": "350",
        "price_per_unit": "515",
        "price_unit": "KG"
      },
      {
        "state": "SA",
        "price": "350",
        "price_per_unit": "515",
        "price_unit": "KG"
      },
      {
        "state": "TAS",
        "price": "460",
        "price_per_unit": "676",
        "price_unit": "KG"
      },
      {
        "state": "ACT",
        "price": "350",
        "price_per_unit": "515",
        "price_unit": "KG"
      },
      {
        "state": "NT",
        "price": "370",
        "price_per_unit": "544",
        "price_unit": "KG"
      }
    ]
  },
  {
    "source_url": "https://www.woolworths.com.au/shop/productdetails/198678/always-fresh-dolmades",
    "name": "Always Fresh Dolmades 280g",
    "image_url": "https://cdn1.woolworths.media/content/wowproductimages/large/198678.jpg",
    "source_id": "Woolworths - 198678",
    "barcode": "9300602357658",
    "shop": "Woolworths",
    "weight": "1KG",
    "prices": [
      {
        "state": "VIC",
        "price": "440",
        "price_per_unit": "1571",
        "price_unit": "KG"
      },
      {
        "state": "QLD",
        "price": "440",
        "price_per_unit": "1571",
        "price_unit": "KG"
      },
      {
        "state": "WA",
        "price": "440",
        "price_per_unit": "1571",
        "price_unit": "KG"
      },
      {
        "state": "SA",
        "price": "440",
        "price_per_unit": "1571",
        "price_unit": "KG"
      },
      {
        "state": "TAS",
        "price": "440",
        "price_per_unit": "1571",
        "price_unit": "KG"
      },
      {
        "state": "ACT",
        "price": "440",
        "price_per_unit": "1571",
        "price_unit": "KG"
      },
      {
        "state": "NT",
        "price": "515",
        "price_per_unit": "1839",
        "price_unit": "KG"
      }
    ]
  },
  {
    "source_url": "https://www.woolworths.com.au/shop/productdetails/326241/always-fresh-lemon-chilli-split-green-olives",
    "name": "Always Fresh Lemon & Chilli Split Green Olives 240g",
    "image_url": "https://cdn1.woolworths.media/content/wowproductimages/large/326241.jpg",
    "source_id": "Woolworths - 326241",
    "barcode": "9300602378110",
    "shop": "Woolworths",
    "weight": "100G",
    "prices": [
      {
        "state": "VIC",
        "price": "600",
        "price_per_unit": "250",
        "price_unit": "G"
      },
      {
        "state": "QLD",
        "price": "600",
        "price_per_unit": "250",
        "price_unit": "G"
      },
      {
        "state": "WA",
        "price": "600",
        "price_per_unit": "250",
        "price_unit": "G"
      },
      {
        "state": "SA",
        "price": "600",
        "price_per_unit": "250",
        "price_unit": "G"
      },
      {
        "state": "TAS",
        "price": "600",
        "price_per_unit": "250",
        "price_unit": "G"
      },
      {
        "state": "ACT",
        "price": "600",
        "price_per_unit": "250",
        "price_unit": "G"
      },
      {
        "state": "NT",
        "price": "315",
        "price_per_unit": "131",
        "price_unit": "G"
      }
    ]
  },
  {
    "source_url": "https://www.woolworths.com.au/shop/productdetails/464637/always-fresh-marinated-artichoke-hearts",
    "name": "Always Fresh Marinated Artichoke Hearts 230g",
    "image_url": "https://cdn1.woolworths.media/content/wowproductimages/large/464637.jpg",
    "source_id": "Woolworths - 464637",
    "barcode": "9300602367404",
    "shop": "Woolworths",
    "weight": "1KG",
    "prices": [
      {
        "state": "VIC",
        "price": "350",
        "price_per_unit": "1522",
        "price_unit": "KG"
      },
      {
        "state": "QLD",
        "price": "350",
        "price_per_unit": "1522",
        "price_unit": "KG"
      },
      {
        "state": "WA",
        "price": "350",
        "price_per_unit": "1522",
        "price_unit": "KG"
      },
      {
        "state": "SA",
        "price": "350",
        "price_per_unit": "1522",
        "price_unit": "KG"
      },
      {
        "state": "TAS",
        "price": "310",
        "price_per_unit": "1348",
        "price_unit": "KG"
      },
      {
        "state": "ACT",
        "price": "310",
        "price_per_unit": "1348",
        "price_unit": "KG"
      },
      {
        "state": "NT",
        "price": "330",
        "price_per_unit": "1435",
        "price_unit": "KG"
      }
    ]
  },
  {
    "source_url": "https://www.woolworths.com.au/shop/productdetails/691211/always-fresh-mushrooms-whole",
    "name": "Always Fresh Mushrooms Whole 230g",
    "image_url": "https://cdn1.woolworths.media/content/wowproductimages/large/691211.jpg",
    "source_id": "Woolworths - 691211",
    "barcode": "9300602365660",
    "shop": "Woolworths",
    "weight": "1KG",
    "prices": [
      {
        "state": "VIC",
        "price": "460",
        "price_per_unit": "2000",
        "price_unit": "KG"
      },
      {
        "state": "QLD",
        "price": "460",
        "price_per_unit": "2000",
        "price_unit": "KG"
      },
      {
        "state": "WA",
        "price": "460",
        "price_per_unit": "2000",
        "price_unit": "KG"
      },
      {
        "state": "SA",
        "price": "460",
        "price_per_unit": "2000",
        "price_unit": "KG"
      },
      {
        "state": "TAS",
        "price": "460",
        "price_per_unit": "2000",
        "price_unit": "KG"
      },
      {
        "state": "ACT",
        "price": "400",
        "price_per_unit": "1739",
        "price_unit": "KG"
      },
      {
        "state": "NT",
        "price": "425",
        "price_per_unit": "1848",
        "price_unit": "KG"
      }
    ]
  },
  {
    "source_url": "https://www.woolworths.com.au/shop/productdetails/72511/always-fresh-olives-black-sliced",
    "name": "Always Fresh Olives Black Sliced 235g",
    "image_url": "https://cdn1.woolworths.media/content/wowproductimages/large/072511.jpg",
    "source_id": "Woolworths - 72511",
    "barcode": "9300602355876",
    "shop": "Woolworths",
    "weight": "1KG",
    "prices": [
      {
        "state": "VIC",
        "price": "295",
        "price_per_unit": "1255",
        "price_unit": "KG"
      },
      {
        "state": "QLD",
        "price": "295",
        "price_per_unit": "1255",
        "price_unit": "KG"
      },
      {
        "state": "WA",
        "price": "295",
        "price_per_unit": "1255",
        "price_unit": "KG"
      },
      {
        "state": "SA",
        "price": "295",
        "price_per_unit": "1255",
        "price_unit": "KG"
      },
      {
        "state": "TAS",
        "price": "295",
        "price_per_unit": "1255",
        "price_unit": "KG"
      },
      {
        "state": "ACT",
        "price": "295",
        "price_per_unit": "1255",
        "price_unit": "KG"
      },
      {
        "state": "NT",
        "price": "315",
        "price_per_unit": "1340",
        "price_unit": "KG"
      }
    ]
  },
  {
    "source_url": "https://www.woolworths.com.au/shop/productdetails/32842/always-fresh-olives-stuffed-green-pimento",
    "name": "Always Fresh Olives Stuffed Green Pimento 450g",
    "image_url": "https://cdn1.woolworths.media/content/wowproductimages/large/032842.jpg",
    "source_id": "Woolworths - 32842",
    "barcode": "9300602604257",
    "shop": "Woolworths",
    "weight": "1KG",
    "prices": [
      {
        "state": "VIC",
        "price": "480",
        "price_per_unit": "1067",
        "price_unit": "KG"
      },
      {
        "state": "QLD",
        "price": "480",
        "price_per_unit": "1067",
        "price_unit": "KG"
      },
      {
        "state": "WA",
        "price": "480",
        "price_per_unit": "1067",
        "price_unit": "KG"
      },
      {
        "state": "SA",
        "price": "480",
        "price_per_unit": "1067",
        "price_unit": "KG"
      },
      {
        "state": "TAS",
        "price": "480",
        "price_per_unit": "1067",
        "price_unit": "KG"
      },
      {
        "state": "ACT",
        "price": "480",
        "price_per_unit": "1067",
        "price_unit": "KG"
      },
      {
        "state": "NT",
        "price": "505",
        "price_per_unit": "1122",
        "price_unit": "KG"
      }
    ]
  },
  {
    "source_url": "https://www.woolworths.com.au/shop/productdetails/465076/always-fresh-roasted-pepper-strips",
    "name": "Always Fresh Roasted Pepper Strips 310g",
    "image_url": "https://cdn1.woolworths.media/content/wowproductimages/large/465076.jpg",
    "source_id": "Woolworths - 465076",
    "barcode": "9300602368845",
    "shop": "Woolworths",
    "weight": "1KG",
    "prices": [
      {
        "state": "VIC",
        "price": "550",
        "price_per_unit": "1774",
        "price_unit": "KG"
      },
      {
        "state": "QLD",
        "price": "550",
        "price_per_unit": "1774",
        "price_unit": "KG"
      },
      {
        "state": "WA",
        "price": "550",
        "price_per_unit": "1774",
        "price_unit": "KG"
      },
      {
        "state": "SA",
        "price": "550",
        "price_per_unit": "1774",
        "price_unit": "KG"
      },
      {
        "state": "TAS",
        "price": "550",
        "price_per_unit": "1774",
        "price_unit": "KG"
      },
      {
        "state": "ACT",
        "price": "550",
        "price_per_unit": "1774",
        "price_unit": "KG"
      },
      {
        "state": "NT",
        "price": "580",
        "price_per_unit": "1871",
        "price_unit": "KG"
      }
    ]
  },
  {
    "source_url": "https://www.woolworths.com.au/shop/productdetails/465062/always-fresh-roasted-peppers-whole",
    "name": "Always Fresh Roasted Peppers Whole 330g",
    "image_url": "https://cdn1.woolworths.media/content/wowproductimages/large/465062.jpg",
    "source_id": "Woolworths - 465062",
    "barcode": "9300602366605",
    "shop": "Woolworths",
    "weight": "1KG",
    "prices": [
      {
        "state": "VIC",
        "price": "550",
        "price_per_unit": "1667",
        "price_unit": "KG"
      },
      {
        "state": "QLD",
        "price": "550",
        "price_per_unit": "1667",
        "price_unit": "KG"
      },
      {
        "state": "WA",
        "price": "550",
        "price_per_unit": "1667",
        "price_unit": "KG"
      },
      {
        "state": "SA",
        "price": "550",
        "price_per_unit": "1667",
        "price_unit": "KG"
      },
      {
        "state": "TAS",
        "price": "550",
        "price_per_unit": "1667",
        "price_unit": "KG"
      },
      {
        "state": "ACT",
        "price": "550",
        "price_per_unit": "1667",
        "price_unit": "KG"
      },
      {
        "state": "NT",
        "price": "580",
        "price_per_unit": "1758",
        "price_unit": "KG"
      }
    ]
  },
  {
    "source_url": "https://www.woolworths.com.au/shop/productdetails/465070/always-fresh-sundried-tomatoes-strips",
    "name": "Always Fresh Sundried Tomatoes Strips 220g",
    "image_url": "https://cdn1.woolworths.media/content/wowproductimages/large/465070.jpg",
    "source_id": "Woolworths - 465070",
    "barcode": "9300602366445",
    "shop": "Woolworths",
    "weight": "1KG",
    "prices": [
      {
        "state": "VIC",
        "price": "500",
        "price_per_unit": "2273",
        "price_unit": "KG"
      },
      {
        "state": "QLD",
        "price": "500",
        "price_per_unit": "2273",
        "price_unit": "KG"
      },
      {
        "state": "WA",
        "price": "500",
        "price_per_unit": "2273",
        "price_unit": "KG"
      },
      {
        "state": "SA",
        "price": "500",
        "price_per_unit": "2273",
        "price_unit": "KG"
      },
      {
        "state": "TAS",
        "price": "375",
        "price_per_unit": "1705",
        "price_unit": "KG"
      },
      {
        "state": "ACT",
        "price": "375",
        "price_per_unit": "1705",
        "price_unit": "KG"
      },
      {
        "state": "NT",
        "price": "390",
        "price_per_unit": "1773",
        "price_unit": "KG"
      }
    ]
  },
  {
    "source_url": "https://www.woolworths.com.au/shop/productdetails/465135/always-fresh-traditional-sauerkraut",
    "name": "Always Fresh Traditional Sauerkraut 460g",
    "image_url": "https://cdn1.woolworths.media/content/wowproductimages/large/465135.jpg",
    "source_id": "Woolworths - 465135",
    "barcode": "9300602366612",
    "shop": "Woolworths",
    "weight": "1KG",
    "prices": [
      {
        "state": "VIC",
        "price": "380",
        "price_per_unit": "826",
        "price_unit": "KG"
      },
      {
        "state": "QLD",
        "price": "380",
        "price_per_unit": "826",
        "price_unit": "KG"
      },
      {
        "state": "WA",
        "price": "380",
        "price_per_unit": "826",
        "price_unit": "KG"
      },
      {
        "state": "SA",
        "price": "380",
        "price_per_unit": "826",
        "price_unit": "KG"
      },
      {
        "state": "TAS",
        "price": "380",
        "price_per_unit": "826",
        "price_unit": "KG"
      },
      {
        "state": "ACT",
        "price": "380",
        "price_per_unit": "826",
        "price_unit": "KG"
      },
      {
        "state": "NT",
        "price": "400",
        "price_per_unit": "870",
        "price_unit": "KG"
      }
    ]
  },
  {
    "source_url": "https://www.woolworths.com.au/shop/productdetails/335122/always-fresh-whole-giant-pitted-green-olives",
    "name": "Always Fresh Whole Giant Pitted Green Olives 240g",
    "image_url": "https://cdn1.woolworths.media/content/wowproductimages/large/335122.jpg",
    "source_id": "Woolworths - 335122",
    "barcode": "9300602377953",
    "shop": "Woolworths",
    "weight": "100G",
    "prices": [
      {
        "state": "VIC",
        "price": "600",
        "price_per_unit": "250",
        "price_unit": "G"
      },
      {
        "state": "QLD",
        "price": "600",
        "price_per_unit": "250",
        "price_unit": "G"
      },
      {
        "state": "WA",
        "price": "600",
        "price_per_unit": "250",
        "price_unit": "G"
      },
      {
        "state": "SA",
        "price": "600",
        "price_per_unit": "250",
        "price_unit": "G"
      },
      {
        "state": "TAS",
        "price": "600",
        "price_per_unit": "250",
        "price_unit": "G"
      },
      {
        "state": "ACT",
        "price": "600",
        "price_per_unit": "250",
        "price_unit": "G"
      },
      {
        "state": "NT",
        "price": "315",
        "price_per_unit": "131",
        "price_unit": "G"
      }
    ]
  },
  {
    "source_url": "https://www.woolworths.com.au/shop/productdetails/25087/blue-banner-onions-pickled",
    "name": "Blue Banner Onions Pickled 525g",
    "image_url": "https://cdn1.woolworths.media/content/wowproductimages/large/025087.jpg",
    "source_id": "Woolworths - 25087",
    "barcode": "9310748076511",
    "shop": "Woolworths",
    "weight": "1KG",
    "prices": [
      {
        "state": "VIC",
        "price": "550",
        "price_per_unit": "1048",
        "price_unit": "KG"
      },
      {
        "state": "QLD",
        "price": "550",
        "price_per_unit": "1048",
        "price_unit": "KG"
      },
      {
        "state": "WA",
        "price": "550",
        "price_per_unit": "1048",
        "price_unit": "KG"
      },
      {
        "state": "SA",
        "price": "550",
        "price_per_unit": "1048",
        "price_unit": "KG"
      },
      {
        "state": "TAS",
        "price": "550",
        "price_per_unit": "1048",
        "price_unit": "KG"
      },
      {
        "state": "ACT",
        "price": "550",
        "price_per_unit": "1048",
        "price_unit": "KG"
      },
      {
        "state": "NT",
        "price": "585",
        "price_per_unit": "1114",
        "price_unit": "KG"
      }
    ]
  },
  {
    "source_url": "https://www.woolworths.com.au/shop/productdetails/236812/blue-banner-tasmanian-pickled-onions",
    "name": "Blue Banner Tasmanian Pickled Onions 525g",
    "image_url": "https://cdn1.woolworths.media/content/wowproductimages/large/236812.jpg",
    "source_id": "Woolworths - 236812",
    "barcode": "9300660446967",
    "shop": "Woolworths",
    "weight": "100G",
    "prices": [
      {
        "state": "VIC",
        "price": "650",
        "price_per_unit": "124",
        "price_unit": "G"
      },
      {
        "state": "QLD",
        "price": "650",
        "price_per_unit": "124",
        "price_unit": "G"
      },
      {
        "state": "WA",
        "price": "650",
        "price_per_unit": "124",
        "price_unit": "G"
      },
      {
        "state": "SA",
        "price": "650",
        "price_per_unit": "124",
        "price_unit": "G"
      },
      {
        "state": "TAS",
        "price": "550",
        "price_per_unit": "105",
        "price_unit": "G"
      },
      {
        "state": "ACT",
        "price": "550",
        "price_per_unit": "105",
        "price_unit": "G"
      },
      {
        "state": "NT",
        "price": "550",
        "price_per_unit": "105",
        "price_unit": "G"
      }
    ]
  },
  {
    "source_url": "https://www.woolworths.com.au/shop/productdetails/920565/bryne-co-baby-capers",
    "name": "Bryne Co Baby Capers 99g",
    "image_url": "https://cdn1.woolworths.media/content/wowproductimages/large/920565.jpg",
    "source_id": "Woolworths - 920565",
    "barcode": "9351864001551",
    "shop": "Woolworths",
    "weight": "100G",
    "prices": [
      {
        "state": "VIC",
        "price": "270",
        "price_per_unit": "273",
        "price_unit": "G"
      },
      {
        "state": "QLD",
        "price": "270",
        "price_per_unit": "273",
        "price_unit": "G"
      },
      {
        "state": "WA",
        "price": "270",
        "price_per_unit": "273",
        "price_unit": "G"
      },
      {
        "state": "SA",
        "price": "270",
        "price_per_unit": "273",
        "price_unit": "G"
      },
      {
        "state": "TAS",
        "price": "270",
        "price_per_unit": "273",
        "price_unit": "G"
      },
      {
        "state": "ACT",
        "price": "270",
        "price_per_unit": "273",
        "price_unit": "G"
      },
      {
        "state": "NT",
        "price": "270",
        "price_per_unit": "273",
        "price_unit": "G"
      }
    ]
  },
  {
    "source_url": "https://www.woolworths.com.au/shop/productdetails/334953/bryne-co-burger-pickles",
    "name": "Bryne Co Burger Pickles 500g",
    "image_url": "https://cdn1.woolworths.media/content/wowproductimages/large/334953.jpg",
    "source_id": "Woolworths - 334953",
    "barcode": "9351864000608",
    "shop": "Woolworths",
    "weight": "100G",
    "prices": [
      {
        "state": "VIC",
        "price": "300",
        "price_per_unit": "60",
        "price_unit": "G"
      },
      {
        "state": "QLD",
        "price": "300",
        "price_per_unit": "60",
        "price_unit": "G"
      },
      {
        "state": "WA",
        "price": "300",
        "price_per_unit": "60",
        "price_unit": "G"
      },
      {
        "state": "SA",
        "price": "300",
        "price_per_unit": "60",
        "price_unit": "G"
      },
      {
        "state": "TAS",
        "price": "300",
        "price_per_unit": "60",
        "price_unit": "G"
      },
      {
        "state": "ACT",
        "price": "300",
        "price_per_unit": "60",
        "price_unit": "G"
      },
      {
        "state": "NT",
        "price": "300",
        "price_per_unit": "60",
        "price_unit": "G"
      }
    ]
  },
  {
    "source_url": "https://www.woolworths.com.au/shop/productdetails/172297/bryne-co-kimchi",
    "name": "Bryne Co Kimchi 460g",
    "image_url": "https://cdn1.woolworths.media/content/wowproductimages/large/172297.jpg",
    "source_id": "Woolworths - 172297",
    "barcode": "9351864000233",
    "shop": "Woolworths",
    "weight": "100G",
    "prices": [
      {
        "state": "VIC",
        "price": "380",
        "price_per_unit": "83",
        "price_unit": "G"
      },
      {
        "state": "QLD",
        "price": "380",
        "price_per_unit": "83",
        "price_unit": "G"
      },
      {
        "state": "WA",
        "price": "380",
        "price_per_unit": "83",
        "price_unit": "G"
      },
      {
        "state": "SA",
        "price": "380",
        "price_per_unit": "83",
        "price_unit": "G"
      },
      {
        "state": "TAS",
        "price": "330",
        "price_per_unit": "72",
        "price_unit": "G"
      },
      {
        "state": "ACT",
        "price": "330",
        "price_per_unit": "72",
        "price_unit": "G"
      },
      {
        "state": "NT",
        "price": "400",
        "price_per_unit": "87",
        "price_unit": "G"
      }
    ]
  },
  {
    "source_url": "https://www.woolworths.com.au/shop/productdetails/334324/bryne-co-pickled-gherkin-spears",
    "name": "Bryne Co Pickled Gherkin Spears 680g",
    "image_url": "https://cdn1.woolworths.media/content/wowproductimages/large/334324.jpg",
    "source_id": "Woolworths - 334324",
    "barcode": "9351864001308",
    "shop": "Woolworths",
    "weight": "100G",
    "prices": [
      {
        "state": "VIC",
        "price": "300",
        "price_per_unit": "44",
        "price_unit": "G"
      },
      {
        "state": "QLD",
        "price": "300",
        "price_per_unit": "44",
        "price_unit": "G"
      },
      {
        "state": "WA",
        "price": "300",
        "price_per_unit": "44",
        "price_unit": "G"
      },
      {
        "state": "SA",
        "price": "300",
        "price_per_unit": "44",
        "price_unit": "G"
      },
      {
        "state": "TAS",
        "price": "300",
        "price_per_unit": "44",
        "price_unit": "G"
      },
      {
        "state": "ACT",
        "price": "300",
        "price_per_unit": "44",
        "price_unit": "G"
      },
      {
        "state": "NT",
        "price": "300",
        "price_per_unit": "44",
        "price_unit": "G"
      }
    ]
  },
  {
    "source_url": "https://www.woolworths.com.au/shop/productdetails/336632/bryne-co-sandwich-stackers",
    "name": "Bryne Co Sandwich Stackers 500g",
    "image_url": "https://cdn1.woolworths.media/content/wowproductimages/large/336632.jpg",
    "source_id": "Woolworths - 336632",
    "barcode": "9351864000622",
    "shop": "Woolworths",
    "weight": "100G",
    "prices": [
      {
        "state": "VIC",
        "price": "300",
        "price_per_unit": "60",
        "price_unit": "G"
      },
      {
        "state": "QLD",
        "price": "300",
        "price_per_unit": "60",
        "price_unit": "G"
      },
      {
        "state": "WA",
        "price": "300",
        "price_per_unit": "60",
        "price_unit": "G"
      },
      {
        "state": "SA",
        "price": "300",
        "price_per_unit": "60",
        "price_unit": "G"
      },
      {
        "state": "TAS",
        "price": "300",
        "price_per_unit": "60",
        "price_unit": "G"
      },
      {
        "state": "ACT",
        "price": "300",
        "price_per_unit": "60",
        "price_unit": "G"
      },
      {
        "state": "NT",
        "price": "300",
        "price_per_unit": "60",
        "price_unit": "G"
      }
    ]
  },
  {
    "source_url": "https://www.woolworths.com.au/shop/productdetails/172109/bryne-co-sauerkraut",
    "name": "Bryne Co Sauerkraut 475g",
    "image_url": "https://cdn1.woolworths.media/content/wowproductimages/large/172109.jpg",
    "source_id": "Woolworths - 172109",
    "barcode": "9351864000219",
    "shop": "Woolworths",
    "weight": "100G",
    "prices": [
      {
        "state": "VIC",
        "price": "400",
        "price_per_unit": "84",
        "price_unit": "G"
      },
      {
        "state": "QLD",
        "price": "400",
        "price_per_unit": "84",
        "price_unit": "G"
      },
      {
        "state": "WA",
        "price": "400",
        "price_per_unit": "84",
        "price_unit": "G"
      },
      {
        "state": "SA",
        "price": "400",
        "price_per_unit": "84",
        "price_unit": "G"
      },
      {
        "state": "TAS",
        "price": "330",
        "price_per_unit": "69",
        "price_unit": "G"
      },
      {
        "state": "ACT",
        "price": "330",
        "price_per_unit": "69",
        "price_unit": "G"
      },
      {
        "state": "NT",
        "price": "420",
        "price_per_unit": "88",
        "price_unit": "G"
      }
    ]
  },
  {
    "source_url": "https://www.woolworths.com.au/shop/productdetails/322619/bryne-co-sliced-black-olives",
    "name": "Bryne Co Sliced Black Olives 430g",
    "image_url": "https://cdn1.woolworths.media/content/wowproductimages/large/322619.jpg",
    "source_id": "Woolworths - 322619",
    "barcode": "9351864001353",
    "shop": "Woolworths",
    "weight": "100G",
    "prices": [
      {
        "state": "VIC",
        "price": "350",
        "price_per_unit": "81",
        "price_unit": "G"
      },
      {
        "state": "QLD",
        "price": "350",
        "price_per_unit": "81",
        "price_unit": "G"
      },
      {
        "state": "WA",
        "price": "350",
        "price_per_unit": "81",
        "price_unit": "G"
      },
      {
        "state": "SA",
        "price": "350",
        "price_per_unit": "81",
        "price_unit": "G"
      },
      {
        "state": "TAS",
        "price": "350",
        "price_per_unit": "81",
        "price_unit": "G"
      },
      {
        "state": "ACT",
        "price": "350",
        "price_per_unit": "81",
        "price_unit": "G"
      },
      {
        "state": "NT",
        "price": "370",
        "price_per_unit": "86",
        "price_unit": "G"
      }
    ]
  },
  {
    "source_url": "https://www.woolworths.com.au/shop/productdetails/333771/bryne-co-sliced-pickled-jalapenos",
    "name": "Bryne Co Sliced Pickled Jalapenos 500g",
    "image_url": "https://cdn1.woolworths.media/content/wowproductimages/large/333771.jpg",
    "source_id": "Woolworths - 333771",
    "barcode": "9351864000639",
    "shop": "Woolworths",
    "weight": "100G",
    "prices": [
      {
        "state": "VIC",
        "price": "300",
        "price_per_unit": "60",
        "price_unit": "G"
      },
      {
        "state": "QLD",
        "price": "300",
        "price_per_unit": "60",
        "price_unit": "G"
      },
      {
        "state": "WA",
        "price": "300",
        "price_per_unit": "60",
        "price_unit": "G"
      },
      {
        "state": "SA",
        "price": "300",
        "price_per_unit": "60",
        "price_unit": "G"
      },
      {
        "state": "TAS",
        "price": "300",
        "price_per_unit": "60",
        "price_unit": "G"
      },
      {
        "state": "ACT",
        "price": "300",
        "price_per_unit": "60",
        "price_unit": "G"
      },
      {
        "state": "NT",
        "price": "300",
        "price_per_unit": "60",
        "price_unit": "G"
      }
    ]
  },
  {
    "source_url": "https://www.woolworths.com.au/shop/productdetails/334325/bryne-co-sliced-pickled-jalapenos-chilli-medley",
    "name": "Bryne Co Sliced Pickled Jalapenos Chilli Medley 500g",
    "image_url": "https://cdn1.woolworths.media/content/wowproductimages/large/334325.jpg",
    "source_id": "Woolworths - 334325",
    "barcode": "9351864001339",
    "shop": "Woolworths",
    "weight": "100G",
    "prices": [
      {
        "state": "VIC",
        "price": "300",
        "price_per_unit": "60",
        "price_unit": "G"
      },
      {
        "state": "QLD",
        "price": "300",
        "price_per_unit": "60",
        "price_unit": "G"
      },
      {
        "state": "WA",
        "price": "300",
        "price_per_unit": "60",
        "price_unit": "G"
      },
      {
        "state": "SA",
        "price": "300",
        "price_per_unit": "60",
        "price_unit": "G"
      },
      {
        "state": "TAS",
        "price": "300",
        "price_per_unit": "60",
        "price_unit": "G"
      },
      {
        "state": "ACT",
        "price": "300",
        "price_per_unit": "60",
        "price_unit": "G"
      },
      {
        "state": "NT",
        "price": "300",
        "price_per_unit": "60",
        "price_unit": "G"
      }
    ]
  },
  {
    "source_url": "https://www.woolworths.com.au/shop/productdetails/334594/bryne-co-stuffed-green-olives",
    "name": "Bryne Co Stuffed Green Olives 450g",
    "image_url": "https://cdn1.woolworths.media/content/wowproductimages/large/334594.jpg",
    "source_id": "Woolworths - 334594",
    "barcode": "9351864001346",
    "shop": "Woolworths",
    "weight": "100G",
    "prices": [
      {
        "state": "VIC",
        "price": "350",
        "price_per_unit": "78",
        "price_unit": "G"
      },
      {
        "state": "QLD",
        "price": "350",
        "price_per_unit": "78",
        "price_unit": "G"
      },
      {
        "state": "WA",
        "price": "350",
        "price_per_unit": "78",
        "price_unit": "G"
      },
      {
        "state": "SA",
        "price": "350",
        "price_per_unit": "78",
        "price_unit": "G"
      },
      {
        "state": "TAS",
        "price": "350",
        "price_per_unit": "78",
        "price_unit": "G"
      },
      {
        "state": "ACT",
        "price": "350",
        "price_per_unit": "78",
        "price_unit": "G"
      },
      {
        "state": "NT",
        "price": "370",
        "price_per_unit": "82",
        "price_unit": "G"
      }
    ]
  },
  {
    "source_url": "https://www.woolworths.com.au/shop/productdetails/171870/fehlbergs-crunchy-sweet-spiced-gherkins-original-recipe",
    "name": "Fehlbergs Crunchy Sweet Spiced Gherkins Original Recipe 530g",
    "image_url": "https://cdn1.woolworths.media/content/wowproductimages/large/171870.jpg",
    "source_id": "Woolworths - 171870",
    "barcode": "9300602368395",
    "shop": "Woolworths",
    "weight": "100G",
    "prices": [
      {
        "state": "VIC",
        "price": "330",
        "price_per_unit": "62",
        "price_unit": "G"
      },
      {
        "state": "QLD",
        "price": "330",
        "price_per_unit": "62",
        "price_unit": "G"
      },
      {
        "state": "WA",
        "price": "330",
        "price_per_unit": "62",
        "price_unit": "G"
      },
      {
        "state": "SA",
        "price": "330",
        "price_per_unit": "62",
        "price_unit": "G"
      },
      {
        "state": "TAS",
        "price": "330",
        "price_per_unit": "62",
        "price_unit": "G"
      },
      {
        "state": "ACT",
        "price": "330",
        "price_per_unit": "62",
        "price_unit": "G"
      },
      {
        "state": "NT",
        "price": "345",
        "price_per_unit": "65",
        "price_unit": "G"
      }
    ]
  },
  {
    "source_url": "https://www.woolworths.com.au/shop/productdetails/467387/fehlbergs-european-style-dill-pickled-cucumbers",
    "name": "Fehlbergs European Style Dill Pickled Cucumbers 680g",
    "image_url": "https://cdn1.woolworths.media/content/wowproductimages/large/467387.jpg",
    "source_id": "Woolworths - 467387",
    "barcode": "9311978001601",
    "shop": "Woolworths",
    "weight": "1KG",
    "prices": [
      {
        "state": "VIC",
        "price": "330",
        "price_per_unit": "485",
        "price_unit": "KG"
      },
      {
        "state": "QLD",
        "price": "330",
        "price_per_unit": "485",
        "price_unit": "KG"
      },
      {
        "state": "WA",
        "price": "330",
        "price_per_unit": "485",
        "price_unit": "KG"
      },
      {
        "state": "SA",
        "price": "330",
        "price_per_unit": "485",
        "price_unit": "KG"
      },
      {
        "state": "TAS",
        "price": "330",
        "price_per_unit": "485",
        "price_unit": "KG"
      },
      {
        "state": "ACT",
        "price": "330",
        "price_per_unit": "485",
        "price_unit": "KG"
      },
      {
        "state": "NT",
        "price": "345",
        "price_per_unit": "507",
        "price_unit": "KG"
      }
    ]
  },
  {
    "source_url": "https://www.woolworths.com.au/shop/productdetails/619816/fehlbergs-jalapenos-chilli-mix",
    "name": "Fehlbergs Jalapenos & Chilli Mix 470g",
    "image_url": "https://cdn1.woolworths.media/content/wowproductimages/large/619816.jpg",
    "source_id": "Woolworths - 619816",
    "barcode": "9300602370299",
    "shop": "Woolworths",
    "weight": "100G",
    "prices": [
      {
        "state": "VIC",
        "price": "400",
        "price_per_unit": "85",
        "price_unit": "G"
      },
      {
        "state": "QLD",
        "price": "400",
        "price_per_unit": "85",
        "price_unit": "G"
      },
      {
        "state": "WA",
        "price": "400",
        "price_per_unit": "85",
        "price_unit": "G"
      },
      {
        "state": "SA",
        "price": "400",
        "price_per_unit": "85",
        "price_unit": "G"
      },
      {
        "state": "TAS",
        "price": "340",
        "price_per_unit": "72",
        "price_unit": "G"
      },
      {
        "state": "ACT",
        "price": "340",
        "price_per_unit": "72",
        "price_unit": "G"
      },
      {
        "state": "NT",
        "price": "360",
        "price_per_unit": "77",
        "price_unit": "G"
      }
    ]
  },
  {
    "source_url": "https://www.woolworths.com.au/shop/productdetails/829338/fehlbergs-jalapenos-pickled",
    "name": "Fehlbergs Jalapenos Pickled 470g",
    "image_url": "https://cdn1.woolworths.media/content/wowproductimages/large/829338.jpg",
    "source_id": "Woolworths - 829338",
    "barcode": "9311978001205",
    "shop": "Woolworths",
    "weight": "1KG",
    "prices": [
      {
        "state": "VIC",
        "price": "400",
        "price_per_unit": "851",
        "price_unit": "KG"
      },
      {
        "state": "QLD",
        "price": "400",
        "price_per_unit": "851",
        "price_unit": "KG"
      },
      {
        "state": "WA",
        "price": "400",
        "price_per_unit": "851",
        "price_unit": "KG"
      },
      {
        "state": "SA",
        "price": "400",
        "price_per_unit": "851",
        "price_unit": "KG"
      },
      {
        "state": "TAS",
        "price": "340",
        "price_per_unit": "723",
        "price_unit": "KG"
      },
      {
        "state": "ACT",
        "price": "340",
        "price_per_unit": "723",
        "price_unit": "KG"
      },
      {
        "state": "NT",
        "price": "360",
        "price_per_unit": "766",
        "price_unit": "KG"
      }
    ]
  },
  {
    "source_url": "https://www.woolworths.com.au/shop/productdetails/74080/fehlbergs-onions-pickled",
    "name": "Fehlbergs Onions Pickled 500g",
    "image_url": "https://cdn1.woolworths.media/content/wowproductimages/large/074080.jpg",
    "source_id": "Woolworths - 74080",
    "barcode": "9311978000017",
    "shop": "Woolworths",
    "weight": "1KG",
    "prices": [
      {
        "state": "VIC",
        "price": "400",
        "price_per_unit": "800",
        "price_unit": "KG"
      },
      {
        "state": "QLD",
        "price": "400",
        "price_per_unit": "800",
        "price_unit": "KG"
      },
      {
        "state": "WA",
        "price": "400",
        "price_per_unit": "800",
        "price_unit": "KG"
      },
      {
        "state": "SA",
        "price": "400",
        "price_per_unit": "800",
        "price_unit": "KG"
      },
      {
        "state": "TAS",
        "price": "335",
        "price_per_unit": "670",
        "price_unit": "KG"
      },
      {
        "state": "ACT",
        "price": "335",
        "price_per_unit": "670",
        "price_unit": "KG"
      },
      {
        "state": "NT",
        "price": "350",
        "price_per_unit": "700",
        "price_unit": "KG"
      }
    ]
  },
  {
    "source_url": "https://www.woolworths.com.au/shop/productdetails/334693/fehlbergs-pickled-baby-cucumbers",
    "name": "Fehlbergs Pickled Baby Cucumbers 380g",
    "image_url": "https://cdn1.woolworths.media/content/wowproductimages/large/334693.jpg",
    "source_id": "Woolworths - 334693",
    "barcode": "9300602378912",
    "shop": "Woolworths",
    "weight": "100G",
    "prices": [
      {
        "state": "VIC",
        "price": "350",
        "price_per_unit": "92",
        "price_unit": "G"
      },
      {
        "state": "QLD",
        "price": "350",
        "price_per_unit": "92",
        "price_unit": "G"
      },
      {
        "state": "WA",
        "price": "350",
        "price_per_unit": "92",
        "price_unit": "G"
      },
      {
        "state": "SA",
        "price": "350",
        "price_per_unit": "92",
        "price_unit": "G"
      },
      {
        "state": "TAS",
        "price": "350",
        "price_per_unit": "92",
        "price_unit": "G"
      },
      {
        "state": "ACT",
        "price": "350",
        "price_per_unit": "92",
        "price_unit": "G"
      },
      {
        "state": "NT",
        "price": "370",
        "price_per_unit": "97",
        "price_unit": "G"
      }
    ]
  },
  {
    "source_url": "https://www.woolworths.com.au/shop/productdetails/691961/fehlbergs-sandwich-stackers",
    "name": "Fehlbergs Sandwich Stackers 500g",
    "image_url": "https://cdn1.woolworths.media/content/wowproductimages/large/691961.jpg",
    "source_id": "Woolworths - 691961",
    "barcode": "9311978001700",
    "shop": "Woolworths",
    "weight": "1KG",
    "prices": [
      {
        "state": "VIC",
        "price": "400",
        "price_per_unit": "800",
        "price_unit": "KG"
      },
      {
        "state": "QLD",
        "price": "400",
        "price_per_unit": "800",
        "price_unit": "KG"
      },
      {
        "state": "WA",
        "price": "400",
        "price_per_unit": "800",
        "price_unit": "KG"
      },
      {
        "state": "SA",
        "price": "400",
        "price_per_unit": "800",
        "price_unit": "KG"
      },
      {
        "state": "TAS",
        "price": "340",
        "price_per_unit": "680",
        "price_unit": "KG"
      },
      {
        "state": "ACT",
        "price": "340",
        "price_per_unit": "680",
        "price_unit": "KG"
      },
      {
        "state": "NT",
        "price": "340",
        "price_per_unit": "680",
        "price_unit": "KG"
      }
    ]
  },
  {
    "source_url": "https://www.woolworths.com.au/shop/productdetails/254286/globus-cucumbers-polish-dill",
    "name": "Globus Cucumbers Polish Dill 680g",
    "image_url": "https://cdn1.woolworths.media/content/wowproductimages/large/254286.jpg",
    "source_id": "Woolworths - 254286",
    "barcode": "9310560014340",
    "shop": "Woolworths",
    "weight": "1KG",
    "prices": [
      {
        "state": "VIC",
        "price": "370",
        "price_per_unit": "544",
        "price_unit": "KG"
      },
      {
        "state": "QLD",
        "price": "370",
        "price_per_unit": "544",
        "price_unit": "KG"
      },
      {
        "state": "WA",
        "price": "370",
        "price_per_unit": "544",
        "price_unit": "KG"
      },
      {
        "state": "SA",
        "price": "370",
        "price_per_unit": "544",
        "price_unit": "KG"
      },
      {
        "state": "TAS",
        "price": "370",
        "price_per_unit": "544",
        "price_unit": "KG"
      },
      {
        "state": "ACT",
        "price": "290",
        "price_per_unit": "426",
        "price_unit": "KG"
      },
      {
        "state": "NT",
        "price": "310",
        "price_per_unit": "456",
        "price_unit": "KG"
      }
    ]
  },
  {
    "source_url": "https://www.woolworths.com.au/shop/productdetails/22560/hoyt-s-giardiniera",
    "name": "Hoyt's Giardiniera 750g",
    "image_url": "https://cdn1.woolworths.media/content/wowproductimages/large/022560.jpg",
    "source_id": "Woolworths - 22560",
    "barcode": "9300725000028",
    "shop": "Woolworths",
    "weight": "1KG",
    "prices": [
      {
        "state": "VIC",
        "price": "315",
        "price_per_unit": "420",
        "price_unit": "KG"
      },
      {
        "state": "QLD",
        "price": "315",
        "price_per_unit": "420",
        "price_unit": "KG"
      },
      {
        "state": "WA",
        "price": "315",
        "price_per_unit": "420",
        "price_unit": "KG"
      },
      {
        "state": "SA",
        "price": "315",
        "price_per_unit": "420",
        "price_unit": "KG"
      },
      {
        "state": "TAS",
        "price": "315",
        "price_per_unit": "420",
        "price_unit": "KG"
      },
      {
        "state": "ACT",
        "price": "315",
        "price_per_unit": "420",
        "price_unit": "KG"
      },
      {
        "state": "NT",
        "price": "315",
        "price_per_unit": "420",
        "price_unit": "KG"
      }
    ]
  },
  {
    "source_url": "https://www.woolworths.com.au/shop/productdetails/10921/always-fresh-baby-cucumbers",
    "name": "Always Fresh Baby Cucumbers 680g",
    "image_url": "https://cdn1.woolworths.media/content/wowproductimages/large/010921.jpg",
    "source_id": "Woolworths - 10921",
    "barcode": "9300602362959",
    "shop": "Woolworths",
    "weight": "1KG",
    "prices": [
      {
        "state": "VIC",
        "price": "670",
        "price_per_unit": "985",
        "price_unit": "KG"
      },
      {
        "state": "SA",
        "price": "670",
        "price_per_unit": "985",
        "price_unit": "KG"
      },
      {
        "state": "TAS",
        "price": "535",
        "price_per_unit": "787",
        "price_unit": "KG"
      },
      {
        "state": "ACT",
        "price": "535",
        "price_per_unit": "787",
        "price_unit": "KG"
      },
      {
        "state": "NT",
        "price": "560",
        "price_per_unit": "824",
        "price_unit": "KG"
      }
    ]
  },
  {
    "source_url": "https://www.woolworths.com.au/shop/productdetails/325790/always-fresh-cucumbers-bread-butter",
    "name": "Always Fresh Cucumbers Bread & Butter 380g",
    "image_url": "https://cdn1.woolworths.media/content/wowproductimages/large/325790.jpg",
    "source_id": "Woolworths - 325790",
    "barcode": "9300602378752",
    "shop": "Woolworths",
    "weight": "100G",
    "prices": [
      {
        "state": "VIC",
        "price": "300",
        "price_per_unit": "79",
        "price_unit": "G"
      },
      {
        "state": "SA",
        "price": "300",
        "price_per_unit": "79",
        "price_unit": "G"
      },
      {
        "state": "TAS",
        "price": "300",
        "price_per_unit": "79",
        "price_unit": "G"
      },
      {
        "state": "ACT",
        "price": "300",
        "price_per_unit": "79",
        "price_unit": "G"
      },
      {
        "state": "NT",
        "price": "315",
        "price_per_unit": "83",
        "price_unit": "G"
      }
    ]
  },
  {
    "source_url": "https://www.woolworths.com.au/shop/productdetails/36375/always-fresh-cucumbers-polish-ogor",
    "name": "Always Fresh Cucumbers Polish Ogor 680g",
    "image_url": "https://cdn1.woolworths.media/content/wowproductimages/large/036375.jpg",
    "source_id": "Woolworths - 36375",
    "barcode": "9300602354411",
    "shop": "Woolworths",
    "weight": "1KG",
    "prices": [
      {
        "state": "VIC",
        "price": "350",
        "price_per_unit": "515",
        "price_unit": "KG"
      },
      {
        "state": "SA",
        "price": "350",
        "price_per_unit": "515",
        "price_unit": "KG"
      },
      {
        "state": "TAS",
        "price": "460",
        "price_per_unit": "676",
        "price_unit": "KG"
      },
      {
        "state": "ACT",
        "price": "350",
        "price_per_unit": "515",
        "price_unit": "KG"
      },
      {
        "state": "NT",
        "price": "370",
        "price_per_unit": "544",
        "price_unit": "KG"
      }
    ]
  },
  {
    "source_url": "https://www.woolworths.com.au/shop/productdetails/913838/always-fresh-green-jalapeno-chilli-hot",
    "name": "Always Fresh Green Jalapeno Chilli Hot 210g",
    "image_url": "https://cdn1.woolworths.media/content/wowproductimages/large/913838.jpg",
    "source_id": "Woolworths - 913838",
    "barcode": "9300602386436",
    "shop": "Woolworths",
    "weight": "1KG",
    "prices": [
      {
        "state": "VIC",
        "price": "350",
        "price_per_unit": "1667",
        "price_unit": "KG"
      },
      {
        "state": "SA",
        "price": "350",
        "price_per_unit": "1667",
        "price_unit": "KG"
      },
      {
        "state": "TAS",
        "price": "240",
        "price_per_unit": "1143",
        "price_unit": "KG"
      },
      {
        "state": "ACT",
        "price": "240",
        "price_per_unit": "1143",
        "price_unit": "KG"
      },
      {
        "state": "NT",
        "price": "240",
        "price_per_unit": "1143",
        "price_unit": "KG"
      }
    ]
  },
  {
    "source_url": "https://www.woolworths.com.au/shop/productdetails/913595/always-fresh-red-sliced-chilli-medium",
    "name": "Always Fresh Red Sliced Chilli Medium 210g",
    "image_url": "https://cdn1.woolworths.media/content/wowproductimages/large/913595.jpg",
    "source_id": "Woolworths - 913595",
    "barcode": "9300602386276",
    "shop": "Woolworths",
    "weight": "1KG",
    "prices": [
      {
        "state": "VIC",
        "price": "350",
        "price_per_unit": "1667",
        "price_unit": "KG"
      },
      {
        "state": "SA",
        "price": "350",
        "price_per_unit": "1667",
        "price_unit": "KG"
      },
      {
        "state": "TAS",
        "price": "240",
        "price_per_unit": "1143",
        "price_unit": "KG"
      },
      {
        "state": "ACT",
        "price": "240",
        "price_per_unit": "1143",
        "price_unit": "KG"
      },
      {
        "state": "NT",
        "price": "240",
        "price_per_unit": "1143",
        "price_unit": "KG"
      }
    ]
  },
  {
    "source_url": "https://www.woolworths.com.au/shop/productdetails/912771/always-fresh-yellow-chilli-mild",
    "name": "Always Fresh Yellow Chilli Mild 210g",
    "image_url": "https://cdn1.woolworths.media/content/wowproductimages/large/912771.jpg",
    "source_id": "Woolworths - 912771",
    "barcode": "9300602386115",
    "shop": "Woolworths",
    "weight": "1KG",
    "prices": [
      {
        "state": "VIC",
        "price": "350",
        "price_per_unit": "1667",
        "price_unit": "KG"
      },
      {
        "state": "SA",
        "price": "350",
        "price_per_unit": "1667",
        "price_unit": "KG"
      },
      {
        "state": "TAS",
        "price": "240",
        "price_per_unit": "1143",
        "price_unit": "KG"
      },
      {
        "state": "ACT",
        "price": "240",
        "price_per_unit": "1143",
        "price_unit": "KG"
      },
      {
        "state": "NT",
        "price": "240",
        "price_per_unit": "1143",
        "price_unit": "KG"
      }
    ]
  },
  {
    "source_url": "https://www.woolworths.com.au/shop/productdetails/322708/bryne-co-pickled-dill-gherkins",
    "name": "Bryne Co Pickled Dill Gherkins 500g",
    "image_url": "https://cdn1.woolworths.media/content/wowproductimages/large/322708.jpg",
    "source_id": "Woolworths - 322708",
    "barcode": "9351864000646",
    "shop": "Woolworths",
    "weight": "100G",
    "prices": [
      {
        "state": "VIC",
        "price": "300",
        "price_per_unit": "60",
        "price_unit": "G"
      },
      {
        "state": "SA",
        "price": "300",
        "price_per_unit": "60",
        "price_unit": "G"
      },
      {
        "state": "TAS",
        "price": "300",
        "price_per_unit": "60",
        "price_unit": "G"
      },
      {
        "state": "ACT",
        "price": "300",
        "price_per_unit": "60",
        "price_unit": "G"
      },
      {
        "state": "NT",
        "price": "300",
        "price_per_unit": "60",
        "price_unit": "G"
      }
    ]
  },
  {
    "source_url": "https://www.woolworths.com.au/shop/productdetails/920539/bryne-co-sauerkraut-with-garlic-pepper",
    "name": "Bryne Co Sauerkraut With Garlic & Pepper 460g",
    "image_url": "https://cdn1.woolworths.media/content/wowproductimages/large/920539.jpg",
    "source_id": "Woolworths - 920539",
    "barcode": "9351864001636",
    "shop": "Woolworths",
    "weight": "100G",
    "prices": [
      {
        "state": "VIC",
        "price": "400",
        "price_per_unit": "87",
        "price_unit": "G"
      },
      {
        "state": "SA",
        "price": "400",
        "price_per_unit": "87",
        "price_unit": "G"
      },
      {
        "state": "TAS",
        "price": "400",
        "price_per_unit": "87",
        "price_unit": "G"
      },
      {
        "state": "ACT",
        "price": "400",
        "price_per_unit": "87",
        "price_unit": "G"
      },
      {
        "state": "NT",
        "price": "400",
        "price_per_unit": "87",
        "price_unit": "G"
      }
    ]
  },
  {
    "source_url": "https://www.woolworths.com.au/shop/productdetails/920541/bryne-co-sliced-red-onions",
    "name": "Bryne Co Sliced Red Onions 300g",
    "image_url": "https://cdn1.woolworths.media/content/wowproductimages/large/920541.jpg",
    "source_id": "Woolworths - 920541",
    "barcode": "9351864001421",
    "shop": "Woolworths",
    "weight": "100G",
    "prices": [
      {
        "state": "VIC",
        "price": "330",
        "price_per_unit": "110",
        "price_unit": "G"
      },
      {
        "state": "SA",
        "price": "330",
        "price_per_unit": "110",
        "price_unit": "G"
      },
      {
        "state": "TAS",
        "price": "330",
        "price_per_unit": "110",
        "price_unit": "G"
      },
      {
        "state": "ACT",
        "price": "330",
        "price_per_unit": "110",
        "price_unit": "G"
      },
      {
        "state": "NT",
        "price": "330",
        "price_per_unit": "110",
        "price_unit": "G"
      }
    ]
  },
  {
    "source_url": "https://www.woolworths.com.au/shop/productdetails/334175/bryne-co-sweet-heat-pickle-chips-mild",
    "name": "Bryne Co Sweet Heat Pickle Chips Mild 500g",
    "image_url": "https://cdn1.woolworths.media/content/wowproductimages/large/334175.jpg",
    "source_id": "Woolworths - 334175",
    "barcode": "9351864001322",
    "shop": "Woolworths",
    "weight": "100G",
    "prices": [
      {
        "state": "VIC",
        "price": "300",
        "price_per_unit": "60",
        "price_unit": "G"
      },
      {
        "state": "SA",
        "price": "300",
        "price_per_unit": "60",
        "price_unit": "G"
      },
      {
        "state": "TAS",
        "price": "300",
        "price_per_unit": "60",
        "price_unit": "G"
      },
      {
        "state": "ACT",
        "price": "300",
        "price_per_unit": "60",
        "price_unit": "G"
      },
      {
        "state": "NT",
        "price": "300",
        "price_per_unit": "60",
        "price_unit": "G"
      }
    ]
  },
  {
    "source_url": "https://www.woolworths.com.au/shop/productdetails/920566/bryne-co-white-pickled-onions",
    "name": "Bryne Co White Pickled Onions 500g",
    "image_url": "https://cdn1.woolworths.media/content/wowproductimages/large/920566.jpg",
    "source_id": "Woolworths - 920566",
    "barcode": "9351864001445",
    "shop": "Woolworths",
    "weight": "100G",
    "prices": [
      {
        "state": "VIC",
        "price": "380",
        "price_per_unit": "76",
        "price_unit": "G"
      },
      {
        "state": "SA",
        "price": "380",
        "price_per_unit": "76",
        "price_unit": "G"
      },
      {
        "state": "TAS",
        "price": "380",
        "price_per_unit": "76",
        "price_unit": "G"
      },
      {
        "state": "ACT",
        "price": "380",
        "price_per_unit": "76",
        "price_unit": "G"
      },
      {
        "state": "NT",
        "price": "380",
        "price_per_unit": "76",
        "price_unit": "G"
      }
    ]
  },
  {
    "source_url": "https://www.woolworths.com.au/shop/productdetails/155088/la-costena-jalapeno-nacho-slices",
    "name": "La Costena Jalapeno Nacho Slices 210g",
    "image_url": "https://cdn1.woolworths.media/content/wowproductimages/large/155088.jpg",
    "source_id": "Woolworths - 155088",
    "barcode": "7501017042197",
    "shop": "Woolworths",
    "weight": "100G",
    "prices": [
      {
        "state": "VIC",
        "price": "480",
        "price_per_unit": "229",
        "price_unit": "G"
      },
      {
        "state": "QLD",
        "price": "480",
        "price_per_unit": "229",
        "price_unit": "G"
      },
      {
        "state": "WA",
        "price": "480",
        "price_per_unit": "229",
        "price_unit": "G"
      },
      {
        "state": "SA",
        "price": "480",
        "price_per_unit": "229",
        "price_unit": "G"
      },
      {
        "state": "TAS",
        "price": "480",
        "price_per_unit": "229",
        "price_unit": "G"
      },
      {
        "state": "ACT",
        "price": "480",
        "price_per_unit": "229",
        "price_unit": "G"
      },
      {
        "state": "ACT",
        "price": "480",
        "price_per_unit": "229",
        "price_unit": "G"
      },
      {
        "state": "NT",
        "price": "480",
        "price_per_unit": "229",
        "price_unit": "G"
      }
    ]
  },
  {
    "source_url": "https://www.woolworths.com.au/shop/productdetails/781425/lake-prespa-red-peppers-fire-roasted",
    "name": "Lake Prespa Red Peppers Fire Roasted 1kg",
    "image_url": "https://cdn1.woolworths.media/content/wowproductimages/large/781425.jpg",
    "source_id": "Woolworths - 781425",
    "barcode": "9315054001264",
    "shop": "Woolworths",
    "weight": "1KG",
    "prices": [
      {
        "state": "VIC",
        "price": "1100",
        "price_per_unit": "1100",
        "price_unit": "KG"
      },
      {
        "state": "QLD",
        "price": "1100",
        "price_per_unit": "1100",
        "price_unit": "KG"
      },
      {
        "state": "WA",
        "price": "1100",
        "price_per_unit": "1100",
        "price_unit": "KG"
      },
      {
        "state": "SA",
        "price": "1100",
        "price_per_unit": "1100",
        "price_unit": "KG"
      },
      null,
      {
        "state": "ACT",
        "price": "1100",
        "price_per_unit": "1100",
        "price_unit": "KG"
      },
      {
        "state": "NT",
        "price": "1100",
        "price_per_unit": "1100",
        "price_unit": "KG"
      }
    ]
  },
  {
    "source_url": "https://www.woolworths.com.au/shop/productdetails/170482/lake-prespa-sliced-fire-roasted-red-peppers",
    "name": "Lake Prespa Sliced Fire Roasted Red Peppers 1kg",
    "image_url": "https://cdn1.woolworths.media/content/wowproductimages/large/170482.jpg",
    "source_id": "Woolworths - 170482",
    "barcode": "9315054002032",
    "shop": "Woolworths",
    "weight": "100G",
    "prices": [
      null,
      null,
      null
    ]
  },
  {
    "source_url": "https://www.woolworths.com.au/shop/productdetails/690366/macro-organic-olives-whole-greek-kalamata",
    "name": "Macro Organic Olives Whole Greek Kalamata 350g",
    "image_url": "https://cdn1.woolworths.media/content/wowproductimages/large/690366.jpg",
    "source_id": "Woolworths - 690366",
    "barcode": "9300633248543",
    "shop": "Woolworths",
    "weight": "1KG",
    "prices": [
      {
        "state": "VIC",
        "price": "330",
        "price_per_unit": "943",
        "price_unit": "KG"
      },
      {
        "state": "QLD",
        "price": "330",
        "price_per_unit": "943",
        "price_unit": "KG"
      },
      {
        "state": "WA",
        "price": "330",
        "price_per_unit": "943",
        "price_unit": "KG"
      },
      {
        "state": "SA",
        "price": "330",
        "price_per_unit": "943",
        "price_unit": "KG"
      },
      {
        "state": "TAS",
        "price": "420",
        "price_per_unit": "1200",
        "price_unit": "KG"
      },
      {
        "state": "ACT",
        "price": "330",
        "price_per_unit": "943",
        "price_unit": "KG"
      },
      {
        "state": "NT",
        "price": "330",
        "price_per_unit": "943",
        "price_unit": "KG"
      }
    ]
  },
  {
    "source_url": "https://www.woolworths.com.au/shop/productdetails/171536/mcclure-s-garlic-dill-whole-pickle",
    "name": "McClure's Garlic & Dill Whole Pickle 500g",
    "image_url": "https://cdn1.woolworths.media/content/wowproductimages/large/171536.jpg",
    "source_id": "Woolworths - 171536",
    "barcode": "850000783096",
    "shop": "Woolworths",
    "weight": "100G",
    "prices": [
      {
        "state": "VIC",
        "price": "480",
        "price_per_unit": "96",
        "price_unit": "G"
      },
      {
        "state": "QLD",
        "price": "480",
        "price_per_unit": "96",
        "price_unit": "G"
      },
      {
        "state": "WA",
        "price": "480",
        "price_per_unit": "96",
        "price_unit": "G"
      },
      {
        "state": "SA",
        "price": "480",
        "price_per_unit": "96",
        "price_unit": "G"
      },
      {
        "state": "TAS",
        "price": "480",
        "price_per_unit": "96",
        "price_unit": "G"
      },
      {
        "state": "ACT",
        "price": "600",
        "price_per_unit": "120",
        "price_unit": "G"
      },
      {
        "state": "NT",
        "price": "600",
        "price_per_unit": "120",
        "price_unit": "G"
      }
    ]
  },
  {
    "source_url": "https://www.woolworths.com.au/shop/productdetails/170739/mcclure-s-sweet-spicy-pickles",
    "name": "McClure's Sweet & Spicy Pickles 500g",
    "image_url": "https://cdn1.woolworths.media/content/wowproductimages/large/170739.jpg",
    "source_id": "Woolworths - 170739",
    "barcode": "850000783119",
    "shop": "Woolworths",
    "weight": "100G",
    "prices": [
      {
        "state": "VIC",
        "price": "480",
        "price_per_unit": "96",
        "price_unit": "G"
      },
      {
        "state": "QLD",
        "price": "480",
        "price_per_unit": "96",
        "price_unit": "G"
      },
      {
        "state": "WA",
        "price": "480",
        "price_per_unit": "96",
        "price_unit": "G"
      },
      {
        "state": "SA",
        "price": "480",
        "price_per_unit": "96",
        "price_unit": "G"
      },
      {
        "state": "TAS",
        "price": "480",
        "price_per_unit": "96",
        "price_unit": "G"
      },
      {
        "state": "ACT",
        "price": "600",
        "price_per_unit": "120",
        "price_unit": "G"
      },
      {
        "state": "NT",
        "price": "600",
        "price_per_unit": "120",
        "price_unit": "G"
      }
    ]
  },
  {
    "source_url": "https://www.woolworths.com.au/shop/productdetails/32374/rosella-green-cocktail-onions",
    "name": "Rosella Green Cocktail Onions 150g",
    "image_url": "https://cdn1.woolworths.media/content/wowproductimages/large/032374.jpg",
    "source_id": "Woolworths - 32374",
    "barcode": "93660259",
    "shop": "Woolworths",
    "weight": "1KG",
    "prices": [
      {
        "state": "VIC",
        "price": "220",
        "price_per_unit": "1467",
        "price_unit": "KG"
      },
      {
        "state": "QLD",
        "price": "220",
        "price_per_unit": "1467",
        "price_unit": "KG"
      },
      {
        "state": "WA",
        "price": "220",
        "price_per_unit": "1467",
        "price_unit": "KG"
      },
      {
        "state": "SA",
        "price": "220",
        "price_per_unit": "1467",
        "price_unit": "KG"
      },
      {
        "state": "TAS",
        "price": "220",
        "price_per_unit": "1467",
        "price_unit": "KG"
      },
      {
        "state": "ACT",
        "price": "220",
        "price_per_unit": "1467",
        "price_unit": "KG"
      },
      {
        "state": "NT",
        "price": "230",
        "price_per_unit": "1533",
        "price_unit": "KG"
      }
    ]
  },
  {
    "source_url": "https://www.woolworths.com.au/shop/productdetails/32471/rosella-red-cocktail-onions",
    "name": "Rosella Red Cocktail Onions 150g",
    "image_url": "https://cdn1.woolworths.media/content/wowproductimages/large/032471.jpg",
    "source_id": "Woolworths - 32471",
    "barcode": "93660242",
    "shop": "Woolworths",
    "weight": "1KG",
    "prices": [
      {
        "state": "VIC",
        "price": "220",
        "price_per_unit": "1467",
        "price_unit": "KG"
      },
      {
        "state": "QLD",
        "price": "220",
        "price_per_unit": "1467",
        "price_unit": "KG"
      },
      {
        "state": "WA",
        "price": "220",
        "price_per_unit": "1467",
        "price_unit": "KG"
      },
      {
        "state": "TAS",
        "price": "220",
        "price_per_unit": "1467",
        "price_unit": "KG"
      },
      {
        "state": "ACT",
        "price": "220",
        "price_per_unit": "1467",
        "price_unit": "KG"
      },
      null
    ]
  },
  {
    "source_url": "https://www.woolworths.com.au/shop/productdetails/252378/sandhurst-artichoke-hearts-in-brine",
    "name": "Sandhurst Artichoke Hearts In Brine 280g",
    "image_url": "https://cdn1.woolworths.media/content/wowproductimages/large/252378.jpg",
    "source_id": "Woolworths - 252378",
    "barcode": "9313839002802",
    "shop": "Woolworths",
    "weight": "1KG",
    "prices": [
      {
        "state": "VIC",
        "price": "450",
        "price_per_unit": "1607",
        "price_unit": "KG"
      },
      {
        "state": "QLD",
        "price": "450",
        "price_per_unit": "1607",
        "price_unit": "KG"
      },
      {
        "state": "WA",
        "price": "450",
        "price_per_unit": "1607",
        "price_unit": "KG"
      },
      {
        "state": "SA",
        "price": "450",
        "price_per_unit": "1607",
        "price_unit": "KG"
      },
      {
        "state": "TAS",
        "price": "450",
        "price_per_unit": "1607",
        "price_unit": "KG"
      },
      {
        "state": "ACT",
        "price": "450",
        "price_per_unit": "1607",
        "price_unit": "KG"
      },
      {
        "state": "NT",
        "price": "450",
        "price_per_unit": "1607",
        "price_unit": "KG"
      }
    ]
  },
  {
    "source_url": "https://www.woolworths.com.au/shop/productdetails/242762/sandhurst-baby-capers-in-wine-vinegar",
    "name": "Sandhurst Baby Capers In Wine Vinegar 110g",
    "image_url": "https://cdn1.woolworths.media/content/wowproductimages/large/242762.jpg",
    "source_id": "Woolworths - 242762",
    "barcode": "9313839002918",
    "shop": "Woolworths",
    "weight": "100G",
    "prices": [
      {
        "state": "VIC",
        "price": "300",
        "price_per_unit": "273",
        "price_unit": "G"
      },
      {
        "state": "QLD",
        "price": "300",
        "price_per_unit": "273",
        "price_unit": "G"
      },
      {
        "state": "WA",
        "price": "300",
        "price_per_unit": "273",
        "price_unit": "G"
      },
      {
        "state": "SA",
        "price": "300",
        "price_per_unit": "273",
        "price_unit": "G"
      },
      {
        "state": "TAS",
        "price": "250",
        "price_per_unit": "227",
        "price_unit": "G"
      },
      {
        "state": "ACT",
        "price": "250",
        "price_per_unit": "227",
        "price_unit": "G"
      },
      {
        "state": "NT",
        "price": "265",
        "price_per_unit": "241",
        "price_unit": "G"
      }
    ]
  },
  {
    "source_url": "https://www.woolworths.com.au/shop/productdetails/689896/sandhurst-baby-cucumbers",
    "name": "Sandhurst Baby Cucumbers 500g",
    "image_url": "https://cdn1.woolworths.media/content/wowproductimages/large/689896.jpg",
    "source_id": "Woolworths - 689896",
    "barcode": "9313839010142",
    "shop": "Woolworths",
    "weight": "1KG",
    "prices": [
      {
        "state": "VIC",
        "price": "400",
        "price_per_unit": "800",
        "price_unit": "KG"
      },
      {
        "state": "QLD",
        "price": "400",
        "price_per_unit": "800",
        "price_unit": "KG"
      },
      {
        "state": "WA",
        "price": "400",
        "price_per_unit": "800",
        "price_unit": "KG"
      },
      {
        "state": "SA",
        "price": "400",
        "price_per_unit": "800",
        "price_unit": "KG"
      },
      {
        "state": "TAS",
        "price": "300",
        "price_per_unit": "600",
        "price_unit": "KG"
      },
      {
        "state": "ACT",
        "price": "300",
        "price_per_unit": "600",
        "price_unit": "KG"
      },
      {
        "state": "NT",
        "price": "300",
        "price_per_unit": "600",
        "price_unit": "KG"
      }
    ]
  },
  {
    "source_url": "https://www.woolworths.com.au/shop/productdetails/64075/sandhurst-capsicum-chargrilled",
    "name": "Sandhurst Capsicum Chargrilled 260g",
    "image_url": "https://cdn1.woolworths.media/content/wowproductimages/large/064075.jpg",
    "source_id": "Woolworths - 64075",
    "barcode": "9313839007579",
    "shop": "Woolworths",
    "weight": "1KG",
    "prices": [
      {
        "state": "VIC",
        "price": "650",
        "price_per_unit": "2500",
        "price_unit": "KG"
      },
      {
        "state": "QLD",
        "price": "650",
        "price_per_unit": "2500",
        "price_unit": "KG"
      },
      {
        "state": "WA",
        "price": "650",
        "price_per_unit": "2500",
        "price_unit": "KG"
      },
      {
        "state": "SA",
        "price": "650",
        "price_per_unit": "2500",
        "price_unit": "KG"
      },
      {
        "state": "TAS",
        "price": "580",
        "price_per_unit": "2231",
        "price_unit": "KG"
      },
      null,
      {
        "state": "NT",
        "price": "580",
        "price_per_unit": "2231",
        "price_unit": "KG"
      }
    ]
  },
  {
    "source_url": "https://www.woolworths.com.au/shop/productdetails/41049/sandhurst-chillies-jalapeno-medium-hot",
    "name": "Sandhurst Chillies Jalapeno Medium Hot 270g",
    "image_url": "https://cdn1.woolworths.media/content/wowproductimages/large/041049.jpg",
    "source_id": "Woolworths - 41049",
    "barcode": "9313839001348",
    "shop": "Woolworths",
    "weight": "1KG",
    "prices": [
      {
        "state": "VIC",
        "price": "380",
        "price_per_unit": "1407",
        "price_unit": "KG"
      },
      {
        "state": "QLD",
        "price": "380",
        "price_per_unit": "1407",
        "price_unit": "KG"
      },
      {
        "state": "WA",
        "price": "380",
        "price_per_unit": "1407",
        "price_unit": "KG"
      },
      {
        "state": "SA",
        "price": "380",
        "price_per_unit": "1407",
        "price_unit": "KG"
      },
      {
        "state": "TAS",
        "price": "300",
        "price_per_unit": "1111",
        "price_unit": "KG"
      },
      {
        "state": "ACT",
        "price": "300",
        "price_per_unit": "1111",
        "price_unit": "KG"
      },
      {
        "state": "NT",
        "price": "300",
        "price_per_unit": "1111",
        "price_unit": "KG"
      }
    ]
  },
  {
    "source_url": "https://www.woolworths.com.au/shop/productdetails/329746/sandhurst-olives-green-sicilian",
    "name": "Sandhurst Olives Green Sicilian 280g",
    "image_url": "https://cdn1.woolworths.media/content/wowproductimages/large/329746.jpg",
    "source_id": "Woolworths - 329746",
    "barcode": "9313839009016",
    "shop": "Woolworths",
    "weight": "1KG",
    "prices": [
      {
        "state": "VIC",
        "price": "350",
        "price_per_unit": "1250",
        "price_unit": "KG"
      },
      {
        "state": "QLD",
        "price": "350",
        "price_per_unit": "1250",
        "price_unit": "KG"
      },
      {
        "state": "WA",
        "price": "350",
        "price_per_unit": "1250",
        "price_unit": "KG"
      },
      {
        "state": "SA",
        "price": "350",
        "price_per_unit": "1250",
        "price_unit": "KG"
      },
      {
        "state": "TAS",
        "price": "350",
        "price_per_unit": "1250",
        "price_unit": "KG"
      },
      {
        "state": "ACT",
        "price": "350",
        "price_per_unit": "1250",
        "price_unit": "KG"
      },
      {
        "state": "NT",
        "price": "350",
        "price_per_unit": "1250",
        "price_unit": "KG"
      }
    ]
  },
  {
    "source_url": "https://www.woolworths.com.au/shop/productdetails/180260/sandhurst-olives-kalamata-pitted",
    "name": "Sandhurst Olives Kalamata Pitted 500g",
    "image_url": "https://cdn1.woolworths.media/content/wowproductimages/large/180260.jpg",
    "source_id": "Woolworths - 180260",
    "barcode": "9313839008255",
    "shop": "Woolworths",
    "weight": "1KG",
    "prices": [
      {
        "state": "VIC",
        "price": "520",
        "price_per_unit": "1040",
        "price_unit": "KG"
      },
      {
        "state": "QLD",
        "price": "520",
        "price_per_unit": "1040",
        "price_unit": "KG"
      },
      {
        "state": "WA",
        "price": "520",
        "price_per_unit": "1040",
        "price_unit": "KG"
      },
      {
        "state": "SA",
        "price": "520",
        "price_per_unit": "1040",
        "price_unit": "KG"
      },
      {
        "state": "TAS",
        "price": "415",
        "price_per_unit": "830",
        "price_unit": "KG"
      },
      {
        "state": "ACT",
        "price": "415",
        "price_per_unit": "830",
        "price_unit": "KG"
      },
      {
        "state": "NT",
        "price": "415",
        "price_per_unit": "830",
        "price_unit": "KG"
      }
    ]
  },
  {
    "source_url": "https://www.woolworths.com.au/shop/productdetails/171284/sandhurst-organic-baby-capers-in-brine",
    "name": "Sandhurst Organic Baby Capers In Brine 300g",
    "image_url": "https://cdn1.woolworths.media/content/wowproductimages/large/171284.jpg",
    "source_id": "Woolworths - 171284",
    "barcode": "9313839012368",
    "shop": "Woolworths",
    "weight": "100G",
    "prices": [
      {
        "state": "VIC",
        "price": "800",
        "price_per_unit": "267",
        "price_unit": "G"
      },
      {
        "state": "QLD",
        "price": "800",
        "price_per_unit": "267",
        "price_unit": "G"
      },
      {
        "state": "WA",
        "price": "800",
        "price_per_unit": "267",
        "price_unit": "G"
      },
      {
        "state": "SA",
        "price": "800",
        "price_per_unit": "267",
        "price_unit": "G"
      },
      {
        "state": "TAS",
        "price": "640",
        "price_per_unit": "213",
        "price_unit": "G"
      },
      {
        "state": "ACT",
        "price": "640",
        "price_per_unit": "213",
        "price_unit": "G"
      },
      {
        "state": "NT",
        "price": "640",
        "price_per_unit": "213",
        "price_unit": "G"
      }
    ]
  },
  {
    "source_url": "https://www.woolworths.com.au/shop/productdetails/915596/sandhurst-pitted-kalamata-olives",
    "name": "Sandhurst Pitted Kalamata Olives 300g",
    "image_url": "https://cdn1.woolworths.media/content/wowproductimages/large/915596.jpg",
    "source_id": "Woolworths - 915596",
    "barcode": "9313839014331",
    "shop": "Woolworths",
    "weight": "100G",
    "prices": [
      {
        "state": "VIC",
        "price": "380",
        "price_per_unit": "127",
        "price_unit": "G"
      },
      {
        "state": "QLD",
        "price": "380",
        "price_per_unit": "127",
        "price_unit": "G"
      },
      {
        "state": "WA",
        "price": "380",
        "price_per_unit": "127",
        "price_unit": "G"
      },
      {
        "state": "SA",
        "price": "380",
        "price_per_unit": "127",
        "price_unit": "G"
      },
      {
        "state": "TAS",
        "price": "300",
        "price_per_unit": "100",
        "price_unit": "G"
      },
      {
        "state": "ACT",
        "price": "300",
        "price_per_unit": "100",
        "price_unit": "G"
      },
      {
        "state": "NT",
        "price": "300",
        "price_per_unit": "100",
        "price_unit": "G"
      }
    ]
  },
  {
    "source_url": "https://www.woolworths.com.au/shop/productdetails/915574/sandhurst-quartered-marinated-artichockes",
    "name": "Sandhurst Quartered & Marinated Artichockes 250g",
    "image_url": "https://cdn1.woolworths.media/content/wowproductimages/large/915574.jpg",
    "source_id": "Woolworths - 915574",
    "barcode": "9313839014379",
    "shop": "Woolworths",
    "weight": "1KG",
    "prices": [
      {
        "state": "VIC",
        "price": "340",
        "price_per_unit": "1360",
        "price_unit": "KG"
      },
      {
        "state": "QLD",
        "price": "340",
        "price_per_unit": "1360",
        "price_unit": "KG"
      },
      {
        "state": "WA",
        "price": "340",
        "price_per_unit": "1360",
        "price_unit": "KG"
      },
      {
        "state": "SA",
        "price": "340",
        "price_per_unit": "1360",
        "price_unit": "KG"
      },
      {
        "state": "TAS",
        "price": "300",
        "price_per_unit": "1200",
        "price_unit": "KG"
      },
      {
        "state": "ACT",
        "price": "300",
        "price_per_unit": "1200",
        "price_unit": "KG"
      },
      {
        "state": "NT",
        "price": "300",
        "price_per_unit": "1200",
        "price_unit": "KG"
      }
    ]
  },
  {
    "source_url": "https://www.woolworths.com.au/shop/productdetails/787707/sandhurst-semi-dried-tomato-strips-sundried-strips",
    "name": "Sandhurst Semi Dried Tomato Strips 125G",
    "image_url": "https://cdn1.woolworths.media/content/wowproductimages/large/787707.jpg",
    "source_id": "Woolworths - 787707",
    "barcode": "9313839008132",
    "shop": "Woolworths",
    "weight": "1KG",
    "prices": [
      {
        "state": "VIC",
        "price": "480",
        "price_per_unit": "3840",
        "price_unit": "KG"
      },
      {
        "state": "QLD",
        "price": "480",
        "price_per_unit": "3840",
        "price_unit": "KG"
      },
      {
        "state": "WA",
        "price": "480",
        "price_per_unit": "3840",
        "price_unit": "KG"
      },
      {
        "state": "SA",
        "price": "480",
        "price_per_unit": "3840",
        "price_unit": "KG"
      },
      {
        "state": "TAS",
        "price": "400",
        "price_per_unit": "3200",
        "price_unit": "KG"
      },
      {
        "state": "ACT",
        "price": "400",
        "price_per_unit": "3200",
        "price_unit": "KG"
      },
      {
        "state": "NT",
        "price": "425",
        "price_per_unit": "3400",
        "price_unit": "KG"
      }
    ]
  },
  {
    "source_url": "https://www.woolworths.com.au/shop/productdetails/917986/sandhurst-semi-dried-tomato-strips-in-oil",
    "name": "Sandhurst Semi-Dried Tomato Strips In Oil 500g",
    "image_url": "https://cdn1.woolworths.media/content/wowproductimages/large/917986.jpg",
    "source_id": "Woolworths - 917986",
    "barcode": "9313839012085",
    "shop": "Woolworths",
    "weight": "1KG",
    "prices": [
      {
        "state": "VIC",
        "price": "560",
        "price_per_unit": "1120",
        "price_unit": "KG"
      },
      {
        "state": "QLD",
        "price": "560",
        "price_per_unit": "1120",
        "price_unit": "KG"
      },
      {
        "state": "WA",
        "price": "560",
        "price_per_unit": "1120",
        "price_unit": "KG"
      },
      {
        "state": "SA",
        "price": "560",
        "price_per_unit": "1120",
        "price_unit": "KG"
      },
      {
        "state": "TAS",
        "price": "700",
        "price_per_unit": "1400",
        "price_unit": "KG"
      },
      {
        "state": "ACT",
        "price": "700",
        "price_per_unit": "1400",
        "price_unit": "KG"
      },
      {
        "state": "NT",
        "price": "700",
        "price_per_unit": "1400",
        "price_unit": "KG"
      }
    ]
  },
  {
    "source_url": "https://www.woolworths.com.au/shop/productdetails/733311/sandhurst-tomatoes-sundried",
    "name": "Sandhurst Tomatoes Sundried 125g",
    "image_url": "https://cdn1.woolworths.media/content/wowproductimages/large/733311.jpg",
    "source_id": "Woolworths - 733311",
    "barcode": "9313839005001",
    "shop": "Woolworths",
    "weight": "1KG",
    "prices": [
      {
        "state": "VIC",
        "price": "480",
        "price_per_unit": "3840",
        "price_unit": "KG"
      },
      {
        "state": "QLD",
        "price": "480",
        "price_per_unit": "3840",
        "price_unit": "KG"
      },
      {
        "state": "WA",
        "price": "480",
        "price_per_unit": "3840",
        "price_unit": "KG"
      },
      {
        "state": "SA",
        "price": "480",
        "price_per_unit": "3840",
        "price_unit": "KG"
      },
      {
        "state": "TAS",
        "price": "400",
        "price_per_unit": "3200",
        "price_unit": "KG"
      },
      {
        "state": "ACT",
        "price": "400",
        "price_per_unit": "3200",
        "price_unit": "KG"
      },
      {
        "state": "NT",
        "price": "425",
        "price_per_unit": "3400",
        "price_unit": "KG"
      }
    ]
  },
  {
    "source_url": "https://www.woolworths.com.au/shop/productdetails/74404/spring-gully-gherkins-sweet-spiced",
    "name": "Spring Gully Gherkins Sweet Spiced 550g",
    "image_url": "https://cdn1.woolworths.media/content/wowproductimages/large/074404.jpg",
    "source_id": "Woolworths - 74404",
    "barcode": "93733595",
    "shop": "Woolworths",
    "weight": "1KG",
    "prices": [
      {
        "state": "VIC",
        "price": "500",
        "price_per_unit": "909",
        "price_unit": "KG"
      },
      {
        "state": "QLD",
        "price": "500",
        "price_per_unit": "909",
        "price_unit": "KG"
      },
      {
        "state": "WA",
        "price": "500",
        "price_per_unit": "909",
        "price_unit": "KG"
      },
      {
        "state": "SA",
        "price": "500",
        "price_per_unit": "909",
        "price_unit": "KG"
      },
      {
        "state": "TAS",
        "price": "400",
        "price_per_unit": "727",
        "price_unit": "KG"
      },
      {
        "state": "ACT",
        "price": "400",
        "price_per_unit": "727",
        "price_unit": "KG"
      },
      {
        "state": "NT",
        "price": "400",
        "price_per_unit": "727",
        "price_unit": "KG"
      }
    ]
  },
  {
    "source_url": "https://www.woolworths.com.au/shop/productdetails/172303/three-threes-australian-gherkins-sweet-sliced",
    "name": "Three Threes Australian Gherkins Sweet Sliced 400g",
    "image_url": "https://cdn1.woolworths.media/content/wowproductimages/large/172303.jpg",
    "source_id": "Woolworths - 172303",
    "barcode": "9310480334467",
    "shop": "Woolworths",
    "weight": "100G",
    "prices": [
      {
        "state": "VIC",
        "price": "450",
        "price_per_unit": "113",
        "price_unit": "G"
      },
      {
        "state": "QLD",
        "price": "450",
        "price_per_unit": "113",
        "price_unit": "G"
      },
      {
        "state": "WA",
        "price": "450",
        "price_per_unit": "113",
        "price_unit": "G"
      },
      {
        "state": "SA",
        "price": "450",
        "price_per_unit": "113",
        "price_unit": "G"
      },
      {
        "state": "TAS",
        "price": "450",
        "price_per_unit": "113",
        "price_unit": "G"
      },
      {
        "state": "ACT",
        "price": "450",
        "price_per_unit": "113",
        "price_unit": "G"
      },
      {
        "state": "NT",
        "price": "475",
        "price_per_unit": "119",
        "price_unit": "G"
      }
    ]
  },
  {
    "source_url": "https://www.woolworths.com.au/shop/productdetails/172426/three-threes-australian-pickles-dill-flavoured",
    "name": "Three Threes Australian Pickles Dill Flavoured 370g",
    "image_url": "https://cdn1.woolworths.media/content/wowproductimages/large/172426.jpg",
    "source_id": "Woolworths - 172426",
    "barcode": "9310480334474",
    "shop": "Woolworths",
    "weight": "100G",
    "prices": [
      {
        "state": "VIC",
        "price": "450",
        "price_per_unit": "122",
        "price_unit": "G"
      },
      {
        "state": "QLD",
        "price": "450",
        "price_per_unit": "122",
        "price_unit": "G"
      },
      {
        "state": "WA",
        "price": "450",
        "price_per_unit": "122",
        "price_unit": "G"
      },
      {
        "state": "SA",
        "price": "450",
        "price_per_unit": "122",
        "price_unit": "G"
      },
      {
        "state": "TAS",
        "price": "450",
        "price_per_unit": "122",
        "price_unit": "G"
      },
      {
        "state": "ACT",
        "price": "450",
        "price_per_unit": "122",
        "price_unit": "G"
      },
      {
        "state": "NT",
        "price": "475",
        "price_per_unit": "128",
        "price_unit": "G"
      }
    ]
  },
  {
    "source_url": "https://www.woolworths.com.au/shop/productdetails/264285/three-threes-gherkins-sweet-spiced",
    "name": "Three Threes Gherkins Sweet Spiced 260g",
    "image_url": "https://cdn1.woolworths.media/content/wowproductimages/large/264285.jpg",
    "source_id": "Woolworths - 264285",
    "barcode": "9310480333910",
    "shop": "Woolworths",
    "weight": "1KG",
    "prices": [
      {
        "state": "VIC",
        "price": "300",
        "price_per_unit": "1154",
        "price_unit": "KG"
      },
      {
        "state": "QLD",
        "price": "300",
        "price_per_unit": "1154",
        "price_unit": "KG"
      },
      {
        "state": "WA",
        "price": "300",
        "price_per_unit": "1154",
        "price_unit": "KG"
      },
      {
        "state": "SA",
        "price": "300",
        "price_per_unit": "1154",
        "price_unit": "KG"
      },
      {
        "state": "TAS",
        "price": "300",
        "price_per_unit": "1154",
        "price_unit": "KG"
      },
      {
        "state": "ACT",
        "price": "300",
        "price_per_unit": "1154",
        "price_unit": "KG"
      },
      {
        "state": "NT",
        "price": "315",
        "price_per_unit": "1212",
        "price_unit": "KG"
      }
    ]
  },
  {
    "source_url": "https://www.woolworths.com.au/shop/productdetails/71077/three-threes-olives-stuffed",
    "name": "Three Threes Olives Stuffed 250g",
    "image_url": "https://cdn1.woolworths.media/content/wowproductimages/large/071077.jpg",
    "source_id": "Woolworths - 71077",
    "barcode": "9310480333118",
    "shop": "Woolworths",
    "weight": "1KG",
    "prices": [
      {
        "state": "VIC",
        "price": "335",
        "price_per_unit": "1340",
        "price_unit": "KG"
      },
      {
        "state": "QLD",
        "price": "335",
        "price_per_unit": "1340",
        "price_unit": "KG"
      },
      {
        "state": "WA",
        "price": "335",
        "price_per_unit": "1340",
        "price_unit": "KG"
      },
      {
        "state": "SA",
        "price": "335",
        "price_per_unit": "1340",
        "price_unit": "KG"
      },
      {
        "state": "TAS",
        "price": "335",
        "price_per_unit": "1340",
        "price_unit": "KG"
      },
      {
        "state": "ACT",
        "price": "335",
        "price_per_unit": "1340",
        "price_unit": "KG"
      },
      {
        "state": "NT",
        "price": "350",
        "price_per_unit": "1400",
        "price_unit": "KG"
      }
    ]
  },
  {
    "source_url": "https://www.woolworths.com.au/shop/productdetails/89565/three-threes-olives-stuffed",
    "name": "Three Threes Olives Stuffed 500g",
    "image_url": "https://cdn1.woolworths.media/content/wowproductimages/large/089565.jpg",
    "source_id": "Woolworths - 89565",
    "barcode": "9310480333170",
    "shop": "Woolworths",
    "weight": "1KG",
    "prices": [
      {
        "state": "VIC",
        "price": "500",
        "price_per_unit": "1000",
        "price_unit": "KG"
      },
      {
        "state": "QLD",
        "price": "500",
        "price_per_unit": "1000",
        "price_unit": "KG"
      },
      {
        "state": "WA",
        "price": "500",
        "price_per_unit": "1000",
        "price_unit": "KG"
      },
      {
        "state": "SA",
        "price": "500",
        "price_per_unit": "1000",
        "price_unit": "KG"
      },
      {
        "state": "TAS",
        "price": "500",
        "price_per_unit": "1000",
        "price_unit": "KG"
      },
      {
        "state": "ACT",
        "price": "500",
        "price_per_unit": "1000",
        "price_unit": "KG"
      },
      {
        "state": "NT",
        "price": "525",
        "price_per_unit": "1050",
        "price_unit": "KG"
      }
    ]
  },
  {
    "source_url": "https://www.woolworths.com.au/shop/productdetails/540885/three-threes-peppered-pickled-onions",
    "name": "Three Threes Peppered Pickled Onions 500g",
    "image_url": "https://cdn1.woolworths.media/content/wowproductimages/large/540885.jpg",
    "source_id": "Woolworths - 540885",
    "barcode": "9310480333507",
    "shop": "Woolworths",
    "weight": "1KG",
    "prices": [
      {
        "state": "VIC",
        "price": "510",
        "price_per_unit": "1020",
        "price_unit": "KG"
      },
      {
        "state": "QLD",
        "price": "510",
        "price_per_unit": "1020",
        "price_unit": "KG"
      },
      {
        "state": "WA",
        "price": "510",
        "price_per_unit": "1020",
        "price_unit": "KG"
      },
      {
        "state": "SA",
        "price": "510",
        "price_per_unit": "1020",
        "price_unit": "KG"
      },
      {
        "state": "TAS",
        "price": "510",
        "price_per_unit": "1020",
        "price_unit": "KG"
      },
      {
        "state": "ACT",
        "price": "510",
        "price_per_unit": "1020",
        "price_unit": "KG"
      },
      {
        "state": "NT",
        "price": "535",
        "price_per_unit": "1070",
        "price_unit": "KG"
      }
    ]
  },
  {
    "source_url": "https://www.woolworths.com.au/shop/productdetails/18046/woolworths-gherkins-sweet-spiced",
    "name": "Woolworths Gherkins Sweet Spiced 500g",
    "image_url": "https://cdn1.woolworths.media/content/wowproductimages/large/018046.jpg",
    "source_id": "Woolworths - 18046",
    "barcode": "9300633180461",
    "shop": "Woolworths",
    "weight": "1KG",
    "prices": [
      {
        "state": "VIC",
        "price": "185",
        "price_per_unit": "370",
        "price_unit": "KG"
      },
      {
        "state": "TAS",
        "price": "185",
        "price_per_unit": "370",
        "price_unit": "KG"
      },
      {
        "state": "ACT",
        "price": "185",
        "price_per_unit": "370",
        "price_unit": "KG"
      },
      {
        "state": "NT",
        "price": "185",
        "price_per_unit": "370",
        "price_unit": "KG"
      }
    ]
  },
  {
    "source_url": "https://www.woolworths.com.au/shop/productdetails/524431/woolworths-green-stuffed-olives",
    "name": "Woolworths Green Stuffed Olives 935g",
    "image_url": "https://cdn1.woolworths.media/content/wowproductimages/large/524431.jpg",
    "source_id": "Woolworths - 524431",
    "barcode": "9300633615260",
    "shop": "Woolworths",
    "weight": "100G",
    "prices": [
      {
        "state": "VIC",
        "price": "450",
        "price_per_unit": "48",
        "price_unit": "G"
      },
      {
        "state": "TAS",
        "price": "450",
        "price_per_unit": "48",
        "price_unit": "G"
      },
      {
        "state": "ACT",
        "price": "450",
        "price_per_unit": "48",
        "price_unit": "G"
      },
      {
        "state": "NT",
        "price": "475",
        "price_per_unit": "51",
        "price_unit": "G"
      }
    ]
  },
  {
    "source_url": "https://www.woolworths.com.au/shop/productdetails/204294/woolworths-onions-cocktail",
    "name": "Woolworths Onions Cocktail 500g",
    "image_url": "https://cdn1.woolworths.media/content/wowproductimages/large/204294.jpg",
    "source_id": "Woolworths - 204294",
    "barcode": "9300633900274",
    "shop": "Woolworths",
    "weight": "1KG",
    "prices": [
      {
        "state": "TAS",
        "price": "250",
        "price_per_unit": "500",
        "price_unit": "KG"
      },
      {
        "state": "NT",
        "price": "253",
        "price_per_unit": "506",
        "price_unit": "KG"
      }
    ]
  },
  {
    "source_url": "https://www.woolworths.com.au/shop/productdetails/640777/woolworths-pitted-kalamata-olives-in-brine",
    "name": "Woolworths Pitted Kalamata Olives In Brine 1.4kg",
    "image_url": "https://cdn1.woolworths.media/content/wowproductimages/large/640777.jpg",
    "source_id": "Woolworths - 640777",
    "barcode": "9339687380602",
    "shop": "Woolworths",
    "weight": "100G",
    "prices": [
      {
        "state": "VIC",
        "price": "1400",
        "price_per_unit": "100",
        "price_unit": "G"
      },
      {
        "state": "TAS",
        "price": "1400",
        "price_per_unit": "100",
        "price_unit": "G"
      },
      {
        "state": "NT",
        "price": "1400",
        "price_per_unit": "100",
        "price_unit": "G"
      }
    ]
  },
  {
    "source_url": "https://www.woolworths.com.au/shop/productdetails/520727/woolworths-sundried-tomato-halves",
    "name": "Woolworths Sundried Tomato Halves 500g",
    "image_url": "https://cdn1.woolworths.media/content/wowproductimages/large/520727.jpg",
    "source_id": "Woolworths - 520727",
    "barcode": "9300633612009",
    "shop": "Woolworths",
    "weight": "100G",
    "prices": [
      {
        "state": "VIC",
        "price": "450",
        "price_per_unit": "90",
        "price_unit": "G"
      },
      {
        "state": "TAS",
        "price": "450",
        "price_per_unit": "90",
        "price_unit": "G"
      },
      {
        "state": "NT",
        "price": "455",
        "price_per_unit": "91",
        "price_unit": "G"
      }
    ]
  },
  {
    "source_url": "https://www.woolworths.com.au/shop/productdetails/534878/woolworths-whole-green-olives",
    "name": "Woolworths Whole Green Olives 450g",
    "image_url": "https://cdn1.woolworths.media/content/wowproductimages/large/534878.jpg",
    "source_id": "Woolworths - 534878",
    "barcode": "9300633618179",
    "shop": "Woolworths",
    "weight": "100G",
    "prices": [
      {
        "state": "VIC",
        "price": "700",
        "price_per_unit": "156",
        "price_unit": "G"
      },
      {
        "state": "TAS",
        "price": "700",
        "price_per_unit": "156",
        "price_unit": "G"
      },
      {
        "state": "NT",
        "price": "735",
        "price_per_unit": "163",
        "price_unit": "G"
      }
    ]
  },
  {
    "source_url": "https://www.woolworths.com.au/shop/productdetails/690367/woolworths-whole-kalamata-olives",
    "name": "Woolworths Whole Kalamata Olives 350g",
    "image_url": "https://cdn1.woolworths.media/content/wowproductimages/large/690367.jpg",
    "source_id": "Woolworths - 690367",
    "barcode": "9300633248550",
    "shop": "Woolworths",
    "weight": "1KG",
    "prices": [
      {
        "state": "VIC",
        "price": "280",
        "price_per_unit": "800",
        "price_unit": "KG"
      },
      {
        "state": "TAS",
        "price": "350",
        "price_per_unit": "1000",
        "price_unit": "KG"
      },
      {
        "state": "NT",
        "price": "370",
        "price_per_unit": "1057",
        "price_unit": "KG"
      }
    ]
  },
  {
    "source_url": "https://www.woolworths.com.au/shop/productdetails/22733/zanae-dolmades-vine-leaves-stuffed-with-rice",
    "name": "Zanae Dolmades Vine Leaves Stuffed With Rice 280G",
    "image_url": "https://cdn1.woolworths.media/content/wowproductimages/large/022733.jpg",
    "source_id": "Woolworths - 22733",
    "barcode": "5201051001076",
    "shop": "Woolworths",
    "weight": "1KG",
    "prices": [
      {
        "state": "VIC",
        "price": "600",
        "price_per_unit": "2143",
        "price_unit": "KG"
      }
    ]
  },
  {
    "source_url": "https://www.woolworths.com.au/shop/productdetails/171089/sandhurst-preserved-lemons",
    "name": "Sandhurst Preserved Lemons 350g",
    "image_url": "https://cdn1.woolworths.media/content/wowproductimages/large/171089.jpg",
    "source_id": "Woolworths - 171089",
    "barcode": "9313839006114",
    "shop": "Woolworths",
    "weight": "100G",
    "prices": [
      {
        "state": "SA",
        "price": "600",
        "price_per_unit": "171",
        "price_unit": "G"
      },
      {
        "state": "NT",
        "price": "630",
        "price_per_unit": "180",
        "price_unit": "G"
      }
    ]
  },
  {
    "source_url": "https://www.woolworths.com.au/shop/productdetails/14605/spring-gully-onions-brown",
    "name": "Spring Gully Onions Brown 500g",
    "image_url": "https://cdn1.woolworths.media/content/wowproductimages/large/014605.jpg",
    "source_id": "Woolworths - 14605",
    "barcode": "93733304",
    "shop": "Woolworths",
    "weight": "1KG",
    "prices": [
      {
        "state": "SA",
        "price": "460",
        "price_per_unit": "920",
        "price_unit": "KG"
      },
      {
        "state": "NT",
        "price": "425",
        "price_per_unit": "850",
        "price_unit": "KG"
      }
    ]
  },
  {
    "source_url": "https://www.woolworths.com.au/shop/productdetails/14604/spring-gully-onions-sweet",
    "name": "Spring Gully Onions Sweet 500g",
    "image_url": "https://cdn1.woolworths.media/content/wowproductimages/large/014604.jpg",
    "source_id": "Woolworths - 14604",
    "barcode": "93733229",
    "shop": "Woolworths",
    "weight": "1KG",
    "prices": [
      {
        "state": "SA",
        "price": "460",
        "price_per_unit": "920",
        "price_unit": "KG"
      },
      {
        "state": "NT",
        "price": "425",
        "price_per_unit": "850",
        "price_unit": "KG"
      }
    ]
  },
  {
    "source_url": "https://www.woolworths.com.au/shop/productdetails/839561/spring-gully-white-cocktail-pickled-onions",
    "name": "Spring Gully White Cocktail Pickled Onions 150g",
    "image_url": "https://cdn1.woolworths.media/content/wowproductimages/large/839561.jpg",
    "source_id": "Woolworths - 839561",
    "barcode": "9300733003318",
    "shop": "Woolworths",
    "weight": "1KG",
    "prices": [
      {
        "state": "SA",
        "price": "275",
        "price_per_unit": "1833",
        "price_unit": "KG"
      },
      {
        "state": "NT",
        "price": "240",
        "price_per_unit": "1600",
        "price_unit": "KG"
      }
    ]
  }
]